2223 3003
387 187 435 227 '28
670 181 772 224 DE
830 178 1476 223 DIVINATIONE

384 283 650 322 conscendistis
667 301 679 327 3
710 291 748 319 et
767 283 881 319 nostu
900 280 945 318 ad
965 280 1153 333 oppidum
1174 280 1427 332 respicientes,
1458 278 1652 333 flagrantes
1671 293 1766 320 one-

386 349 509 394 rarias,
541 360 633 399 quas
668 345 911 383 incenderant
943 344 1102 386 milites,
1140 343 1232 394 quia
1263 343 1367 394 sequi
1398 344 1611 388 noluerant,
1657 345 1766 383 vide-

386 413 496 451 batis.
558 411 765 454 Postremo,
804 422 825 445 a
855 407 1009 446 Rhodia
1038 405 1148 445 claffe
1177 407 1324 452 deserti,
1357 420 1490 446 verum
1508 417 1634 447 vatem
1658 408 1768 447 fuiffe

384 477 552 516 sensistis.

438 538 609 591 Exposui
630 549 748 590 quarn
778 536 991 575 brevissime
1021 537 1144 589 potui,
1180 536 1333 582 somnii,
1365 546 1403 574 et
1433 536 1572 576 furoris
1601 537 1766 583 oracula,

383 618 468 657 quae
490 615 612 642 carere
630 612 709 641 arte
735 602 921 641 dixeram.
979 602 1158 653 Qorum
1187 603 1390 641 amborum
1409 615 1595 656 generum
1614 617 1689 642 una
1708 617 1767 641 ra-

382 669 440 707 tio
458 668 523 714 est,
553 680 628 721 qua
647 668 850 721 Cratippus
870 668 995 706 noster
1024 668 1080 706 uti
1101 667 1192 706 solet
1207 686 1219 713 ς
1251 668 1399 706 animos
1433 667 1641 707 hominum
1671 681 1767 721 qua-

383 733 472 773 dam
491 747 539 773 ex
569 743 674 787 parte
702 733 930 771 extrinsecus
950 733 1020 772 effe
1041 735 1174 772 tractos
1193 742 1231 771 et
1251 732 1414 772 haustos.
1460 734 1522 772 Ex
1552 747 1631 786 quo
1651 734 1766 772 intel-

383 798 531 852 ligitur,
562 798 634 837 effe
660 809 764 836 extra
793 799 970 836 divinum
999 799 1189 843 animum,
1218 796 1412 837 humanus
1443 799 1544 837 unde
1574 799 1766 837 ducatur:

381 863 545 904 humani
576 871 707 903 autem
736 865 855 903 animi
887 877 971 903 eam
991 872 1152 918 partem,
1186 876 1272 918 quae
1302 865 1463 910 sensum,
1495 876 1580 917 quae
1598 874 1768 910 motum,

378 939 469 982 quae
504 931 721 983 appetitum
761 928 911 975 habeat,
950 940 1029 968 n‘on
1060 930 1130 968 esse
1167 931 1215 969 ab
1243 931 1390 969 actione
1418 931 1587 984 corporis
1620 930 1767 983 sejuga-

382 1004 462 1033 tam
478 1014 490 1041 ς
522 1009 606 1048 quae
624 1004 753 1033 autem
771 1009 855 1048 pars
875 996 995 1034 animi
1015 996 1169 1034 rationis
1189 1005 1302 1047 atque
1330 996 1593 1048 intelligentiae
1612 996 1656 1034 fit
1679 1008 1768 1049 par-

383 1060 518 1113 ticeps,
548 1071 633 1099 eam
663 1069 749 1099 tum
776 1061 946 1099 maxime
975 1061 1115 1113 vigere,
1151 1073 1243 1099 cum
1265 1060 1481 1114 plurimum
1511 1061 1604 1100 abfit
1632 1075 1653 1099 a
1681 1074 1768 1101 cor-

382 1140 486 1179 pore.

437 1193 585 1245 Itaque,
618 1192 797 1245 expolitis
829 1192 1016 1245 exemplis
1041 1200 1216 1231 verarum
1245 1192 1562 1232 vaticinationum
1594 1201 1635 1232 et
1664 1193 1769 1232 {bm-

383 1257 551 1302 niorum,
582 1258 788 1310 Cratippus
822 1257 914 1296 solet
943 1258 1128 1297 rationem
1158 1259 1387 1297 concludere
1404 1258 1480 1297 hoc
1498 1259 1632 1298 modo.
1681 1267 1708 1283 “
1730 1260 1768 1298 Si

384 1330 412 1347 “
432 1323 507 1361 fine
537 1323 658 1362 oculis
692 1337 769 1362 non
789 1323 910 1376 potest
942 1328 1068 1362 extare
1099 1325 1272 1363 officium
1304 1333 1342 1363 et
1365 1336 1508 1363 munus
1535 1325 1736 1363 oculorum
1752 1343 1767 1370 3

383 1395 411 1412 “
431 1387 582 1441 possunt
601 1396 730 1426 autem
750 1389 954 1441 aliquando
972 1389 1075 1428 oculi
1095 1403 1173 1428 non
1191 1389 1305 1443 fungi
1325 1390 1390 1429 fuo
1407 1402 1567 1429 munere
1584 1405 1594 1429 ε
1621 1391 1689 1442 qui
1708 1390 1769 1428 vel

384 1460 412 1477 “
432 1453 546 1491 semel
579 1453 630 1491 ita
649 1453 701 1491 est
734 1453 820 1491 usus
841 1454 976 1500 oculis,
1012 1464 1055 1494 ut
1086 1469 1172 1494 vera
1200 1464 1382 1500 cerneret,
1408 1456 1442 1494 >is
1475 1455 1591 1494 habet
1620 1455 1770 1493 sensum

383 1518 633 1556 “oculorum
659 1528 743 1556 vera
773 1520 1030 1558 cernentium.
1076 1522 1177 1559 Item
1211 1522 1342 1573 igitur,
1374 1520 1399 1558 fi
1434 1520 1509 1558 fine
1530 1519 1770 1558 divinatione

382 1589 410 1605 “
426 1595 508 1620 non
529 1582 649 1634 potest
678 1583 852 1621 officium
881 1593 920 1621 et
934 1592 1081 1632 munus
1102 1586 1345 1623 divinationis
1363 1593 1490 1622 extare
1506 1603 1518 1629 5
1550 1585 1671 1637 pote-st
1699 1598 1772 1622 au-

383 1654 511 1683 “tem
542 1646 642 1697 quis,
676 1658 769 1683 cum
799 1647 1073 1686 divinationem
1108 1647 1260 1693 habeat,
1295 1658 1413 1686 errare
1445 1649 1662 1700 aliquando,
1698 1663 1769 1687 nec

382 1719 410 1735 ‘⁴
432 1724 515 1748 vera
544 1724 722 1754 cernere;
754 1711 838 1749 satis
868 1712 921 1749 est
940 1713 985 1750 ad
1011 1714 1313 1751 confirmandam
1334 1713 1622 1757 divinationem,
1654 1714 1768 1751 semel

383 1783 411 1800 “
431 1775 577 1827 aliquid
594 1775 664 1812 esse
691 1775 749 1812 ita
767 1775 996 1821 divinatum,
1033 1786 1074 1814 ut
1096 1776 1193 1815 nihil
1213 1776 1373 1815 fortuito
1392 1777 1564 1816 cecidiffe
1584 1779 1766 1818 videatur.

383 1850 410 1865 ‘⁸
432 1843 527 1879 Sunt
547 1849 674 1878 autem
694 1841 773 1892 ejus
793 1842 939 1893 generis
954 1842 1254 1881 'innumerabilia
1272 1857 1280 1881 ε
1311 1843 1384 1882 esse
1415 1843 1533 1895 igitur
1561 1844 1767 1884 divinatio-

384 1914 411 1930 “
425 1916 521 1944 *nem
534 1905 804 1944 confitendum
823 1906 915 1945 est.''

438 1971 630 2009 XXXIII.
663 1972 760 2022 Qae
789 1985 879 2010 vero
910 1982 975 2010 aut
1006 1973 1221 2026 conjectura
1246 1975 1498 2027 explicantur,
1531 1985 1594 2013 aut
1624 1976 1767 2014 eventis

383 2036 636 2075 animadversa
664 2046 702 2074 et
733 2046 860 2074 notata
880 2037 978 2082 sunt,
1007 2051 1049 2076 ea
1073 2052 1210 2091 genera
1227 2039 1436 2084 divinandi,
1472 2041 1641 2093 utsupra
1672 2041 1767 2086 dixi,

384 2115 460 2141 non
482 2102 676 2146 naturalia,
709 2101 768 2139 scd
788 2102 1000 2148 artificiosa,
1035 2104 1244 2149 dicuntum
1283 2106 1320 2143 in
1341 2119 1418 2158 quo
1438 2105 1667 2159 haruspices,
1698 2119 1768 2144 au-

383 2182 508 2220 gures,
530 2168 835 2220 conjectoresque
857 2178 1117 2209 numerantur.
1141 2172 1237 2209 Haec
1259 2172 1523 2225 improbantur
1542 2186 1562 2210 a
1578 2173 1768 2225 PerIpate-

382 2234 496 2278 ticis;
528 2247 547 2271 a
568 2234 702 2271 Stoicis
723 2233 991 2273 defenduntur.
1030 2236 1211 2287 Qorum
1230 2237 1303 2275 alia
1325 2237 1408 2276 sunt
1429 2240 1544 2291 polita
1566 2239 1603 2276 in
1625 2251 1768 2277 monu-

384 2300 524 2337 mentis
544 2309 582 2337 et
602 2299 822 2351 disciplina;
855 2301 958 2352 quod
979 2302 1229 2341 Etruscorum
1249 2303 1438 2342 declarant
1464 2314 1501 2342 et
1522 2304 1768 2357 haruspicini,

382 2374 420 2402 et
441 2364 660 2416 fulgurales,
680 2374 717 2401 et
739 2365 890 2403 rituales
911 2365 1013 2410 libri,
1036 2367 1149 2405 nostri
1168 2369 1284 2406 etiam
1304 2369 1498 2421 augurales
1518 2385 1525 2407 :
1548 2370 1619 2407 alia
1639 2380 1768 2408 autem

384 2430 509 2469 subito
539 2443 583 2469 cx
615 2440 785 2483 tempore
818 2432 1034 2483 conjeftura
1067 2434 1319 2486 explicantur,
1349 2444 1391 2472 ut
1421 2436 1519 2488 apud
1548 2437 1768 2474 Homerum

385 2494 560 2540 Calchas,
583 2496 650 2548 qui
670 2509 716 2536 ex
744 2496 930 2550 passerum
950 2510 1110 2538 numero
1131 2499 1221 2539 belli
1241 2501 1401 2552 Trojani
1428 2515 1544 2541 annos
1566 2511 1767 2554 auguratus
