2223 3003
451 204 530 245 230
851 194 956 232 DE
1025 191 1453 231 OFFICIIS

450 307 576 342 motu,
592 305 655 334 aut
675 293 855 332 vetustate
875 291 1106 335 cecidissent,
1129 290 1196 329 nifi
1216 289 1440 328 communis
1458 289 1537 327 vita
1555 289 1602 328 ab
1621 288 1848 330 hominibus

450 362 589 402 harum
609 374 735 399 rerum
755 358 897 396 auxilia
928 366 1057 410 petere
1091 355 1307 394 didicisset?
1349 355 1460 394 Adde
1486 355 1622 394 ductus
1649 368 1846 407 aquarum,

450 429 699 467 derivationes
730 425 955 469 fluminum,
999 437 1178 476 agrorum
1209 422 1462 476 irrIgationes,
1505 422 1627 460 moles
1658 421 1849 475 oppositas

448 497 644 539 fluetibus,
674 502 806 546 portus
837 505 954 530 manu
974 489 1122 535 fact083
1153 504 1238 543 quae
1269 490 1370 528 unde
1401 489 1476 527 fine
1495 487 1706 528 hominum
1737 501 1852 541 opera

448 562 587 599 habere
617 559 839 613 possemus?
877 571 924 596 ex
958 557 1115 609 quibus,
1146 555 1356 608 multisque
1389 555 1472 594 aliis
1503 554 1749 608 perspicuum
1782 553 1849 598 est,

448 627 516 679 qui
538 626 699 670 fruetus,
732 637 893 677 quaeque
912 623 1094 662 utilitates
1125 635 1172 661 ex
1203 622 1314 660 rebus
1347 622 1408 666 iis,
1439 635 1523 673 quae
1544 621 1630 659 sunt
1654 619 1849 663 inanimae,

449 693 721 746 percipiantur,
753 705 812 729 eas
844 704 912 729 nos
943 690 1054 728 nullo
1084 689 1206 727 modo
1237 689 1313 726 fine
1343 687 1553 726 hominum
1587 700 1704 725 manu
1737 695 1852 738 atque

448 773 561 812 opera
581 771 714 811 capere
732 755 907 810 potuisse.
952 755 1036 806 Qi
1052 755 1222 806 denique
1251 767 1299 792 ex
1330 754 1458 792 bestiis
1478 753 1639 797 fruetus,
1670 761 1735 790 aut
1765 764 1850 803 quae

448 825 720 869 commoditas,
752 823 820 861 nisi
852 821 1031 860 homines
1065 821 1300 872 adjuvarent,
1331 820 1476 873 percipi
1507 819 1651 873 poss‘et?
1684 831 1774 856 nam
1797 826 1849 862 et,

448 893 516 944 qui
538 891 729 945 principes
758 887 978 926 inveniendi
998 885 1169 931 fuerunt,
1200 899 1319 938 quern
1347 900 1394 924 ex
1420 899 1572 938 quaque
1592 885 1720 924 bellua
1739 883 1851 922 usum

448 958 588 997 habere
608 956 813 1009 possemus,
843 952 1023 991 homines
1055 962 1157 991 certe
1176 951 1333 990 fuerunt
1346 970 1358 996 ;
1390 965 1460 989 nec
1485 950 1562 990 hoc
1583 961 1754 1004 tempore
1775 950 1851 988 fine

448 1024 657 1062 hominum
677 1033 791 1074 opera
810 1029 875 1058 aut
894 1018 1042 1072 pascere
1062 1031 1137 1063 eas,
1168 1027 1234 1056 aut
1253 1018 1420 1063 domare,
1443 1026 1508 1056 aut
1528 1018 1640 1062 tueri,
1663 1026 1728 1055 aut
1748 1025 1851 1055 tem-

448 1090 608 1144 pestivos
629 1087 776 1126 fruetus
796 1100 843 1124 ex
862 1084 924 1124 his
939 1098 1071 1139 capere
1090 1084 1282 1138 possemus
1298 1099 1308 1122 ε
1331 1084 1377 1122 ab
1393 1083 1614 1137 eisdemque
1631 1092 1670 1121 et
1688 1096 1752 1129 eae,
1767 1095 1852 1135 quae

447 1165 605 1201 nocent,
637 1153 922 1193 interficiuntur
937 1171 949 1198 3
981 1161 1033 1197 et,
1055 1165 1139 1205 quae
1160 1151 1242 1189 usui
1262 1150 1414 1204 possunt
1433 1151 1518 1196 effe,
1549 1152 1768 1204 capiuntur.

505 1221 614 1273 Qid
662 1232 885 1258 enumerem
929 1218 1072 1256 artium
1109 1217 1426 1262 multitudinem,
1480 1217 1556 1255 fine
1594 1218 1737 1270 quibus
1774 1218 1853 1257 vita

448 1289 611 1328 omnino
645 1286 752 1325 nulla
770 1285 841 1323 effe
872 1283 1080 1338 potuisset?
1113 1284 1212 1335 Qis
1243 1283 1348 1321 enim
1378 1283 1486 1336 aegris
1507 1283 1736 1329 subveniret,
1768 1298 1853 1337 quse

449 1355 537 1395 effet
557 1352 761 1393 oblectatio
781 1351 1008 1394 valentium,
1038 1349 1106 1402 qui
1126 1350 1262 1394 vidtus,
1293 1358 1357 1387 aut
1377 1349 1519 1395 cultus,
1550 1349 1618 1388 nifi
1647 1358 1726 1388 tam
1747 1350 1854 1388 mul-

448 1432 497 1461 ta:
528 1420 642 1459 nobis
674 1427 768 1456 artes
803 1416 1090 1455 ministrarent?
1138 1416 1294 1467 Qibus
1322 1416 1433 1454 rebus
1459 1415 1613 1455 exculta
1643 1415 1853 1456 hominum

449 1488 528 1527 vita
559 1496 710 1525 tantum
741 1483 851 1522 distat
881 1496 901 1520 a
920 1483 1024 1520 victu
1052 1490 1089 1519 et
1109 1482 1217 1519 cultu
1238 1481 1455 1520 bestiarum.
1501 1482 1628 1521 Urbes
1659 1495 1747 1520 vero
1777 1482 1855 1520 fine

449 1553 659 1595 hominum
679 1559 784 1589 coetu
805 1563 881 1588 non
902 1547 1107 1602 potuissent
1129 1561 1198 1586 nec
1218 1546 1410 1592 aedificari,
1432 1560 1501 1586 nec
1521 1546 1754 1601 frequentari
1772 1563 1780 1587 ε
1807 1562 1855 1588 ex

449 1634 528 1674 quo
548 1620 664 1672 leges,
686 1617 886 1668 moresque
906 1615 1130 1660 constituti3
1162 1624 1248 1653 tum
1268 1614 1367 1666 juris
1389 1628 1496 1667 aequa
1522 1614 1740 1669 descriptio,
1768 1629 1854 1654 cer-

448 1698 563 1739 taque
597 1684 751 1723 vivendi
784 1682 998 1736 disciplina.
1049 1683 1154 1734 Qas
1191 1695 1247 1720 res
1279 1689 1317 1719 et
1352 1681 1604 1721 mansuetudo
1633 1682 1854 1722 animorum

447 1753 664 1797 consecuta,
696 1760 735 1788 et
766 1749 994 1788 verecundia
1025 1748 1101 1793 est,
1132 1747 1407 1800 effectumque,
1441 1757 1484 1785 ut
1513 1747 1602 1786 effet
1622 1749 1699 1786 vita
1719 1749 1853 1788 muni-

449 1820 524 1858 tior
539 1837 551 1863 ;
583 1828 696 1870 atque
717 1826 760 1854 ut
779 1815 906 1854 dando
930 1824 969 1853 et
989 1814 1227 1867 accipiendo,
1259 1813 1530 1867 mutandisque
1549 1813 1795 1854 facultatibus
1815 1826 1854 1855 et

450 1883 668 1924 commodis
689 1881 795 1920 nulla
814 1894 853 1918 re
871 1893 1083 1932 egeremus.

506 1950 557 1987 V.
589 1948 799 2000 Longiores
834 1945 908 1984 hoc
943 1946 1030 1984 loco
1060 1944 1205 1990 sumus,
1238 1958 1356 1998 quam
1390 1945 1532 1984 neceffe
1558 1945 1624 1984 est.
1674 1946 1776 1998 Qis
1801 1946 1854 1985 est

450 2016 572 2060 enim,
593 2014 656 2053 cui
676 2027 753 2052 non
774 2011 971 2066 perspicua
991 2011 1062 2050 fint
1088 2011 1167 2056 illa,
1199 2026 1284 2065 quae
1305 2012 1481 2065 pluribus
1502 2012 1625 2050 verbis
1647 2025 1666 2050 a
1686 2013 1855 2052 Panaetio

451 2088 818 2124 commemorantur,
853 2078 1052 2117 neminem
1084 2092 1207 2131 neque
1238 2079 1379 2117 ducem
1410 2078 1517 2123 belli,
1547 2092 1617 2117 nec
1638 2079 1855 2132 principem

450 2149 574 2193 domi,
611 2159 767 2199 magnas
788 2159 843 2184 res
874 2154 912 2183 et
942 2144 1117 2183 salutares
1138 2145 1214 2183 fine
1235 2144 1444 2183 hominum
1477 2145 1608 2183 studiis
1635 2159 1761 2197 gerere
1781 2159 1854 2198 po-

450 2215 589 2256 tuisse?
622 2215 991 2253 Commemorantur
1017 2211 1064 2250 ab
1094 2225 1140 2249 eo
1170 2209 1468 2256 Themistocles,
1501 2212 1681 2257 Pericles,
1713 2214 1852 2262 Cyrus,

450 2281 663 2333 Agesilaus,
708 2277 940 2322 Alexander,
975 2291 1072 2330 quos
1112 2287 1224 2331 negat
1259 2277 1335 2315 fine
1378 2278 1610 2329 adjumentis
1646 2277 1853 2315 hominum

451 2356 573 2385 tantas
596 2359 651 2383 res
672 2344 820 2383 efficere
841 2343 1018 2398 potuisse.
1079 2343 1215 2383 Utitur
1235 2343 1275 2381 in
1296 2356 1334 2382 re
1355 2357 1431 2382 non
1451 2343 1569 2382 dubia
1590 2343 1745 2382 testibus
1776 2357 1852 2381 non

451 2411 678 2452 necessariis.

507 2480 638 2530 Atque
667 2486 707 2515 ut
739 2490 893 2530 magnas
926 2477 1110 2516 utilitates
1144 2475 1392 2530 adipiscimur
1417 2476 1693 2529 conspiratione
1721 2475 1853 2514 homi-

448 2558 547 2586 num
569 2554 681 2598 atque
702 2543 909 2591 consensu,
942 2545 990 2584 fic
1021 2544 1128 2584 nulla
1159 2553 1237 2585 tam
1268 2543 1498 2584 detestabilis
1529 2543 1640 2597 pestis
1672 2541 1738 2589 est,
1770 2555 1854 2595 quae
