2223 3003
626 212 904 252 LIBER
961 210 1460 253 SECUNDUS.
1673 228 1748 271 155

388 309 524 350 XXII.
541 310 630 362 Jam
648 318 750 348 tanta
768 309 904 363 religio
922 309 975 348 est
989 309 1266 363 sepulcrorum,
1283 320 1327 349 ut
1341 319 1467 350 extera
1479 311 1578 350 sacra
1592 322 1630 351 et
1649 328 1745 367 gen-

347 385 431 417 tem
450 375 584 415 inferri
602 375 658 415 fas
678 385 818 429 negent
836 376 906 414 effe
918 394 930 420 ς
962 376 1078 428 idque
1098 376 1199 428 apud
1219 378 1381 429 majores
1410 378 1553 418 nostros
1574 383 1625 419 A.
1640 381 1745 420 Tor-

349 452 487 497 quatus
507 443 547 481 in
567 452 680 496 gente
701 442 848 495 Popilia
861 441 1064 493 judicavit.
1087 442 1176 481 Nec
1192 456 1282 482 vero
1302 453 1381 482 tam
1401 444 1605 492 denicales,
1625 461 1710 500 quae
1727 462 1747 486 a

348 522 442 548 nece
461 509 656 563 appellatae
675 508 775 553 sunt,
790 507 880 559 quia
894 505 1102 544 refidentur
1116 508 1276 553 mortui,
1293 523 1410 561 quam
1427 520 1652 551 caeterorum
1671 527 1747 551 cae-

350 575 502 614 lestium
523 575 646 629 quieti
664 574 757 618 dies,
775 573 893 625 ftriae
918 572 1220 617 nominarentur,
1243 574 1312 611 nisi
1332 578 1493 627 majores
1513 591 1592 623 eos,
1614 580 1680 632 qui
1700 594 1749 618 ex

349 639 422 679 hac
444 641 520 678 vita
539 637 771 691 migraffent,
789 638 829 675 in
844 638 1020 676 Deorum
1037 651 1200 676 numero
1219 637 1289 676 effe
1303 640 1517 679 voluiffent.
1537 644 1611 682 Eas
1627 645 1668 683 in
1683 659 1747 684 eos

349 706 429 744 dies
448 703 620 743 conferre
633 705 713 756 jus,
735 704 876 756 quibus
898 716 1021 756 neque
1040 703 1170 756 ipsius,
1197 718 1321 757 neque
1341 705 1507 758 publicae
1526 707 1629 746 feriae
1649 710 1744 750 slnt:

346 779 504 824 totaque
533 769 649 823 hujus
674 770 773 822 juris
804 769 1034 822 compofitio
1053 769 1285 823 pontificalis
1316 785 1499 825 magnam
1520 774 1747 826 religionem

346 836 694 888 caeremoniamque
714 835 894 874 declarat.
922 836 1063 888 Neque
1083 835 1227 874 neceffe
1243 836 1295 874 est
1309 837 1455 876 edifferi
1475 852 1495 876 a
1514 839 1641 884 nobis,
1663 854 1747 893 qua·-

348 901 435 940 finis
455 901 611 941 funestae
625 901 808 948 familiae;
831 902 936 955 quod
955 915 1075 955 genus
1101 902 1276 941 sacrificii
1305 904 1401 942 Lare
1416 905 1635 944 vervecibus
1655 906 1746 953 fiat;

346 968 678 1020 quemadmodum
698 981 740 1006 os
775 968 961 1020 rejeftum
988 977 1094 1007 terrae
1122 969 1323 1022 obtegatur
1338 987 1351 1014 ;
1382 983 1544 1023 quaeque
1563 971 1604 1009 in
1634 985 1749 1024 porca

346 1036 542 1072 contrasta
565 1035 652 1087 jura
671 1033 771 1081 fint5
801 1047 881 1088 quo
902 1041 1075 1088 tempore
1093 1035 1254 1088 incipiat
1274 1035 1492 1089 sepulcrum
1511 1037 1596 1082 effe,
1628 1046 1666 1076 et
1686 1051 1747 1077 re-

348 1099 493 1153 ligione
512 1109 697 1139 teneatur.

403 1169 459 1204 At
478 1165 578 1205 mihi
597 1166 756 1220 quidem
771 1166 1080 1219 antiquiffimum
1096 1167 1296 1220 sepulturae
1315 1182 1436 1221 genus
1456 1168 1496 1207 id
1514 1168 1624 1208 fuiffe
1639 1169 1747 1209 vide-

346 1240 424 1276 tur,
445 1246 524 1285 quo
543 1233 645 1285 apud
666 1231 967 1285 Xenophontem
988 1234 1112 1284 Cyrus
1134 1234 1269 1272 utitur.
1300 1234 1493 1272 Redditur
1512 1235 1619 1273 enim
1643 1245 1749 1275 terrae

344 1311 501 1352 corpus,
530 1308 569 1338 et
588 1299 642 1337 ita
660 1298 832 1337 locatum
851 1312 893 1337 ac
914 1299 1046 1344 fitum,
1077 1299 1181 1352 quasi
1201 1300 1442 1353 operimento
1467 1301 1599 1339 matris
1619 1301 1748 1340 obdu-

347 1364 463 1403 citur.
506 1365 735 1418 Eodemque
764 1364 842 1403 ritu
871 1364 913 1402 in
945 1378 991 1403 eo
1023 1364 1212 1418 sepulcro,
1242 1366 1348 1418 quod
1366 1367 1502 1419 procul
1530 1367 1577 1405 ad
1612 1367 1749 1407 Font1s

347 1441 443 1475 aras,
464 1444 593 1484 regem
613 1430 786 1469 nostrum
812 1431 990 1469 Numam
1009 1431 1214 1470 conditum
1233 1432 1453 1485 accepimus
1465 1450 1478 1477 3
1513 1441 1751 1486 gentemque

349 1496 574 1534 Corneliam
588 1497 707 1548 usque
721 1497 768 1535 ad
784 1497 1014 1536 memoriam
1033 1498 1201 1537 nostram
1218 1497 1292 1537 hac
1311 1499 1503 1553 sepultura
1521 1500 1662 1539 scimus
1677 1500 1751 1539 effe

351 1561 470 1601 usam.
511 1563 559 1601 C.
578 1562 698 1601 Marii
718 1562 801 1601 fitas
818 1563 997 1616 reliquias
1013 1564 1115 1618 apud
1129 1565 1324 1604 Anienem
1344 1566 1628 1619 diffiparijuffit
1647 1567 1750 1618 Sylla

350 1627 486 1672 vietor,
527 1627 718 1665 acerbiore
750 1628 840 1666 odio
871 1628 1067 1673 incitatus,
1111 1641 1228 1681 quam
1262 1631 1290 1667 fi
1320 1639 1400 1667 tam
1429 1631 1574 1682 sapiens
1605 1630 1750 1678 fuisset,

348 1707 470 1746 quam
486 1692 564 1731 fuit
579 1691 801 1732 vehemens.
829 1693 948 1744 Qod
962 1692 1066 1732 haud
1081 1694 1159 1733 scio
1178 1707 1224 1733 an
1237 1694 1377 1733 timens
1395 1695 1462 1734 suo
1476 1697 1627 1749 corpori
1646 1696 1750 1749 poss‘e

347 1758 533 1804 accidere,
550 1759 698 1811 primus
714 1772 735 1796 e
753 1759 923 1811 patriciis
941 1759 1132 1799 Corneliis
1151 1761 1234 1812 igni
1253 1761 1378 1799 voluit
1396 1761 1571 1801 cremari.
1604 1762 1750 1800 Decla-

349 1832 407 1862 rat
426 1823 532 1862 enim
551 1823 702 1862 Ennius
723 1823 769 1861 de
784 1821 984 1869 Africano,
997 1825 1075 1864 Hic
1092 1824 1137 1877 est
1154 1825 1210 1863 ille
1213 1825 1326 1876 sttus.
1349 1826 1449 1863 Vere
1466 1840 1475 1864 :
1498 1840 1588 1864 nam
1606 1826 1668 1865 siti
1685 1827 1750 1866 di-

346 1898 491 1927 cuntur
519 1889 563 1932 ii.
593 1888 662 1940 qui
694 1889 842 1926 conditi
862 1889 975 1927 sunt:
1006 1901 1078 1926 nec
1104 1898 1232 1927 tamen
1257 1902 1393 1928 eorum
1422 1888 1511 1929 ante
1530 1890 1751 1944 sepulcrum

345 1955 414 2000 est,
431 1967 548 2007 quam
561 1954 663 2006 justa
678 1952 788 1999 faeta,
805 1962 843 1992 et
855 1967 993 2008 corpus
1008 1954 1210 1994 incensum
1229 1955 1295 1994 est.
1317 1956 1371 1995 Et
1386 1956 1492 2008 quod
1510 1969 1615 1996 nunc
1634 1970 1748 1997 com-

349 2021 520 2059 muniter
543 2021 585 2059 in
604 2020 788 2059 omnibus
807 2019 964 2074 sepultis
991 2021 1159 2074 penitus,
1189 2019 1342 2060 humati
1371 2022 1554 2062 dicuntur
1568 2041 1581 2070 5
1612 2023 1653 2062 id
1671 2033 1751 2064 erat

348 2087 551 2140 proprium
580 2096 667 2126 tum
701 2087 741 2125 in
763 2087 823 2132 iis,
854 2101 951 2139 quos
971 2086 1115 2126 humus
1146 2087 1284 2139 injecta
1303 2097 1546 2141 contegeret:
1579 2102 1751 2144 eumque

347 2165 500 2191 morem
513 2152 578 2205 jus
597 2152 817 2205 pontificale
836 2152 1054 2191 confirmat.
1086 2152 1194 2191 Nam
1213 2152 1436 2205 priusquam
1462 2154 1503 2192 in
1529 2167 1592 2194 eos
1612 2155 1751 2208 injecta

346 2218 460 2271 gleba
478 2218 544 2263 est,
574 2219 682 2257 locus
704 2218 784 2262 ille,
815 2218 883 2256 ubi
902 2227 1117 2256 crematum
1145 2217 1199 2256 est
1224 2232 1378 2272 corpus,
1399 2219 1499 2259 nihil
1520 2219 1637 2260 habet
1657 2222 1749 2260 reli-

346 2285 489 2338 gionis.
514 2285 658 2337 Injedtfi
676 2285 802 2337 glebii,
825 2293 909 2321 tum
927 2293 966 2321 et
986 2285 1066 2322 illic
1086 2283 1269 2324 humatus
1290 2285 1356 2331 est,
1377 2294 1415 2326 et
1435 2287 1547 2340 gleba
1565 2298 1723 2327 vocatur
1736 2303 1748 2327 ε

348 2362 393 2389 ac
412 2360 499 2390 tum
518 2351 684 2404 denique
704 2350 828 2388 multa
847 2349 1019 2403 religiosa
1038 2351 1126 2402 jura
1144 2351 1429 2405 complectitur.
1475 2353 1611 2406 Itaque
1626 2354 1667 2393 in
1687 2368 1748 2400 eo,

351 2417 422 2467 qui
441 2417 481 2455 in
501 2418 587 2456 navi
606 2427 775 2463 necatus,
807 2417 944 2455 deinde
974 2417 1015 2455 in
1035 2430 1139 2455 mare
1169 2419 1358 2471 projectus
1379 2418 1482 2465 effet,
1513 2420 1680 2459 decrevit
1702 2422 1749 2460 P.

353 2480 529 2528 Mucius,
559 2483 748 2522 familiam
780 2497 931 2537 puram,
961 2483 1066 2536 quod
1099 2496 1141 2521 os
1162 2483 1271 2536 supra
1300 2494 1438 2523 terram
1468 2499 1546 2524 non
1576 2495 1720 2525 extaret
1737 2500 1748 2524 :

350 2559 510 2598 porcam
528 2547 659 2589 heredi
680 2549 751 2589 effe
785 2546 1034 2597 contractam,
1065 2559 1103 2589 et
1136 2548 1327 2590 habendas
1362 2551 1538 2591 triduum
1557 2551 1682 2597 ferias,
1712 2560 1751 2591 et

1357 2618 1393 2654 V
1425 2630 1447 2657 2
