2223 3003
526 239 607 281 334
896 221 1005 260 DE
1074 219 1553 260 AMICITIA.

523 337 642 377 quem
673 321 831 372 diligere
862 322 1076 370 coeperunt,
1107 315 1297 362 fruantur,
1328 325 1367 355 et
1395 317 1569 356 moribus
1586 334 1598 363 ;
1635 316 1786 371 sintque
1818 333 1926 374 pares

521 391 564 428 in
599 399 750 430 amore,
792 393 830 422 et
862 383 1050 435 aequales;
1092 382 1426 436 propensioresque
1459 383 1506 421 ad
1540 383 1638 422 bene
1671 385 1926 432 merendum,

523 466 641 506 quam
673 450 718 488 ad
739 448 1016 502 reposcendum
1033 463 1043 487 z
1074 457 1191 501 atque
1210 447 1292 487 haec
1313 449 1412 487 inter
1431 462 1494 488 eos
1514 449 1560 487 s1t
1578 448 1736 488 honesta
1753 451 1925 490 certatio.

524 520 585 557 Sic
606 526 643 555 et
664 515 847 555 utilitates
863 529 910 554 ex
931 515 1101 554 amicitia
1121 515 1301 554 maximae
1321 516 1542 568 capientur;
1573 525 1613 554 et
1631 517 1704 555 erit
1722 517 1803 569 ejus
1822 525 1928 556 ortus

525 598 545 622 a
566 593 712 629 natura,
748 581 867 636 quam
887 583 934 621 ab
965 582 1246 628 imbecillitate,
1281 591 1319 621 et
1338 583 1502 636 gravior,
1532 591 1571 621 et
1599 583 1750 622 verior:
1782 596 1874 622 nam
1902 584 1930 623 s1

524 650 671 689 utilitas
695 649 884 688 amicitias
918 649 1216 701 conglutinaret,
1247 649 1381 687 eadem
1414 658 1654 688 commutata
1683 649 1926 688 dissolveret:

523 716 600 762 sed,
622 717 712 770 quia
732 725 864 755 natura
886 716 1028 754 mutari
1049 729 1126 754 non
1146 715 1282 768 potest,
1309 715 1454 754 idcirco
1473 728 1568 755 verae
1587 716 1768 755 amicitiae
1787 715 1930 769 sempi-

522 791 640 822 ternae
670 783 770 822 sunt.
818 783 966 820 Ortum
999 782 1160 834 quidem
1179 781 1359 820 amicitiae
1378 782 1530 829 videtis,
1565 782 1635 821 nifi
1656 782 1751 835 quid
1770 781 1816 820 ad
1848 781 1930 820 haec

522 848 624 888 forte
643 849 774 887 vultis.

580 916 613 953 F
620 927 808 952 Anulus.
841 913 908 950 Tu
938 925 1028 950 vero
1058 925 1187 965 perge,
1219 912 1343 951 Laeli:
1375 926 1445 966 pro
1477 912 1553 952 hoc
1573 914 1694 959 enim,
1715 914 1783 966 qui
1804 913 1932 952 minor

522 979 578 1018 est
608 988 713 1024 natu,
746 991 834 1017 meo
861 978 950 1030 jure
983 977 1205 1031 respondeo.
1254 981 1492 1018 ScAEvoLA.
1528 979 1649 1018 Reete
1668 989 1712 1018 tu
1743 979 1928 1032 quidem:

524 1047 782 1099 quamobrem
803 1045 1018 1083 audiamus.

581 1114 634 1152 X.
666 1114 868 1152 LAELius.
891 1111 1037 1150 Audite
1057 1124 1162 1165 ergo,
1181 1112 1325 1165 optimi
1345 1112 1432 1158 viri,
1452 1126 1495 1151 ea
1514 1126 1599 1166 quae
1618 1111 1816 1166 saepiffime
1835 1111 1934 1150 inter

525 1192 592 1218 me
611 1189 650 1217 et
671 1179 891 1232 Scipionem
911 1179 958 1216 de
978 1179 1150 1216 amicitia
1179 1178 1453 1218 differebantur
1470 1194 1479 1218 ι
1511 1193 1734 1232 quanquam
1760 1178 1825 1217 ille
1845 1178 1934 1230 qui-

525 1246 617 1285 dem
637 1245 737 1285 nihil
769 1245 968 1285 difficilius
988 1245 1059 1283 effe
1080 1245 1246 1291 dicebat,
1266 1259 1385 1298 quam
1405 1246 1619 1284 amicitiam
1639 1245 1758 1298 usque
1788 1246 1834 1282 ad
1864 1257 1934 1282 ex-

526 1321 700 1351 tremum
720 1312 808 1350 vitae
826 1324 1061 1364 permanere.
1094 1311 1215 1356 Nam,
1243 1311 1301 1350 vel
1322 1321 1366 1350 ut
1386 1325 1463 1350 non
1496 1312 1601 1351 idem
1620 1311 1818 1365 expediret
1838 1310 1935 1349 utri-

524 1392 619 1431 que,
650 1378 819 1418 incidere
849 1377 944 1430 saepe
959 1396 972 1422 5
1003 1377 1063 1415 vel
1098 1387 1141 1415 ut
1174 1378 1222 1416 de
1254 1377 1451 1431 republica
1481 1392 1559 1417 non
1590 1377 1695 1416 idem
1726 1376 1934 1416 sentirent:

529 1446 671 1483 mutari
691 1445 807 1482 etiam
829 1457 955 1482 mores
976 1443 1187 1482 hominum
1206 1443 1299 1497 saepe
1318 1445 1483 1489 dicebat,
1512 1444 1602 1483 alias
1627 1444 1788 1483 adverfis
1809 1444 1937 1486 rebus,

527 1510 620 1548 alias
641 1520 747 1548 aetate
768 1509 1072 1562 ingravescente:
1095 1519 1210 1562 atque
1226 1523 1357 1548 earum
1374 1523 1502 1548 rerum
1520 1510 1748 1563 exemplum
1763 1522 1810 1547 ex
1831 1508 1938 1547 suni-

528 1575 694 1613 litudine
714 1574 888 1627 capiebat
908 1574 1076 1612 ineuntis
1098 1575 1232 1619 aetatis,
1265 1575 1370 1626 quod
1388 1575 1533 1614 summi
1562 1588 1772 1629 puerorum
1791 1585 1939 1614 amores

527 1641 623 1695 saepe
645 1640 720 1680 una
740 1654 832 1679 cum
853 1640 1035 1693 praetexta
1057 1649 1304 1693 ponerentur.

586 1708 653 1747 Sin
686 1717 816 1747 autem
847 1707 893 1745 ad
924 1706 1218 1746 adolescentiam
1237 1706 1496 1760 perduxissent
1511 1725 1524 1753 ς
1555 1706 1688 1746 dirimi
1716 1715 1846 1746 tamen
1877 1707 1940 1746 in-

530 1775 685 1814 terdum
716 1775 980 1819 contentione,
1015 1774 1074 1813 vel
1107 1775 1250 1813 uxoria:
1281 1774 1531 1820 conditionis,
1560 1775 1622 1813 vel
1648 1774 1848 1814 commodi
1868 1774 1940 1812 ali-

529 1843 657 1892 cujus,
689 1841 795 1893 quod
815 1841 920 1879 idem
941 1840 1098 1893 adipisci
1119 1850 1279 1893 uterque
1297 1855 1374 1880 non
1395 1840 1527 1894 poffet.
1564 1841 1685 1893 Qod
1704 1841 1731 1879 fi
1759 1841 1827 1893 qui
1853 1840 1941 1879 lon·-

532 1908 619 1960 gius
648 1907 689 1944 in
723 1907 893 1944 amicitia
926 1907 1094 1958 provecti
1126 1907 1257 1951 effent,
1297 1916 1426 1946 tamen
1458 1907 1550 1960 saepe
1581 1906 1810 1950 labefactari,
1841 1907 1867 1944 si
1901 1906 1942 1944 in

533 1973 691 2012 honoris
725 1971 1018 2011 contentionem
1059 1971 1302 2010 incidissent:
1346 1972 1490 2025 pestem
1522 1973 1628 2010 enirn
1657 1972 1842 2024 majorem
1874 1971 1944 2010 effe

533 2039 684 2079 nullam
715 2039 755 2077 in
787 2039 984 2083 amicitiis,
1015 2052 1135 2091 quam
1169 2040 1208 2076 in
1239 2039 1428 2092 plerisque
1462 2039 1634 2092 pecunia:
1661 2038 1942 2091 cupiditatem:

532 2107 574 2145 in
603 2105 765 2158 optimis
791 2104 1009 2157 quibusque
1036 2103 1192 2143 honoris
1219 2115 1430 2150 certamen,
1451 2115 1489 2143 et
1509 2105 1668 2158 gloriae;
1700 2117 1747 2142 cx
1767 2118 1846 2157 quo
1867 2103 1943 2142 ini-

535 2172 704 2211 micitias
725 2171 911 2209 maximas
934 2170 1027 2223 sa‘pe
1058 2171 1159 2208 inter
1178 2171 1425 2209 amiciffimos
1445 2171 1623 2209 extitiss‘e.
1665 2171 1811 2224 Magna
1827 2170 1944 2208 etiam

535 2239 697 2283 diffidia,
729 2248 767 2276 et
787 2238 1017 2290 plerumque
1043 2237 1143 2289 justa
1164 2237 1278 2283 nasci,
1310 2252 1402 2277 cum
1424 2238 1570 2291 aliquid
1592 2238 1638 2277 ab
1659 2238 1808 2282 amicis,
1841 2236 1944 2289 quod

536 2308 685 2344 rcc‘tum
708 2319 783 2342 non
805 2304 908 2349 cfl‘ct,
930 2304 1182 2357 postularetur
1201 2324 1210 2349 ς
1245 2314 1287 2343 ut
1307 2314 1371 2343 aut
1393 2305 1566 2343 libidinis
1586 2303 1765 2348 ministri,
1794 2314 1859 2341 aut
1879 2304 1945 2341 ad-

526 2373 678 2426 jutores
699 2370 815 2408 effe-nt
846 2370 891 2408 ad
924 2371 1118 2422 injuriam.
1152 2370 1269 2422 Qod
1301 2371 1369 2423 qui
1402 2369 1627 2414 recusarent,
1663 2370 1840 2421 quamvis
1872 2368 1945 2408 ho-

542 2437 641 2476 neste
672 2437 711 2474 id
744 2436 925 2481 facerent,
953 2438 1016 2489 jus
1051 2447 1177 2475 tamen
1213 2437 1393 2475 amicitia:
1427 2436 1591 2474 descrere
1617 2446 1864 2489 arguerentur
1899 2436 1945 2473 ab

537 2506 599 2549 iis,
637 2504 779 2557 quibus
801 2504 958 2556 obsequi
982 2504 1152 2542 nollent:
1193 2504 1279 2542 illos
1306 2514 1450 2548 autem,
1473 2504 1541 2556 qui
1563 2504 1716 2556 quidvis
1738 2503 1784 2540 ab
1819 2503 1945 2541 arnico

537 2570 720 2609 auderent
752 2570 954 2623 postulare,
987 2570 1238 2623 postulatione
1275 2571 1349 2625 ipsa
1379 2569 1566 2624 profiteri,
1598 2569 1729 2608 omnia
1763 2569 1798 2608 sc
1831 2569 1945 2607 amici
