2223 3003
630 283 908 323 LIBER
964 282 1465 323 SECUNDUS.
1674 298 1758 342 255

407 383 539 424 XXV.
576 384 648 424 Sed
682 385 897 424 utilitatum
929 386 1181 439 comparatio,
1214 385 1401 438 quoniam
1436 384 1503 424 hic
1533 385 1641 426 locus
1675 398 1755 428 erat

353 459 510 501 quartus
530 463 550 488 a
570 451 738 489 Panaetio
757 451 1039 503 praetermiss‘us,
1059 451 1154 506 saepe
1173 451 1227 489 est
1241 450 1451 490 necessaria.
1482 451 1588 491 Nam
1608 462 1647 492 et
1665 466 1754 492 cor-

351 516 455 568 poris
475 517 682 555 commoda
711 529 803 554 cum
832 517 1013 561 externis,
1044 526 1084 555 et
1101 526 1257 555 externa
1275 531 1369 555 cum
1401 519 1586 571 corporis,
1617 528 1656 558 et
1675 520 1754 573 ipsa

351 582 453 620 inter
472 583 507 621 se
527 583 710 636 corporis,
730 591 769 620 et
787 590 942 619 externa
957 595 1047 620 cum
1069 583 1236 620 externis
1255 585 1466 636 comparari
1486 585 1619 625 solent.
1648 588 1755 626 Cum

352 650 533 693 externis,
565 648 750 699 corporis,
784 646 861 684 hoc
895 647 1014 686 modo
1046 657 1343 700 comparantur;
1385 650 1524 688 Valere
1552 660 1595 689 ut
1625 652 1753 698 malis,

351 725 470 764 quam
490 712 593 750 dives
613 711 698 749 effe.
731 711 835 749 Cum
856 712 1041 764 corporis,
1072 722 1242 759 externa,
1262 712 1338 751 hoc
1358 714 1476 752 modo
1491 732 1503 759 ς
1535 715 1655 753 Dives
1682 716 1757 755 effe

352 777 498 831 potius,
537 791 655 830 quam
685 777 867 816 maximis
901 778 1071 831 corporis
1097 779 1259 818 viribus.
1301 779 1386 833 Ipsa
1411 779 1510 818 inter
1529 779 1565 817 se
1584 783 1760 833 corporis-

351 845 403 882 fic
416 863 428 890 5
452 853 495 883 ut
514 845 620 882 Bona
638 843 817 882 valetudo
835 843 1026 898 voluptati
1045 854 1313 898 anteponatur,
1327 845 1424 885 vires
1444 846 1646 885 celeritati.
1668 846 1755 885 Ex-

351 919 549 948 ternorum
570 918 715 954 autem,
734 917 777 947 ut
796 910 917 962 gloria
936 909 1096 955 divitiis,
1117 911 1318 964 veffigalia
1337 911 1481 950 urbana
1499 911 1662 950 rusticis.
1691 912 1755 951 Ex

351 989 430 1029 quo
449 989 586 1029 genere
617 976 914 1029 comparationis
944 976 1043 1015 illud
1073 976 1127 1015 est
1157 978 1317 1016 Catonis
1346 977 1443 1016 senis
1459 996 1471 1023 ς
1503 991 1523 1015 a
1553 991 1632 1030 quo
1660 991 1759 1016 cum-

351 1052 595 1095 quaereretur‚
633 1042 728 1095 quid
758 1043 928 1081 maxime
959 1043 999 1081 in
1031 1056 1069 1081 re
1094 1042 1276 1082 familiari
1305 1044 1514 1097 expediret,
1547 1043 1754 1096 respondit,

349 1108 454 1148 Bene
472 1108 637 1162 pascere.
679 1108 788 1160 Qid
808 1108 1049 1147 secundum?
1082 1109 1176 1148 Satis
1197 1110 1295 1148 bene
1325 1109 1488 1163 pascere.
1535 1109 1644 1160 Qid
1675 1118 1754 1148 ter-

351 1175 452 1213 tium
471 1175 483 1212 ?
515 1174 623 1213 Male
641 1173 803 1227 pascere.
836 1174 944 1226 Qid
965 1183 1146 1227 quartum
1165 1175 1178 1211 ?
1208 1177 1341 1214 Arare.
1374 1176 1440 1220 Et,
1462 1188 1554 1213 cum
1574 1174 1652 1219 ille,
1684 1175 1754 1227 qui

351 1241 558 1293 quaesierat,
580 1239 744 1284 dixisset,
770 1240 879 1291 Qid
899 1239 1077 1278 foenerari
1095 1241 1108 1278 ?
1139 1242 1250 1279 Tum
1271 1243 1383 1286 Cato,
1406 1240 1514 1293 Qid
1534 1239 1753 1284 hominem,

348 1307 494 1359 inquit,
514 1305 688 1344 occidere
706 1305 719 1342 ?
751 1306 813 1344 Ex
833 1319 926 1358 quo,
961 1315 1000 1343 et
1020 1306 1155 1344 multis
1175 1306 1274 1351 aliis,
1307 1307 1473 1359 intelligi
1493 1306 1621 1350 debet,
1643 1305 1754 1343 utili-

350 1381 476 1411 tatum
509 1371 813 1425 comparationes
844 1371 928 1410 fieri
961 1371 1092 1417 solere,
1122 1374 1299 1424 reeteque
1327 1371 1404 1411 hoc
1429 1372 1652 1424 adjunCtum
1682 1369 1754 1409 effe

349 1449 534 1492 quartum
553 1439 880 1492 exquirendorum
900 1438 1120 1478 officiorum
1139 1452 1276 1493 genus.

407 1505 480 1543 Sed
499 1514 582 1542 toto
601 1504 676 1543 hoc
697 1505 743 1542 de
770 1518 920 1557 genere,
952 1505 998 1542 de
1019 1507 1233 1557 quaerenda,
1261 1504 1307 1542 de
1326 1504 1550 1543 collocanda
1577 1483 1754 1556 pecunia,

352 1570 468 1608 etiam
489 1570 536 1608 de
557 1569 712 1614 utenda,
743 1570 988 1608 commodius
1019 1584 1039 1608 a
1059 1570 1288 1623 quibusdam
1308 1571 1467 1623 optimis
1489 1570 1578 1607 viris
1599 1569 1644 1606 ad
1666 1581 1753 1606 me-

351 1636 462 1674 dium
476 1637 621 1687 Janum
641 1635 872 1680 sedentibus,
889 1649 1006 1687 quam
1022 1637 1070 1674 ab
1090 1637 1179 1674 ullis
1200 1635 1439 1688 philosophis
1457 1635 1535 1673 ulla
1554 1634 1594 1672 in
1612 1633 1752 1679 schola,

351 1703 578 1755 disputatur.
611 1705 707 1742 Sunt
728 1711 855 1740 tamen
875 1715 917 1740 ea
942 1701 1229 1755 cognoscenda:
1261 1703 1456 1755 pertinent
1480 1701 1586 1739 enim
1605 1699 1651 1738 ad
1672 1700 1754 1737 uti-

352 1769 517 1814 litatem,
537 1769 583 1807 de
603 1782 678 1822 qua
696 1769 771 1809 hoc
791 1768 892 1809 libro
912 1768 1148 1823 disputatum
1169 1769 1240 1808 est..
1277 1768 1445 1821 Reliqua
1468 1767 1643 1819 deinceps
1663 1778 1755 1819 per-

352 1835 570 1887 sequemur.
