2223 3003
713 280 990 320 LIBER
1048 281 1409 321 Pnimus.
1688 297 1762 337 ¹93

365 379 584 424 amabilius,
607 391 676 417 nec
697 380 927 432 copulatius,
945 393 1062 433 quam
1082 394 1237 419 morum
1254 380 1464 419 fimilitudo
1480 380 1685 420 bonorum.
1719 382 1765 420 In

367 448 509 499 quibus
527 447 633 485 enim
653 447 784 485 eadem
805 447 926 484 studia
945 447 1044 491 sunt,
1065 447 1285 499 eaedemque
1305 448 1534 493 voluntates,
1556 449 1596 486 in
1623 447 1682 486 his
1703 447 1762 492 fit,

367 522 411 550 ut
430 525 537 565 aeque
557 512 718 565 quisque
737 513 854 549 altero
871 511 1091 556 delectetur,
1108 525 1150 549 ac
1167 513 1284 564 seipso
1297 531 1308 557 ς
1331 513 1572 566 efficiturque
1592 513 1644 558 id,
1660 513 1764 565 quod

367 577 602 631 Pythagoras
633 577 718 615 vult
746 577 787 613 in
807 575 990 620 amicitia,
1022 585 1065 613 ut
1093 589 1191 614 unus
1213 577 1277 614 fiat
1303 591 1349 615 ex
1369 579 1559 629 pluribus.
1619 580 1766 632 Magna

367 645 484 683 etiam
516 645 583 683 illa
612 641 871 681 communitas
898 641 964 686 est,
1006 655 1092 693 quae
1122 641 1327 680 conficitur
1356 657 1404 681 ex
1435 644 1630 683 beneficiis
1663 646 1764 683 ultro

367 710 466 748 citro
485 709 582 747 datis
599 708 790 761 acceptis;
822 721 906 758 quae
926 716 1076 752 mutua,
1108 717 1144 745 et
1164 716 1269 761 grata
1293 709 1387 747 dum
1420 708 1520 754 sunt,
1552 711 1649 749 inter
1669 725 1764 763 quos

368 788 409 813 ea
429 775 530 821 sunt,
551 774 662 813 firma
682 773 740 811 illi
760 772 1032 811 devinciuntur
1052 772 1243 812 societate.

424 840 496 879 Sed
526 853 619 878 cum
648 838 780 877 omnia
810 839 954 876 ratione
985 839 1193 891 animoque
1223 839 1404 885 lustratis,
1434 841 1612 880 omnium
1645 840 1764 880 socie-

368 915 494 945 tatum
522 905 628 944 nulla
654 904 706 942 est
736 905 899 957 gravior,
931 904 1038 942 nulla
1068 905 1203 950 carior,
1233 919 1351 958 quam
1381 920 1436 951 ea,
1468 921 1553 960 quae
1578 919 1670 945 cum
1705 920 1765 945 re-

368 971 524 1025 publica
553 970 606 1009 est
636 970 847 1023 unicuique
877 970 1062 1009 nostrum.
1110 971 1199 1009 Cari
1218 971 1305 1010 sunt
1324 982 1510 1025 parentes,
1537 974 1613 1011 cari
1640 973 1765 1018 liberi,

367 1037 591 1092 propinqui,
622 1035 856 1075 familiares:
888 1036 950 1075 sed
981 1050 1114 1075 omnes
1135 1038 1314 1076 omnium
1345 1038 1516 1077 caritates
1547 1040 1668 1092 patria
1693 1053 1768 1078 una

368 1104 571 1157 complexa
599 1103 652 1141 est
669 1121 680 1148 ;
718 1117 788 1156 pro
818 1117 893 1155 qua
923 1103 1009 1155 quis
1041 1103 1164 1142 bonus
1196 1104 1348 1143 dubitet
1373 1115 1540 1144 mortem
1573 1113 1767 1159 oppetere,

367 1170 395 1208 fi
415 1171 450 1208 ei
470 1171 514 1208 fit
534 1169 787 1223 profuturus?
811 1171 903 1222 Qo
922 1170 973 1208 est
993 1170 1248 1209 detestabilior
1268 1171 1427 1210 istorum
1448 1172 1682 1218 immanitas,
1700 1173 1769 1224 qui

368 1237 580 1278 lacerarunt
599 1236 709 1274 omni
729 1235 864 1274 scelere
882 1236 1061 1289 patriam,
1093 1246 1130 1275 et
1155 1237 1195 1276 in
1215 1250 1257 1275 ea
1276 1236 1450 1276 funditus
1471 1237 1630 1276 delenda
1648 1251 1768 1276 occu-

367 1303 447 1354 pati
467 1311 505 1341 et
524 1302 625 1347 sunt,
646 1310 685 1340 et
703 1300 874 1340 fuerunt.

424 1370 495 1408 Sed
529 1369 555 1408 fi
586 1370 786 1408 contentio
819 1369 996 1422 quaedam
1026 1380 1064 1409 et
1094 1371 1331 1424 comparatio
1365 1371 1443 1417 fiat,
1474 1371 1616 1424 quibus
1644 1369 1769 1423 pluri-

370 1450 483 1475 mum
520 1436 771 1475 tribuendum
805 1436 850 1474 fit
880 1437 1013 1483 officii,
1044 1438 1235 1492 principes
1265 1439 1337 1477 fint
1372 1438 1491 1491 patria
1515 1447 1554 1477 et
1583 1446 1769 1491 parentes,

371 1514 540 1553 quorum
559 1501 756 1539 beneficiis
776 1502 947 1540 maxime
976 1503 1137 1555 obligati
1169 1504 1298 1542 sumus
1311 1522 1323 1549 3
1354 1503 1541 1557 proximi,
1561 1503 1686 1548 liberi,
1708 1511 1770 1540 to-

372 1575 487 1618 taque
508 1566 661 1610 domus,
692 1578 776 1618 quae
796 1566 936 1619 spectat
966 1569 1006 1605 in
1038 1582 1106 1607 nos
1128 1569 1240 1615 solos,
1270 1583 1395 1622 neque
1414 1570 1519 1608 aliud
1539 1569 1665 1607 ullum
1698 1581 1771 1621 po-

372 1632 442 1670 test
461 1630 600 1670 habere
628 1630 851 1684 perfugium
866 1651 879 1677 ς
911 1633 1089 1687 deinceps
1121 1635 1218 1672 bene
1247 1636 1516 1673 convenientes
1547 1633 1769 1688 propinqui,

372 1698 607 1750 quibuscum
642 1698 759 1736 etiam
788 1699 1010 1736 communis
1040 1699 1269 1752 plerumque
1299 1699 1452 1738 fortuna
1490 1700 1556 1738 est.
1616 1701 1771 1753 Qam-

373 1763 507 1801 obrem
538 1763 736 1800 necessaria
764 1763 931 1815 praefidia
960 1764 1046 1802 vitae
1070 1764 1258 1803 debentur
1276 1765 1323 1803 iis
1347 1765 1531 1811 maxime,
1563 1779 1659 1819 quos
1685 1776 1771 1806 ante

372 1828 477 1867 dixi:
519 1829 597 1866 vita
629 1837 772 1874 autem,
817 1829 1013 1882 vietusque
1045 1831 1292 1877 communis,
1336 1832 1514 1877 confilia,
1558 1831 1770 1879 sermones,

372 1893 670 1938 cohortationes,
712 1893 1002 1939 consolationes,
1043 1895 1239 1933 interdum
1270 1895 1388 1933 etiam
1417 1896 1700 1948 objurgationes
1731 1898 1772 1937 in

371 1959 553 1997 amicitiis
574 1960 706 2011 vigent
725 1959 896 1997 maxime
908 1977 920 2004 3
943 1959 1075 2012 estque
1093 1974 1135 1999 ea
1148 1960 1425 2014 jucundiffima
1444 1962 1628 2008 amicitia,
1653 1976 1772 2016 quam

370 2024 583 2063 similitudo
603 2037 760 2062 morum
781 2025 1015 2078 conjugavit.

426 2091 582 2130 XVIII.
615 2091 685 2129 Sed
705 2091 746 2129 in
772 2090 832 2130 his
858 2092 1042 2131 omnibus
1063 2092 1202 2132 officiis
1222 2093 1435 2132 tribuendis
1455 2094 1666 2134 videndum
1685 2097 1771 2142 erit,

373 2156 469 2209 quid
490 2157 630 2209 cuique
651 2157 822 2196 maxime
852 2157 997 2196 necesse
1018 2159 1077 2203 fit,
1107 2169 1145 2198 et
1164 2159 1259 2211 quid
1279 2159 1439 2211 quisque
1469 2160 1528 2198 vel
1554 2160 1631 2200 fine
1660 2162 1772 2201 nobis

373 2232 438 2260 aut
457 2221 569 2275 poffit
589 2222 784 2274 consequi,
815 2232 880 2260 aut
900 2237 978 2261 non
998 2223 1124 2276 poffit.
1170 2225 1228 2262 Ita
1245 2237 1323 2262 non
1343 2224 1461 2263 iidem
1483 2236 1594 2265 erunt
1615 2227 1772 2266 neceffi-

373 2288 556 2327 tudinum
576 2288 728 2340 gradus,
749 2289 818 2341 qui
839 2297 1075 2340 temporum.
1114 2290 1210 2327 Sunt
1229 2290 1404 2342 quaedam
1425 2291 1564 2337 officia,
1587 2306 1671 2345 quae
1690 2293 1773 2333 aliis

375 2354 511 2407 magis,
547 2367 665 2407 quam
696 2354 793 2400 aliis,
831 2354 1040 2393 debeantur
1051 2373 1063 2400 ς
1096 2365 1139 2394 ut
1170 2355 1343 2394 vicinum
1375 2357 1489 2396 citius
1517 2359 1702 2411 adjuveris
1732 2361 1772 2399 in

376 2418 565 2460 fructibus
597 2421 867 2474 percipiendis,
899 2435 1016 2473 quam
1049 2430 1114 2460 aut
1144 2420 1315 2468 fratrem,
1346 2433 1410 2463 aut
1430 2423 1675 2465 familiarem.
1720 2429 1773 2466 At

377 2485 404 2523 fi
423 2485 470 2523 lis
491 2487 530 2523 in
556 2488 707 2538 judicio
736 2488 794 2534 fit,
826 2489 1092 2541 propinquum
1112 2489 1241 2542 potius
1271 2499 1308 2528 et
1329 2490 1514 2537 amicum,
1538 2506 1655 2545 quam
1675 2494 1772 2532 vici·

378 2563 474 2591 num
505 2550 732 2592 defenderis.
775 2555 872 2593 Haec
892 2555 1023 2607 igitur,
1054 2564 1093 2594 et
1123 2554 1227 2601 talia,
1257 2555 1597 2609 circumspicienda
1621 2558 1706 2598 sunt
1735 2559 1774 2597 in

482 2616 521 2655 T
536 2628 559 2654 o
576 2629 626 2656 M.
660 2618 734 2657 111.
1399 2623 1428 2660 B
1451 2622 1475 2661 b
