2223 3003
711 222 990 261 LIBER
1053 219 1414 262 PRIMUS.
1685 239 1756 266 201

356 321 458 366 sunt,
481 320 549 374 qui
569 333 628 359 eas
648 320 872 374 suscipiunt,
892 322 1032 375 partIm
1054 322 1289 375 reipublicae.
1324 323 1501 375 Itemque
1522 322 1585 360 alii
1605 323 1650 360 de
1670 323 1759 368 vita,

356 387 423 424 alii
457 387 503 425 de
533 387 668 440 gloria,
703 397 741 426 et
772 388 1039 426 benevolentia
1071 389 1218 427 civium
1253 389 1293 426 in
1324 388 1527 427 discrimen
1560 397 1758 427 vocantur.

358 453 621 506 Promptiores
652 454 771 506 igitur
801 454 987 492 debemus
1019 454 1089 492 effe
1121 454 1166 492 ad
1187 454 1309 492 nostra
1339 455 1523 507 pericula,
1563 467 1681 506 quam
1715 454 1760 492 ad

357 520 597 564 communia,
619 519 877 571 dimicareque
898 520 1061 571 paratius
1094 519 1139 557 de
1158 519 1304 558 honore
1334 530 1372 558 et
1402 520 1536 573 gloria,
1569 534 1687 573 quam
1715 521 1761 559 de

357 586 501 624 caeteris
522 585 756 624 commodis.

414 652 566 691 Inventi
585 661 714 689 autem
735 651 851 689 multi
872 650 970 696 sunt,
993 652 1062 703 qui
1081 664 1159 689 non
1180 651 1298 689 modo
1317 653 1537 704 pecuniam,
1560 654 1621 691 sed
1642 655 1762 693 vitam

358 718 475 756 etiam
495 716 728 770 profundere
747 731 817 770 pro
837 718 957 770 patria
977 718 1095 770 parati
1116 717 1231 756 effent
1246 736 1257 762 ;
1291 719 1408 756 iidem
1428 719 1558 770 gloriae
1572 720 1761 770 jacturam

358 797 406 821 ne
426 784 633 822 minimam
654 783 813 835 quidem
833 782 955 822 facere
976 784 1132 829 vellent,
1165 798 1212 821 ne
1232 784 1429 837 republica
1449 784 1610 837 quidem
1630 786 1761 837 postu-

358 849 460 888 lante
476 868 488 895 3
521 859 563 888 ut
584 849 860 894 Callicratidas,
894 850 977 902 qui,
1014 863 1106 888 cum
1128 850 1513 889 Lacedaemoniorum
1539 850 1618 889 dux
1638 849 1763 889 fuisset

358 916 678 969 Peloponnesiaco
699 915 814 960 bello,
847 917 1048 969 multaque
1066 915 1211 954 feciffet
1240 918 1404 969 egregie,
1436 917 1549 955 vertit
1569 917 1615 955 ad
1635 926 1761 955 extre-

359 995 471 1020 mum
497 982 642 1026 omnia,
674 980 764 1019 cum
796 982 955 1020 confilio
992 996 1067 1020 non
1100 983 1225 1035 paruit
1256 996 1404 1027 eorum,
1433 984 1502 1035 qui
1533 982 1684 1020 claffem
1715 984 1762 1021 ab

357 1048 572 1101 Arginuffis
607 1048 894 1093 removendam,
936 1062 1007 1086 nec
1041 1063 1133 1087 cum
1166 1048 1462 1087 Atheniensibus
1494 1050 1763 1088 dimicandum

358 1115 560 1167 putabant.
593 1115 748 1166 Qibus
769 1114 834 1152 ille
855 1114 1062 1167 respondit,
1087 1115 1414 1160 Lacedaemonios,
1432 1114 1541 1153 classe
1562 1115 1627 1153 illa
1646 1115 1762 1154 amis-

358 1179 407 1225 sa,
439 1181 554 1219 aliam
584 1194 712 1233 parare
746 1180 846 1233 poss‘e
863 1199 875 1225 ς
908 1181 942 1218 se
962 1180 1094 1233 fugere
1125 1181 1201 1219 fine
1228 1180 1293 1219 suo
1324 1181 1507 1220 dedecore
1538 1195 1614 1220 non
1646 1181 1760 1234 poffe.

358 1249 491 1300 Atque
511 1246 592 1286 haec
612 1245 773 1298 quidem
794 1247 1098 1286 Lacedaemoniis
1116 1248 1225 1301 plaga
1247 1248 1451 1286 mediocris
1471 1247 1572 1292 fuit;
1595 1247 1661 1285 illa
1679 1249 1763 1300 pes-

357 1313 483 1359 tifera‚
516 1327 604 1366 qua,
639 1327 733 1352 cum
755 1313 1047 1359 Cleombrotus,
1084 1314 1269 1352 invidiam
1305 1315 1463 1359 timens,
1496 1323 1638 1353 temere
1671 1327 1764 1353 cum

357 1379 628 1433 Epaminonda
665 1379 892 1418 conflixiffet
908 1410 918 1425 ,
964 1380 1348 1418 Lacedaemoniorum
1393 1394 1484 1434 opes
1522 1389 1762 1420 corruerunt.

359 1447 518 1498 Qanto
539 1447 818 1498 QMaximus
840 1447 980 1485 melius
998 1446 1011 1483 ?
1043 1446 1089 1484 de
1110 1460 1188 1498 quo
1210 1446 1389 1492 Ennius5

497 1514 598 1550 Unus
616 1512 712 1550 homo
731 1512 827 1550 nobis
845 1511 1040 1552 czmHando
1060 1512 1214 1565 restituit
1233 1526 1321 1551 rem.

498 1578 583 1616 Non
596 1577 750 1630 ponebat
769 1578 860 1616 enim
879 1593 1037 1617 rumores
1055 1588 1140 1617 ante
1144 1580 1315 1632 fillutem.

498 1645 599 1697 Ergo
612 1643 765 1697 1²?stquss
796 1644 971 1697 magffque
990 1645 1070 1683 viri
1085 1659 1180 1683 mmc
1194 1645 1312 1696 gloria
1332 1645 1458 1683 claret.

359 1709 478 1761 Qod
499 1722 619 1762 genus
640 1709 821 1762 peccandi
842 1710 1043 1748 vitandum
1064 1709 1115 1748 est
1136 1710 1251 1747 etiam
1273 1710 1313 1747 in
1337 1710 1447 1748 rebus
1463 1709 1632 1748 urbanis.
1668 1711 1765 1748 Sunt

359 1777 480 1821 enim,
503 1776 584 1829 qui,
607 1775 711 1828 quod
734 1776 914 1820 sentiunt,
945 1776 1009 1814 etsi
1029 1776 1228 1828 optimum
1249 1775 1306 1821 fit,
1334 1786 1462 1815 tamen
1482 1775 1636 1814 invidiae
1656 1786 1764 1815 metu

360 1856 438 1881 non
459 1842 598 1880 audent
619 1841 756 1880 dicere.

415 1908 546 1946 XXV.
581 1908 772 1952 Omnino,
798 1908 866 1959 qui
898 1908 1120 1960 reipublicae
1140 1905 1340 1959 praefuturi
1360 1906 1461 1951 sunt,
1494 1906 1572 1944 duo
1594 1907 1764 1945 Platonis

358 1982 546 2028 praecepta
565 1982 731 2011 teneant.
765 1973 916 2017 Unum,
949 1982 992 2011 ut
1013 1973 1220 2011 utilitatem
1241 1973 1390 2011 civium
1419 1972 1467 2011 fic
1500 1982 1690 2018 tueantur,
1722 1982 1766 2012 ut

358 2053 601 2094 quaecunque
616 2049 750 2092 agunt,
768 2040 814 2078 ad
834 2053 917 2078 eam
939 2039 1116 2086 referant,
1134 2040 1249 2079 obliti
1269 2040 1569 2078 commodorum
1587 2040 1764 2086 suorum,

358 2107 538 2151 alterum,
569 2115 612 2144 ut
642 2115 771 2144 totum
802 2119 940 2159 corpus
972 2107 1194 2159 reipublicae
1214 2116 1349 2144 curent
1366 2125 1376 2150 ;
1408 2120 1470 2151 ne,
1503 2107 1597 2144 dum
1617 2115 1765 2159 partem

359 2172 531 2224 aliquam
552 2181 721 2217 tuentur,
753 2173 918 2224 reliquas
939 2172 1122 2210 deserant.
1173 2173 1231 2209 Ut
1250 2171 1355 2209 enim
1389 2172 1522 2216 tutela,
1552 2171 1602 2209 fic
1622 2185 1765 2224 procu-

359 2239 455 2277 ratio
489 2238 710 2290 reipublicae
741 2238 786 2275 ad
820 2239 1029 2276 utilitatem
1060 2251 1210 2282 eorum,
1246 2238 1315 2289 qui
1342 2237 1533 2276 commiffi
1555 2237 1656 2283 sunt,
1687 2252 1765 2276 non

358 2305 406 2343 ad
436 2318 586 2349 eorum,
620 2304 761 2356 quibus
794 2302 994 2342 commissa
1013 2303 1079 2348 est,
1111 2303 1273 2356 gerenda
1293 2303 1358 2342 est.
1406 2305 1488 2355 Qi
1509 2314 1638 2343 autem
1667 2305 1766 2358 parti

361 2371 508 2410 civium
543 2371 764 2415 consulunt,
797 2380 945 2423 partem
980 2370 1196 2423 negligunt,
1229 2384 1309 2408 rem
1337 2371 1690 2424 perniciosissimam
1726 2373 1765 2410 in

359 2436 557 2476 civitatem
579 2438 784 2482 inducunt,
804 2437 1028 2475 seditionem
1050 2446 1164 2489 atque
1184 2437 1435 2483 discordiam;
1459 2451 1504 2476 ex
1525 2452 1604 2491 quo
1624 2439 1764 2483 evenit,

363 2510 406 2538 ut
425 2502 489 2539 alii
510 2504 725 2556 populares,
758 2504 823 2542 alii
842 2503 994 2543 studiosi
1026 2503 1167 2555 optimi
1193 2503 1376 2556 cujusque
1407 2504 1622 2549 videantur,
1656 2505 1765 2558 pauci

358 2568 636 2608 universorum.

449 2635 580 2673 Tou.
615 2635 687 2674 111.
1086 2647 1090 2649 “
1376 2639 1407 2675 C
1434 2650 1455 2675 c
