<?xml version="1.0" encoding="UTF-8"?>
<!DOCTYPE html PUBLIC "-//W3C//DTD XHTML 1.0 Transitional//EN"
    "http://www.w3.org/TR/xhtml1/DTD/xhtml1-transitional.dtd">
<html xmlns="http://www.w3.org/1999/xhtml" xml:lang="en" lang="en">
 <head>
  <title>
</title>
<meta http-equiv="Content-Type" content="text/html;charset=utf-8" />
  <meta name='ocr-system' content='tesseract 3.04.00' />
  <meta name='ocr-capabilities' content='ocr_page ocr_carea ocr_par ocr_line ocrx_word'/>
</head>
<body>
  <div class='ocr_page' id='page_1' title='image "./operacumindicibu03ciceuoft_0101.png"; bbox 0 0 2223 3003; ppageno 0'>
   <div class='ocr_carea' id='block_1_1' title="bbox 636 259 1756 317">
    <p class='ocr_par' dir='ltr' id='par_1_1' title="bbox 636 259 1756 317">
     <span class='ocr_line' id='line_1_1' title="bbox 636 259 1756 317; baseline 0.001 -18"><span class='ocrx_word' id='word_1_1' title='bbox 636 259 913 299; x_wconf 87' lang='lat' dir='ltr'>LIBER</span> <span class='ocrx_word' id='word_1_2' title='bbox 969 259 1467 299; x_wconf 86' lang='lat' dir='ltr'>SECUNDUS.</span> <span class='ocrx_word' id='word_1_3' title='bbox 1703 276 1756 317; x_wconf 77' lang='lat'>95</span> 
     </span>
    </p>
   </div>
   <div class='ocr_carea' id='block_1_2' title="bbox 365 359 1778 2583">
    <p class='ocr_par' dir='ltr' id='par_1_2' title="bbox 365 359 1758 660">
     <span class='ocr_line' id='line_1_2' title="bbox 365 359 1756 415; baseline 0.004 -18"><span class='ocrx_word' id='word_1_4' title='bbox 365 359 406 398; x_wconf 89' lang='lat' dir='ltr'>in</span> <span class='ocrx_word' id='word_1_5' title='bbox 425 359 577 404; x_wconf 88' lang='lat' dir='ltr'>animis,</span> <span class='ocrx_word' id='word_1_6' title='bbox 608 368 646 398; x_wconf 89' lang='lat' dir='ltr'>et</span> <span class='ocrx_word' id='word_1_7' title='bbox 680 359 885 412; x_wconf 81' lang='lat' dir='ltr'>agitantur,</span> <span class='ocrx_word' id='word_1_8' title='bbox 907 359 953 397; x_wconf 89' lang='lat' dir='ltr'>de</span> <span class='ocrx_word' id='word_1_9' title='bbox 986 360 1126 412; x_wconf 88' lang='lat' dir='ltr'>quibus</span> <span class='ocrx_word' id='word_1_10' title='bbox 1156 360 1356 412; x_wconf 84' lang='lat' dir='ltr'>vigilantes</span> <span class='ocrx_word' id='word_1_11' title='bbox 1387 370 1452 399; x_wconf 89' lang='lat' dir='ltr'>aut</span> <span class='ocrx_word' id='word_1_12' title='bbox 1484 361 1756 415; x_wconf 85' lang='lat' dir='ltr'>cogitavimus,</span> 
     </span>
     <span class='ocr_line' id='line_1_3' title="bbox 367 425 1756 479; baseline 0.004 -16"><span class='ocrx_word' id='word_1_13' title='bbox 367 435 432 464; x_wconf 89' lang='lat' dir='ltr'>aut</span> <span class='ocrx_word' id='word_1_14' title='bbox 451 426 625 479; x_wconf 82' lang='lat' dir='ltr'>egimus;</span> <span class='ocrx_word' id='word_1_15' title='bbox 656 435 699 462; x_wconf 92' lang='lat' dir='ltr'>ut</span> <span class='ocrx_word' id='word_1_16' title='bbox 718 425 817 463; x_wconf 91' lang='lat' dir='ltr'>mihi</span> <span class='ocrx_word' id='word_1_17' title='bbox 849 426 1086 477; x_wconf 89' lang='lat' dir='ltr'>temporibus</span> <span class='ocrx_word' id='word_1_18' title='bbox 1107 425 1183 463; x_wconf 87' lang='lat' dir='ltr'>illis</span> <span class='ocrx_word' id='word_1_19' title='bbox 1203 427 1375 464; x_wconf 89' lang='lat' dir='ltr'>multum</span> <span class='ocrx_word' id='word_1_20' title='bbox 1396 427 1436 465; x_wconf 94' lang='lat' dir='ltr'>in</span> <span class='ocrx_word' id='word_1_21' title='bbox 1455 428 1586 466; x_wconf 90' lang='lat' dir='ltr'>animo</span> <span class='ocrx_word' id='word_1_22' title='bbox 1607 429 1756 468; x_wconf 89' lang='lat' dir='ltr'>Marius</span> 
     </span>
     <span class='ocr_line' id='line_1_4' title="bbox 366 490 1758 548; baseline 0.004 -19"><span class='ocrx_word' id='word_1_23' title='bbox 366 491 594 536; x_wconf 87' lang='lat' dir='ltr'>versabatur,</span> <span class='ocrx_word' id='word_1_24' title='bbox 627 490 852 534; x_wconf 87' lang='lat' dir='ltr'>recordanti,</span> <span class='ocrx_word' id='word_1_25' title='bbox 887 503 1004 541; x_wconf 91' lang='lat' dir='ltr'>quam</span> <span class='ocrx_word' id='word_1_26' title='bbox 1038 490 1104 527; x_wconf 92' lang='lat' dir='ltr'>ille</span> <span class='ocrx_word' id='word_1_27' title='bbox 1128 504 1282 541; x_wconf 88' lang='lat' dir='ltr'>gravem</span> <span class='ocrx_word' id='word_1_28' title='bbox 1316 492 1427 530; x_wconf 88' lang='lat' dir='ltr'>suum</span> <span class='ocrx_word' id='word_1_29' title='bbox 1458 494 1586 532; x_wconf 87' lang='lat' dir='ltr'>casum</span> <span class='ocrx_word' id='word_1_30' title='bbox 1616 509 1758 548; x_wconf 90' lang='lat' dir='ltr'>magno</span> 
     </span>
     <span class='ocr_line' id='line_1_5' title="bbox 367 553 1757 608; baseline 0.005 -14"><span class='ocrx_word' id='word_1_31' title='bbox 367 557 512 601; x_wconf 90' lang='lat' dir='ltr'>animo,</span> <span class='ocrx_word' id='word_1_32' title='bbox 533 569 650 608; x_wconf 91' lang='lat' dir='ltr'>quam</span> <span class='ocrx_word' id='word_1_33' title='bbox 669 553 855 593; x_wconf 90' lang='lat' dir='ltr'>constanti</span> <span class='ocrx_word' id='word_1_34' title='bbox 874 553 1029 591; x_wconf 84' lang='lat' dir='ltr'>tuliffet.</span> <span class='ocrx_word' id='word_1_35' title='bbox 1060 554 1176 592; x_wconf 90' lang='lat' dir='ltr'>Hanc</span> <span class='ocrx_word' id='word_1_36' title='bbox 1196 556 1308 592; x_wconf 91' lang='lat' dir='ltr'>credo</span> <span class='ocrx_word' id='word_1_37' title='bbox 1327 558 1476 595; x_wconf 80' lang='lat' dir='ltr'>causam</span> <span class='ocrx_word' id='word_1_38' title='bbox 1500 559 1546 596; x_wconf 91' lang='lat' dir='ltr'>de</span> <span class='ocrx_word' id='word_1_39' title='bbox 1566 560 1634 599; x_wconf 90' lang='lat' dir='ltr'>illo</span> <span class='ocrx_word' id='word_1_40' title='bbox 1654 561 1757 600; x_wconf 90' lang='lat' dir='ltr'>som-</span> 
     </span>
     <span class='ocr_line' id='line_1_6' title="bbox 367 621 638 660; baseline -0.004 -1"><span class='ocrx_word' id='word_1_41' title='bbox 367 622 498 660; x_wconf 89' lang='lat' dir='ltr'>niandi</span> <span class='ocrx_word' id='word_1_42' title='bbox 516 621 638 659; x_wconf 83' lang='lat' dir='ltr'>fuiffe.</span> 
     </span>
    </p>

    <p class='ocr_par' dir='ltr' id='par_1_3' title="bbox 369 685 1773 1987">
     <span class='ocr_line' id='line_1_7' title="bbox 423 685 1760 741; baseline 0.006 -17"><span class='ocrx_word' id='word_1_43' title='bbox 423 686 613 724; x_wconf 91' lang='lat' dir='ltr'>LXVIII.</span> <span class='ocrx_word' id='word_1_44' title='bbox 636 685 732 723; x_wconf 90' lang='lat' dir='ltr'>Tibi</span> <span class='ocrx_word' id='word_1_45' title='bbox 749 693 876 723; x_wconf 87' lang='lat' dir='ltr'>autem</span> <span class='ocrx_word' id='word_1_46' title='bbox 897 685 943 723; x_wconf 90' lang='lat' dir='ltr'>de</span> <span class='ocrx_word' id='word_1_47' title='bbox 963 699 1026 723; x_wconf 91' lang='lat' dir='ltr'>me</span> <span class='ocrx_word' id='word_1_48' title='bbox 1046 699 1137 724; x_wconf 89' lang='lat' dir='ltr'>cum</span> <span class='ocrx_word' id='word_1_49' title='bbox 1154 686 1410 726; x_wconf 88' lang='lat' dir='ltr'>sollicitudine</span> <span class='ocrx_word' id='word_1_50' title='bbox 1430 690 1614 741; x_wconf 85' lang='lat' dir='ltr'>cogitanti</span> <span class='ocrx_word' id='word_1_51' title='bbox 1634 692 1760 732; x_wconf 87' lang='lat' dir='ltr'>subito</span> 
     </span>
     <span class='ocr_line' id='line_1_8' title="bbox 369 751 1762 808; baseline 0.005 -18"><span class='ocrx_word' id='word_1_52' title='bbox 369 752 453 791; x_wconf 89' lang='lat' dir='ltr'>sum</span> <span class='ocrx_word' id='word_1_53' title='bbox 473 753 571 791; x_wconf 87' lang='lat' dir='ltr'>visus</span> <span class='ocrx_word' id='word_1_54' title='bbox 591 752 755 790; x_wconf 90' lang='lat' dir='ltr'>emersus</span> <span class='ocrx_word' id='word_1_55' title='bbox 771 766 791 789; x_wconf 90' lang='lat' dir='ltr'>e</span> <span class='ocrx_word' id='word_1_56' title='bbox 810 751 983 791; x_wconf 85' lang='lat' dir='ltr'>flumine.</span> <span class='ocrx_word' id='word_1_57' title='bbox 1017 754 1168 791; x_wconf 88' lang='lat' dir='ltr'>Inerant</span> <span class='ocrx_word' id='word_1_58' title='bbox 1186 754 1290 792; x_wconf 88' lang='lat' dir='ltr'>enim</span> <span class='ocrx_word' id='word_1_59' title='bbox 1311 755 1352 793; x_wconf 90' lang='lat' dir='ltr'>in</span> <span class='ocrx_word' id='word_1_60' title='bbox 1373 756 1569 808; x_wconf 88' lang='lat' dir='ltr'>utriusque</span> <span class='ocrx_word' id='word_1_61' title='bbox 1589 759 1762 798; x_wconf 68' lang='lat' dir='ltr'>nostrum</span> 
     </span>
     <span class='ocr_line' id='line_1_9' title="bbox 369 817 1762 875; baseline 0.004 -19"><span class='ocrx_word' id='word_1_62' title='bbox 369 818 506 856; x_wconf 84' lang='lat' dir='ltr'>animis</span> <span class='ocrx_word' id='word_1_63' title='bbox 526 817 770 870; x_wconf 88' lang='lat' dir='ltr'>vigilantium</span> <span class='ocrx_word' id='word_1_64' title='bbox 791 818 1072 869; x_wconf 87' lang='lat' dir='ltr'>cogitationum</span> <span class='ocrx_word' id='word_1_65' title='bbox 1091 819 1257 871; x_wconf 84' lang='lat' dir='ltr'>vestigia.</span> <span class='ocrx_word' id='word_1_66' title='bbox 1299 821 1354 857; x_wconf 93' lang='lat' dir='ltr'>At</span> <span class='ocrx_word' id='word_1_67' title='bbox 1380 821 1555 872; x_wconf 86' lang='lat' dir='ltr'>quaedam</span> <span class='ocrx_word' id='word_1_68' title='bbox 1586 823 1762 875; x_wconf 64' lang='lat' dir='ltr'>adjunCta</span> 
     </span>
     <span class='ocr_line' id='line_1_10' title="bbox 371 882 1763 942; baseline 0.006 -22"><span class='ocrx_word' id='word_1_69' title='bbox 371 883 482 921; x_wconf 86' lang='lat' dir='ltr'>sunt:</span> <span class='ocrx_word' id='word_1_70' title='bbox 515 892 559 920; x_wconf 89' lang='lat' dir='ltr'>ut</span> <span class='ocrx_word' id='word_1_71' title='bbox 577 882 678 921; x_wconf 90' lang='lat' dir='ltr'>mihi</span> <span class='ocrx_word' id='word_1_72' title='bbox 698 883 744 920; x_wconf 91' lang='lat' dir='ltr'>de</span> <span class='ocrx_word' id='word_1_73' title='bbox 764 894 1020 922; x_wconf 87' lang='lat' dir='ltr'>monumento</span> <span class='ocrx_word' id='word_1_74' title='bbox 1040 885 1186 930; x_wconf 81' lang='lat' dir='ltr'>Marii;</span> <span class='ocrx_word' id='word_1_75' title='bbox 1219 885 1305 930; x_wconf 91' lang='lat' dir='ltr'>tibi,</span> <span class='ocrx_word' id='word_1_76' title='bbox 1333 887 1437 937; x_wconf 92' lang='lat' dir='ltr'>quod</span> <span class='ocrx_word' id='word_1_77' title='bbox 1457 901 1594 939; x_wconf 86' lang='lat' dir='ltr'>equus,</span> <span class='ocrx_word' id='word_1_78' title='bbox 1623 890 1663 927; x_wconf 91' lang='lat' dir='ltr'>in</span> <span class='ocrx_word' id='word_1_79' title='bbox 1684 903 1763 942; x_wconf 90' lang='lat' dir='ltr'>quo</span> 
     </span>
     <span class='ocr_line' id='line_1_11' title="bbox 370 948 1762 1004; baseline 0.006 -18"><span class='ocrx_word' id='word_1_80' title='bbox 370 962 442 1001; x_wconf 89' lang='lat' dir='ltr'>ego</span> <span class='ocrx_word' id='word_1_81' title='bbox 461 948 637 994; x_wconf 87' lang='lat' dir='ltr'>vehebar,</span> <span class='ocrx_word' id='word_1_82' title='bbox 660 963 815 987; x_wconf 90' lang='lat' dir='ltr'>mecum</span> <span class='ocrx_word' id='word_1_83' title='bbox 840 963 914 987; x_wconf 88' lang='lat' dir='ltr'>una</span> <span class='ocrx_word' id='word_1_84' title='bbox 933 950 1125 988; x_wconf 89' lang='lat' dir='ltr'>demersus</span> <span class='ocrx_word' id='word_1_85' title='bbox 1146 951 1271 989; x_wconf 84' lang='lat' dir='ltr'>rursus</span> <span class='ocrx_word' id='word_1_86' title='bbox 1297 953 1484 1004; x_wconf 88' lang='lat' dir='ltr'>apparuit.</span> <span class='ocrx_word' id='word_1_87' title='bbox 1523 957 1587 992; x_wconf 87' lang='lat' dir='ltr'>An</span> <span class='ocrx_word' id='word_1_88' title='bbox 1609 964 1651 993; x_wconf 91' lang='lat' dir='ltr'>tu</span> <span class='ocrx_word' id='word_1_89' title='bbox 1671 969 1762 994; x_wconf 87' lang='lat' dir='ltr'>cen-</span> 
     </span>
     <span class='ocr_line' id='line_1_12' title="bbox 371 1013 1763 1067; baseline 0.006 -15"><span class='ocrx_word' id='word_1_90' title='bbox 371 1013 426 1052; x_wconf 88' lang='lat' dir='ltr'>ses</span> <span class='ocrx_word' id='word_1_91' title='bbox 447 1015 567 1053; x_wconf 88' lang='lat' dir='ltr'>ullam</span> <span class='ocrx_word' id='word_1_92' title='bbox 587 1029 704 1053; x_wconf 90' lang='lat' dir='ltr'>anum</span> <span class='ocrx_word' id='word_1_93' title='bbox 725 1024 804 1053; x_wconf 88' lang='lat' dir='ltr'>tam</span> <span class='ocrx_word' id='word_1_94' title='bbox 824 1015 983 1053; x_wconf 91' lang='lat' dir='ltr'>deliram</span> <span class='ocrx_word' id='word_1_95' title='bbox 1004 1015 1174 1054; x_wconf 90' lang='lat' dir='ltr'>futuram</span> <span class='ocrx_word' id='word_1_96' title='bbox 1194 1016 1318 1062; x_wconf 84' lang='lat' dir='ltr'>fuiffe,</span> <span class='ocrx_word' id='word_1_97' title='bbox 1339 1026 1382 1056; x_wconf 92' lang='lat' dir='ltr'>ut</span> <span class='ocrx_word' id='word_1_98' title='bbox 1402 1019 1559 1057; x_wconf 89' lang='lat' dir='ltr'>somniis</span> <span class='ocrx_word' id='word_1_99' title='bbox 1579 1022 1763 1067; x_wconf 90' lang='lat' dir='ltr'>crederet,</span> 
     </span>
     <span class='ocr_line' id='line_1_13' title="bbox 370 1080 1764 1133; baseline 0.006 -16"><span class='ocrx_word' id='word_1_100' title='bbox 370 1080 439 1118; x_wconf 86' lang='lat' dir='ltr'>nifi</span> <span class='ocrx_word' id='word_1_101' title='bbox 459 1081 526 1118; x_wconf 90' lang='lat' dir='ltr'>ista</span> <span class='ocrx_word' id='word_1_102' title='bbox 544 1081 630 1118; x_wconf 90' lang='lat' dir='ltr'>casu</span> <span class='ocrx_word' id='word_1_103' title='bbox 650 1094 942 1133; x_wconf 87' lang='lat' dir='ltr'>nonnunquam,</span> <span class='ocrx_word' id='word_1_104' title='bbox 964 1080 1075 1127; x_wconf 90' lang='lat' dir='ltr'>forte,</span> <span class='ocrx_word' id='word_1_105' title='bbox 1099 1092 1239 1121; x_wconf 87' lang='lat' dir='ltr'>temere</span> <span class='ocrx_word' id='word_1_106' title='bbox 1264 1087 1560 1123; x_wconf 89' lang='lat' dir='ltr'>concurrerent?</span> <span class='ocrx_word' id='word_1_107' title='bbox 1591 1087 1764 1125; x_wconf 85' lang='lat' dir='ltr'>Alexan-</span> 
     </span>
     <span class='ocr_line' id='line_1_14' title="bbox 373 1146 1766 1206; baseline 0.005 -22"><span class='ocrx_word' id='word_1_108' title='bbox 373 1146 441 1185; x_wconf 93' lang='lat' dir='ltr'>dro</span> <span class='ocrx_word' id='word_1_109' title='bbox 461 1147 572 1185; x_wconf 88' lang='lat' dir='ltr'>draco</span> <span class='ocrx_word' id='word_1_110' title='bbox 592 1147 699 1199; x_wconf 92' lang='lat' dir='ltr'>loqui</span> <span class='ocrx_word' id='word_1_111' title='bbox 719 1147 817 1185; x_wconf 84' lang='lat' dir='ltr'>visus</span> <span class='ocrx_word' id='word_1_112' title='bbox 837 1147 904 1185; x_wconf 90' lang='lat' dir='ltr'>est.</span> <span class='ocrx_word' id='word_1_113' title='bbox 949 1148 1075 1185; x_wconf 90' lang='lat' dir='ltr'>Potest</span> <span class='ocrx_word' id='word_1_114' title='bbox 1094 1149 1254 1187; x_wconf 90' lang='lat' dir='ltr'>omnino</span> <span class='ocrx_word' id='word_1_115' title='bbox 1273 1148 1349 1187; x_wconf 93' lang='lat' dir='ltr'>hoc</span> <span class='ocrx_word' id='word_1_116' title='bbox 1369 1150 1440 1188; x_wconf 86' lang='lat' dir='ltr'>effe</span> <span class='ocrx_word' id='word_1_117' title='bbox 1458 1150 1612 1197; x_wconf 87' lang='lat' dir='ltr'>falsum,</span> <span class='ocrx_word' id='word_1_118' title='bbox 1643 1153 1766 1206; x_wconf 90' lang='lat' dir='ltr'>potest</span> 
     </span>
     <span class='ocr_line' id='line_1_15' title="bbox 372 1212 1768 1257; baseline 0.004 -7"><span class='ocrx_word' id='word_1_119' title='bbox 372 1225 507 1250; x_wconf 91' lang='lat' dir='ltr'>verum</span> <span class='ocrx_word' id='word_1_120' title='bbox 526 1231 539 1257; x_wconf 69' lang='grc' dir='ltr'><strong><em>ς</em></strong></span> <span class='ocrx_word' id='word_1_121' title='bbox 570 1213 633 1249; x_wconf 88' lang='lat' dir='ltr'>sed</span> <span class='ocrx_word' id='word_1_122' title='bbox 652 1222 784 1249; x_wconf 91' lang='lat' dir='ltr'>utrum</span> <span class='ocrx_word' id='word_1_123' title='bbox 805 1212 863 1256; x_wconf 89' lang='lat' dir='ltr'>fit,</span> <span class='ocrx_word' id='word_1_124' title='bbox 892 1226 969 1250; x_wconf 91' lang='lat' dir='ltr'>non</span> <span class='ocrx_word' id='word_1_125' title='bbox 999 1213 1052 1250; x_wconf 90' lang='lat' dir='ltr'>est</span> <span class='ocrx_word' id='word_1_126' title='bbox 1072 1214 1248 1251; x_wconf 88' lang='lat' dir='ltr'>mirabile</span> <span class='ocrx_word' id='word_1_127' title='bbox 1265 1229 1276 1251; x_wconf 69' lang='grc' dir='ltr'>ε</span> <span class='ocrx_word' id='word_1_128' title='bbox 1306 1228 1384 1252; x_wconf 89' lang='lat' dir='ltr'>non</span> <span class='ocrx_word' id='word_1_129' title='bbox 1404 1217 1510 1254; x_wconf 88' lang='lat' dir='ltr'>enim</span> <span class='ocrx_word' id='word_1_130' title='bbox 1529 1218 1675 1255; x_wconf 91' lang='lat' dir='ltr'>audivit</span> <span class='ocrx_word' id='word_1_131' title='bbox 1701 1219 1768 1256; x_wconf 89' lang='lat' dir='ltr'>ille</span> 
     </span>
     <span class='ocr_line' id='line_1_16' title="bbox 373 1277 1767 1335; baseline 0.005 -20"><span class='ocrx_word' id='word_1_132' title='bbox 373 1277 578 1316; x_wconf 88' lang='lat' dir='ltr'>draconem</span> <span class='ocrx_word' id='word_1_133' title='bbox 596 1277 836 1330; x_wconf 88' lang='lat' dir='ltr'>loquentem,</span> <span class='ocrx_word' id='word_1_134' title='bbox 855 1277 915 1315; x_wconf 92' lang='lat' dir='ltr'>sed</span> <span class='ocrx_word' id='word_1_135' title='bbox 931 1278 983 1315; x_wconf 91' lang='lat' dir='ltr'>est</span> <span class='ocrx_word' id='word_1_136' title='bbox 1002 1278 1099 1316; x_wconf 88' lang='lat' dir='ltr'>visus</span> <span class='ocrx_word' id='word_1_137' title='bbox 1121 1279 1272 1324; x_wconf 74' lang='lat' dir='ltr'>audire5</span> <span class='ocrx_word' id='word_1_138' title='bbox 1294 1288 1332 1317; x_wconf 91' lang='lat' dir='ltr'>et</span> <span class='ocrx_word' id='word_1_139' title='bbox 1351 1280 1524 1332; x_wconf 89' lang='lat' dir='ltr'>quidem,</span> <span class='ocrx_word' id='word_1_140' title='bbox 1546 1296 1625 1334; x_wconf 93' lang='lat' dir='ltr'>quo</span> <span class='ocrx_word' id='word_1_141' title='bbox 1644 1285 1767 1335; x_wconf 80' lang='lat' dir='ltr'>majus</span> 
     </span>
     <span class='ocr_line' id='line_1_17' title="bbox 375 1344 1769 1402; baseline 0.004 -20"><span class='ocrx_word' id='word_1_142' title='bbox 375 1345 434 1390; x_wconf 89' lang='lat' dir='ltr'>fit,</span> <span class='ocrx_word' id='word_1_143' title='bbox 456 1358 548 1383; x_wconf 88' lang='lat' dir='ltr'>curn</span> <span class='ocrx_word' id='word_1_144' title='bbox 569 1345 734 1382; x_wconf 88' lang='lat' dir='ltr'>radicem</span> <span class='ocrx_word' id='word_1_145' title='bbox 753 1358 818 1383; x_wconf 91' lang='lat' dir='ltr'>ore</span> <span class='ocrx_word' id='word_1_146' title='bbox 838 1353 994 1389; x_wconf 92' lang='lat' dir='ltr'>teneret,</span> <span class='ocrx_word' id='word_1_147' title='bbox 1016 1344 1168 1383; x_wconf 87' lang='lat' dir='ltr'>locutus</span> <span class='ocrx_word' id='word_1_148' title='bbox 1188 1345 1253 1384; x_wconf 85' lang='lat' dir='ltr'>est.</span> <span class='ocrx_word' id='word_1_149' title='bbox 1297 1346 1368 1384; x_wconf 91' lang='lat' dir='ltr'>Sed</span> <span class='ocrx_word' id='word_1_150' title='bbox 1387 1346 1488 1385; x_wconf 85' lang='lat' dir='ltr'>nihil</span> <span class='ocrx_word' id='word_1_151' title='bbox 1508 1348 1560 1386; x_wconf 90' lang='lat' dir='ltr'>est</span> <span class='ocrx_word' id='word_1_152' title='bbox 1580 1363 1769 1402; x_wconf 89' lang='lat' dir='ltr'>magnum</span> 
     </span>
     <span class='ocr_line' id='line_1_18' title="bbox 377 1410 1768 1463; baseline 0.004 -15"><span class='ocrx_word' id='word_1_153' title='bbox 377 1410 594 1449; x_wconf 90' lang='lat' dir='ltr'>somnianti.</span> <span class='ocrx_word' id='word_1_154' title='bbox 627 1411 768 1463; x_wconf 83' lang='lat' dir='ltr'>Qaero</span> <span class='ocrx_word' id='word_1_155' title='bbox 787 1420 929 1456; x_wconf 88' lang='lat' dir='ltr'>autem,</span> <span class='ocrx_word' id='word_1_156' title='bbox 952 1424 1020 1448; x_wconf 90' lang='lat' dir='ltr'>cur</span> <span class='ocrx_word' id='word_1_157' title='bbox 1047 1411 1267 1450; x_wconf 84' lang='lat' dir='ltr'>Alexandro</span> <span class='ocrx_word' id='word_1_158' title='bbox 1287 1421 1367 1450; x_wconf 90' lang='lat' dir='ltr'>tam</span> <span class='ocrx_word' id='word_1_159' title='bbox 1392 1413 1536 1452; x_wconf 88' lang='lat' dir='ltr'>illustre</span> <span class='ocrx_word' id='word_1_160' title='bbox 1556 1414 1768 1461; x_wconf 84' lang='lat' dir='ltr'>somnium,</span> 
     </span>
     <span class='ocr_line' id='line_1_19' title="bbox 376 1476 1770 1534; baseline 0.005 -21"><span class='ocrx_word' id='word_1_161' title='bbox 376 1485 457 1514; x_wconf 89' lang='lat' dir='ltr'>tam</span> <span class='ocrx_word' id='word_1_162' title='bbox 476 1485 639 1521; x_wconf 91' lang='lat' dir='ltr'>certum,</span> <span class='ocrx_word' id='word_1_163' title='bbox 661 1490 730 1514; x_wconf 91' lang='lat' dir='ltr'>nec</span> <span class='ocrx_word' id='word_1_164' title='bbox 750 1476 843 1515; x_wconf 90' lang='lat' dir='ltr'>huic</span> <span class='ocrx_word' id='word_1_165' title='bbox 861 1477 987 1515; x_wconf 90' lang='lat' dir='ltr'>eidem</span> <span class='ocrx_word' id='word_1_166' title='bbox 1005 1476 1108 1522; x_wconf 76' lang='lat' dir='ltr'>alias,</span> <span class='ocrx_word' id='word_1_167' title='bbox 1127 1491 1197 1515; x_wconf 89' lang='lat' dir='ltr'>nec</span> <span class='ocrx_word' id='word_1_168' title='bbox 1217 1478 1342 1516; x_wconf 90' lang='lat' dir='ltr'>multa</span> <span class='ocrx_word' id='word_1_169' title='bbox 1359 1480 1518 1519; x_wconf 86' lang='lat' dir='ltr'>caeteris.</span> <span class='ocrx_word' id='word_1_170' title='bbox 1549 1480 1658 1519; x_wconf 89' lang='lat' dir='ltr'>Mihi</span> <span class='ocrx_word' id='word_1_171' title='bbox 1677 1482 1770 1534; x_wconf 92' lang='lat' dir='ltr'>qui-</span> 
     </span>
     <span class='ocr_line' id='line_1_20' title="bbox 379 1541 1769 1596; baseline 0.005 -17"><span class='ocrx_word' id='word_1_172' title='bbox 379 1542 482 1585; x_wconf 91' lang='lat' dir='ltr'>dem,</span> <span class='ocrx_word' id='word_1_173' title='bbox 504 1551 637 1594; x_wconf 85' lang='lat' dir='ltr'>praeter</span> <span class='ocrx_word' id='word_1_174' title='bbox 656 1541 732 1580; x_wconf 91' lang='lat' dir='ltr'>hoc</span> <span class='ocrx_word' id='word_1_175' title='bbox 753 1543 989 1588; x_wconf 88' lang='lat' dir='ltr'>Marianum,</span> <span class='ocrx_word' id='word_1_176' title='bbox 1004 1543 1100 1581; x_wconf 86' lang='lat' dir='ltr'>nihil</span> <span class='ocrx_word' id='word_1_177' title='bbox 1122 1543 1220 1589; x_wconf 88' lang='lat' dir='ltr'>sane,</span> <span class='ocrx_word' id='word_1_178' title='bbox 1237 1544 1342 1596; x_wconf 93' lang='lat' dir='ltr'>quod</span> <span class='ocrx_word' id='word_1_179' title='bbox 1357 1546 1619 1585; x_wconf 87' lang='lat' dir='ltr'>meminerim.</span> <span class='ocrx_word' id='word_1_180' title='bbox 1651 1549 1682 1585; x_wconf 88' lang='lat' dir='ltr'><strong>F</strong></span> <span class='ocrx_word' id='word_1_181' title='bbox 1686 1547 1769 1585; x_wconf 88' lang='lat' dir='ltr'>rus-</span> 
     </span>
     <span class='ocr_line' id='line_1_21' title="bbox 380 1607 1770 1663; baseline 0.004 -19"><span class='ocrx_word' id='word_1_182' title='bbox 380 1616 436 1645; x_wconf 91' lang='lat' dir='ltr'>tra</span> <span class='ocrx_word' id='word_1_183' title='bbox 455 1608 573 1659; x_wconf 87' lang='lat' dir='ltr'>igitur</span> <span class='ocrx_word' id='word_1_184' title='bbox 593 1607 826 1659; x_wconf 78' lang='lat' dir='ltr'>consumptae</span> <span class='ocrx_word' id='word_1_185' title='bbox 857 1617 913 1645; x_wconf 91' lang='lat' dir='ltr'>tot</span> <span class='ocrx_word' id='word_1_186' title='bbox 934 1610 1060 1645; x_wconf 73' lang='lat' dir='ltr'>noCtes</span> <span class='ocrx_word' id='word_1_187' title='bbox 1084 1618 1162 1646; x_wconf 91' lang='lat' dir='ltr'>tam</span> <span class='ocrx_word' id='word_1_188' title='bbox 1182 1609 1296 1660; x_wconf 86' lang='lat' dir='ltr'>longa</span> <span class='ocrx_word' id='word_1_189' title='bbox 1318 1610 1358 1647; x_wconf 90' lang='lat' dir='ltr'>in</span> <span class='ocrx_word' id='word_1_190' title='bbox 1379 1619 1499 1648; x_wconf 85' lang='lat' dir='ltr'>aetate.</span> <span class='ocrx_word' id='word_1_191' title='bbox 1536 1612 1656 1649; x_wconf 93' lang='lat' dir='ltr'>Nunc</span> <span class='ocrx_word' id='word_1_192' title='bbox 1677 1613 1770 1663; x_wconf 90' lang='lat' dir='ltr'>qui-</span> 
     </span>
     <span class='ocr_line' id='line_1_22' title="bbox 379 1671 1770 1726; baseline 0.004 -17"><span class='ocrx_word' id='word_1_193' title='bbox 379 1673 468 1710; x_wconf 90' lang='lat' dir='ltr'>dem</span> <span class='ocrx_word' id='word_1_194' title='bbox 488 1682 642 1724; x_wconf 88' lang='lat' dir='ltr'>propter</span> <span class='ocrx_word' id='word_1_195' title='bbox 660 1671 976 1710; x_wconf 87' lang='lat' dir='ltr'>intermiffionem</span> <span class='ocrx_word' id='word_1_196' title='bbox 996 1672 1151 1711; x_wconf 87' lang='lat' dir='ltr'>forenfis</span> <span class='ocrx_word' id='word_1_197' title='bbox 1171 1687 1306 1726; x_wconf 82' lang='lat' dir='ltr'>operae,</span> <span class='ocrx_word' id='word_1_198' title='bbox 1341 1683 1378 1712; x_wconf 91' lang='lat' dir='ltr'>et</span> <span class='ocrx_word' id='word_1_199' title='bbox 1398 1675 1680 1715; x_wconf 86' lang='lat' dir='ltr'>lucubrationes</span> <span class='ocrx_word' id='word_1_200' title='bbox 1701 1678 1770 1715; x_wconf 90' lang='lat' dir='ltr'>de-</span> 
     </span>
     <span class='ocr_line' id='line_1_23' title="bbox 379 1738 1771 1791; baseline 0.004 -15"><span class='ocrx_word' id='word_1_201' title='bbox 379 1739 491 1783; x_wconf 86' lang='lat' dir='ltr'>traxi,</span> <span class='ocrx_word' id='word_1_202' title='bbox 508 1747 546 1775; x_wconf 88' lang='lat' dir='ltr'>et</span> <span class='ocrx_word' id='word_1_203' title='bbox 562 1738 843 1775; x_wconf 86' lang='lat' dir='ltr'>meridiationes</span> <span class='ocrx_word' id='word_1_204' title='bbox 864 1738 1006 1783; x_wconf 91' lang='lat' dir='ltr'>addidi,</span> <span class='ocrx_word' id='word_1_205' title='bbox 1027 1739 1168 1791; x_wconf 89' lang='lat' dir='ltr'>quibus</span> <span class='ocrx_word' id='word_1_206' title='bbox 1185 1741 1242 1777; x_wconf 88' lang='lat' dir='ltr'>uti</span> <span class='ocrx_word' id='word_1_207' title='bbox 1261 1749 1369 1777; x_wconf 88' lang='lat' dir='ltr'>antea</span> <span class='ocrx_word' id='word_1_208' title='bbox 1388 1754 1466 1778; x_wconf 91' lang='lat' dir='ltr'>non</span> <span class='ocrx_word' id='word_1_209' title='bbox 1486 1741 1676 1780; x_wconf 85' lang='lat' dir='ltr'>solebam:</span> <span class='ocrx_word' id='word_1_210' title='bbox 1700 1756 1771 1781; x_wconf 91' lang='lat' dir='ltr'>nec</span> 
     </span>
     <span class='ocr_line' id='line_1_24' title="bbox 379 1802 1770 1860; baseline 0.004 -20"><span class='ocrx_word' id='word_1_211' title='bbox 379 1812 459 1841; x_wconf 90' lang='lat' dir='ltr'>tam</span> <span class='ocrx_word' id='word_1_212' title='bbox 479 1803 652 1840; x_wconf 90' lang='lat' dir='ltr'>multum</span> <span class='ocrx_word' id='word_1_213' title='bbox 672 1802 880 1848; x_wconf 86' lang='lat' dir='ltr'>dormiens,</span> <span class='ocrx_word' id='word_1_214' title='bbox 911 1803 992 1841; x_wconf 88' lang='lat' dir='ltr'>ullo</span> <span class='ocrx_word' id='word_1_215' title='bbox 1012 1803 1160 1841; x_wconf 90' lang='lat' dir='ltr'>somnio</span> <span class='ocrx_word' id='word_1_216' title='bbox 1179 1804 1261 1842; x_wconf 89' lang='lat' dir='ltr'>sum</span> <span class='ocrx_word' id='word_1_217' title='bbox 1282 1804 1516 1850; x_wconf 87' lang='lat' dir='ltr'>admonitus,</span> <span class='ocrx_word' id='word_1_218' title='bbox 1538 1808 1652 1845; x_wconf 90' lang='lat' dir='ltr'>tantis</span> <span class='ocrx_word' id='word_1_219' title='bbox 1673 1822 1770 1860; x_wconf 87' lang='lat' dir='ltr'>prae-</span> 
     </span>
     <span class='ocr_line' id='line_1_25' title="bbox 379 1868 1773 1922; baseline 0.004 -16"><span class='ocrx_word' id='word_1_220' title='bbox 379 1868 508 1907; x_wconf 89' lang='lat' dir='ltr'>sertim</span> <span class='ocrx_word' id='word_1_221' title='bbox 527 1869 574 1906; x_wconf 88' lang='lat' dir='ltr'>de</span> <span class='ocrx_word' id='word_1_222' title='bbox 593 1868 729 1907; x_wconf 92' lang='lat' dir='ltr'>rebus:</span> <span class='ocrx_word' id='word_1_223' title='bbox 761 1882 830 1906; x_wconf 88' lang='lat' dir='ltr'>nec</span> <span class='ocrx_word' id='word_1_224' title='bbox 850 1868 950 1906; x_wconf 87' lang='lat' dir='ltr'>mihi</span> <span class='ocrx_word' id='word_1_225' title='bbox 969 1870 1090 1921; x_wconf 89' lang='lat' dir='ltr'>magis</span> <span class='ocrx_word' id='word_1_226' title='bbox 1112 1869 1271 1921; x_wconf 87' lang='lat' dir='ltr'>usquam</span> <span class='ocrx_word' id='word_1_227' title='bbox 1291 1870 1434 1914; x_wconf 87' lang='lat' dir='ltr'>videor,</span> <span class='ocrx_word' id='word_1_228' title='bbox 1457 1885 1575 1922; x_wconf 88' lang='lat' dir='ltr'>quam</span> <span class='ocrx_word' id='word_1_229' title='bbox 1594 1885 1686 1911; x_wconf 90' lang='lat' dir='ltr'>cum</span> <span class='ocrx_word' id='word_1_230' title='bbox 1706 1882 1773 1911; x_wconf 91' lang='lat' dir='ltr'>aut</span> 
     </span>
     <span class='ocr_line' id='line_1_26' title="bbox 380 1934 1616 1987; baseline 0.002 -15"><span class='ocrx_word' id='word_1_231' title='bbox 380 1935 421 1973; x_wconf 90' lang='lat' dir='ltr'>in</span> <span class='ocrx_word' id='word_1_232' title='bbox 440 1934 525 1973; x_wconf 92' lang='lat' dir='ltr'>foro</span> <span class='ocrx_word' id='word_1_233' title='bbox 544 1934 796 1987; x_wconf 88' lang='lat' dir='ltr'>magistratus,</span> <span class='ocrx_word' id='word_1_234' title='bbox 814 1943 879 1972; x_wconf 91' lang='lat' dir='ltr'>aut</span> <span class='ocrx_word' id='word_1_235' title='bbox 898 1935 938 1972; x_wconf 90' lang='lat' dir='ltr'>in</span> <span class='ocrx_word' id='word_1_236' title='bbox 959 1935 1063 1973; x_wconf 90' lang='lat' dir='ltr'>curia</span> <span class='ocrx_word' id='word_1_237' title='bbox 1082 1934 1252 1973; x_wconf 90' lang='lat' dir='ltr'>senatum</span> <span class='ocrx_word' id='word_1_238' title='bbox 1272 1935 1395 1980; x_wconf 91' lang='lat' dir='ltr'>video,</span> <span class='ocrx_word' id='word_1_239' title='bbox 1417 1936 1616 1977; x_wconf 85' lang='lat' dir='ltr'>somniare.</span> 
     </span>
    </p>

    <p class='ocr_par' dir='ltr' id='par_1_4' title="bbox 380 1999 1778 2583">
     <span class='ocr_line' id='line_1_27' title="bbox 436 1999 1772 2054; baseline 0.003 -17"><span class='ocrx_word' id='word_1_240' title='bbox 436 2000 586 2038; x_wconf 91' lang='lat' dir='ltr'>LXIX.</span> <span class='ocrx_word' id='word_1_241' title='bbox 618 2000 778 2038; x_wconf 90' lang='lat' dir='ltr'>Etenim</span> <span class='ocrx_word' id='word_1_242' title='bbox 799 2000 864 2051; x_wconf 84' lang='lat' dir='ltr'>(ex</span> <span class='ocrx_word' id='word_1_243' title='bbox 884 1999 1064 2038; x_wconf 83' lang='lat' dir='ltr'>divifione</span> <span class='ocrx_word' id='word_1_244' title='bbox 1082 1999 1157 2038; x_wconf 92' lang='lat' dir='ltr'>hoc</span> <span class='ocrx_word' id='word_1_245' title='bbox 1177 2000 1386 2038; x_wconf 89' lang='lat' dir='ltr'>secundum</span> <span class='ocrx_word' id='word_1_246' title='bbox 1406 2001 1474 2053; x_wconf 90' lang='lat' dir='ltr'>est)</span> <span class='ocrx_word' id='word_1_247' title='bbox 1503 2015 1588 2054; x_wconf 85' lang='lat' dir='ltr'>quae</span> <span class='ocrx_word' id='word_1_248' title='bbox 1607 2003 1658 2041; x_wconf 89' lang='lat' dir='ltr'>est</span> <span class='ocrx_word' id='word_1_249' title='bbox 1677 2016 1772 2043; x_wconf 87' lang='lat' dir='ltr'>con-</span> 
     </span>
     <span class='ocr_line' id='line_1_28' title="bbox 380 2065 1773 2119; baseline 0.001 -16"><span class='ocrx_word' id='word_1_250' title='bbox 380 2065 544 2104; x_wconf 87' lang='lat' dir='ltr'>tinuatio</span> <span class='ocrx_word' id='word_1_251' title='bbox 563 2067 647 2118; x_wconf 90' lang='lat' dir='ltr'>conj</span> <span class='ocrx_word' id='word_1_252' title='bbox 655 2066 861 2119; x_wconf 73' lang='lat' dir='ltr'>unffioque</span> <span class='ocrx_word' id='word_1_253' title='bbox 879 2075 1035 2111; x_wconf 87' lang='lat' dir='ltr'>naturae‚</span> <span class='ocrx_word' id='word_1_254' title='bbox 1051 2079 1183 2119; x_wconf 89' lang='lat' dir='ltr'>quarn,</span> <span class='ocrx_word' id='word_1_255' title='bbox 1202 2075 1245 2104; x_wconf 91' lang='lat' dir='ltr'>ut</span> <span class='ocrx_word' id='word_1_256' title='bbox 1264 2066 1358 2112; x_wconf 80' lang='lat' dir='ltr'>dixi,</span> <span class='ocrx_word' id='word_1_257' title='bbox 1379 2077 1518 2105; x_wconf 88' lang='lat' dir='ltr'>vocant</span> <span class='ocrx_word' id='word_1_258' title='bbox 1536 2065 1773 2116; x_wconf 59' lang='grc' dir='ltr'>συμπείθων,</span> 
     </span>
     <span class='ocr_line' id='line_1_29' title="bbox 381 2130 1775 2184; baseline 0.002 -15"><span class='ocrx_word' id='word_1_259' title='bbox 381 2131 581 2183; x_wconf 89' lang='lat' dir='ltr'>ejusmodi,</span> <span class='ocrx_word' id='word_1_260' title='bbox 614 2141 658 2170; x_wconf 92' lang='lat' dir='ltr'>ut</span> <span class='ocrx_word' id='word_1_261' title='bbox 678 2130 873 2170; x_wconf 88' lang='lat' dir='ltr'>thesaurus</span> <span class='ocrx_word' id='word_1_262' title='bbox 905 2145 952 2170; x_wconf 85' lang='lat' dir='ltr'>ex</span> <span class='ocrx_word' id='word_1_263' title='bbox 971 2145 1044 2170; x_wconf 90' lang='lat' dir='ltr'>ovo</span> <span class='ocrx_word' id='word_1_264' title='bbox 1063 2132 1228 2184; x_wconf 86' lang='lat' dir='ltr'>intelligi</span> <span class='ocrx_word' id='word_1_265' title='bbox 1249 2132 1409 2170; x_wconf 86' lang='lat' dir='ltr'>debeat?</span> <span class='ocrx_word' id='word_1_266' title='bbox 1440 2133 1547 2171; x_wconf 92' lang='lat' dir='ltr'>Nam</span> <span class='ocrx_word' id='word_1_267' title='bbox 1567 2133 1709 2170; x_wconf 91' lang='lat' dir='ltr'>medici</span> <span class='ocrx_word' id='word_1_268' title='bbox 1727 2147 1775 2172; x_wconf 82' lang='lat' dir='ltr'>ex</span> 
     </span>
     <span class='ocr_line' id='line_1_30' title="bbox 381 2197 1774 2250; baseline 0.001 -15"><span class='ocrx_word' id='word_1_269' title='bbox 381 2197 613 2250; x_wconf 89' lang='lat' dir='ltr'>quibusdam</span> <span class='ocrx_word' id='word_1_270' title='bbox 646 2197 758 2236; x_wconf 85' lang='lat' dir='ltr'>rebus</span> <span class='ocrx_word' id='word_1_271' title='bbox 789 2207 826 2235; x_wconf 89' lang='lat' dir='ltr'>et</span> <span class='ocrx_word' id='word_1_272' title='bbox 846 2198 1101 2243; x_wconf 89' lang='lat' dir='ltr'>advenientes,</span> <span class='ocrx_word' id='word_1_273' title='bbox 1132 2207 1170 2236; x_wconf 90' lang='lat' dir='ltr'>et</span> <span class='ocrx_word' id='word_1_274' title='bbox 1203 2198 1409 2236; x_wconf 88' lang='lat' dir='ltr'>crescentes</span> <span class='ocrx_word' id='word_1_275' title='bbox 1440 2198 1596 2236; x_wconf 85' lang='lat' dir='ltr'>morbos</span> <span class='ocrx_word' id='word_1_276' title='bbox 1626 2199 1774 2237; x_wconf 89' lang='lat' dir='ltr'>intelli-</span> 
     </span>
     <span class='ocr_line' id='line_1_31' title="bbox 382 2262 1774 2316; baseline 0 -15"><span class='ocrx_word' id='word_1_277' title='bbox 382 2272 504 2316; x_wconf 86' lang='lat' dir='ltr'>gunt:</span> <span class='ocrx_word' id='word_1_278' title='bbox 527 2263 729 2302; x_wconf 88' lang='lat' dir='ltr'>nonnullas</span> <span class='ocrx_word' id='word_1_279' title='bbox 747 2263 863 2301; x_wconf 83' lang='lat' dir='ltr'>etiam</span> <span class='ocrx_word' id='word_1_280' title='bbox 883 2263 1109 2302; x_wconf 81' lang='lat' dir='ltr'>valetudinis</span> <span class='ocrx_word' id='word_1_281' title='bbox 1130 2262 1446 2316; x_wconf 67' lang='lat' dir='ltr'>significationes,</span> <span class='ocrx_word' id='word_1_282' title='bbox 1475 2273 1519 2302; x_wconf 91' lang='lat' dir='ltr'>ut</span> <span class='ocrx_word' id='word_1_283' title='bbox 1537 2262 1612 2301; x_wconf 91' lang='lat' dir='ltr'>hoc</span> <span class='ocrx_word' id='word_1_284' title='bbox 1632 2263 1774 2316; x_wconf 88' lang='lat' dir='ltr'>ipsum,</span> 
     </span>
     <span class='ocr_line' id='line_1_32' title="bbox 385 2327 1775 2383; baseline 0.001 -16"><span class='ocrx_word' id='word_1_285' title='bbox 385 2329 487 2380; x_wconf 89' lang='lat' dir='ltr'>pleni</span> <span class='ocrx_word' id='word_1_286' title='bbox 507 2330 679 2368; x_wconf 68' lang='lat' dir='ltr'>enectine</span> <span class='ocrx_word' id='word_1_287' title='bbox 696 2329 824 2374; x_wconf 85' lang='lat' dir='ltr'>fimus,</span> <span class='ocrx_word' id='word_1_288' title='bbox 846 2343 893 2368; x_wconf 87' lang='lat' dir='ltr'>ex</span> <span class='ocrx_word' id='word_1_289' title='bbox 909 2327 1078 2382; x_wconf 88' lang='lat' dir='ltr'>quodam</span> <span class='ocrx_word' id='word_1_290' title='bbox 1097 2342 1233 2382; x_wconf 89' lang='lat' dir='ltr'>genere</span> <span class='ocrx_word' id='word_1_291' title='bbox 1247 2329 1484 2368; x_wconf 87' lang='lat' dir='ltr'>somniorum</span> <span class='ocrx_word' id='word_1_292' title='bbox 1506 2330 1671 2383; x_wconf 87' lang='lat' dir='ltr'>intelligi</span> <span class='ocrx_word' id='word_1_293' title='bbox 1687 2330 1775 2383; x_wconf 86' lang='lat' dir='ltr'>pos·</span> 
     </span>
     <span class='ocr_line' id='line_1_33' title="bbox 388 2393 1775 2441; baseline 0.001 -10"><span class='ocrx_word' id='word_1_294' title='bbox 388 2393 422 2430; x_wconf 85' lang='lat' dir='ltr'>se</span> <span class='ocrx_word' id='word_1_295' title='bbox 442 2395 589 2435; x_wconf 87' lang='lat' dir='ltr'>dicunt.</span> <span class='ocrx_word' id='word_1_296' title='bbox 621 2395 838 2435; x_wconf 85' lang='lat' dir='ltr'>Thesaurus</span> <span class='ocrx_word' id='word_1_297' title='bbox 857 2409 960 2441; x_wconf 87' lang='lat' dir='ltr'>vero,</span> <span class='ocrx_word' id='word_1_298' title='bbox 993 2405 1031 2434; x_wconf 92' lang='lat' dir='ltr'>et</span> <span class='ocrx_word' id='word_1_299' title='bbox 1049 2394 1260 2441; x_wconf 88' lang='lat' dir='ltr'>haereditas,</span> <span class='ocrx_word' id='word_1_300' title='bbox 1295 2405 1333 2434; x_wconf 91' lang='lat' dir='ltr'>et</span> <span class='ocrx_word' id='word_1_301' title='bbox 1366 2395 1503 2441; x_wconf 87' lang='lat' dir='ltr'>honos,</span> <span class='ocrx_word' id='word_1_302' title='bbox 1535 2405 1573 2434; x_wconf 87' lang='lat' dir='ltr'>et</span> <span class='ocrx_word' id='word_1_303' title='bbox 1606 2396 1775 2440; x_wconf 57' lang='lat' dir='ltr'>victoria,</span> 
     </span>
     <span class='ocr_line' id='line_1_34' title="bbox 389 2461 1777 2516; baseline 0.001 -20"><span class='ocrx_word' id='word_1_304' title='bbox 389 2468 426 2496; x_wconf 90' lang='lat' dir='ltr'>et</span> <span class='ocrx_word' id='word_1_305' title='bbox 446 2461 567 2499; x_wconf 89' lang='lat' dir='ltr'>multa</span> <span class='ocrx_word' id='word_1_306' title='bbox 585 2463 732 2516; x_wconf 87' lang='lat' dir='ltr'>generis</span> <span class='ocrx_word' id='word_1_307' title='bbox 753 2463 934 2515; x_wconf 90' lang='lat' dir='ltr'>ejusdem,</span> <span class='ocrx_word' id='word_1_308' title='bbox 966 2476 1040 2515; x_wconf 90' lang='lat' dir='ltr'>qua</span> <span class='ocrx_word' id='word_1_309' title='bbox 1059 2476 1152 2501; x_wconf 90' lang='lat' dir='ltr'>cum</span> <span class='ocrx_word' id='word_1_310' title='bbox 1174 2463 1331 2502; x_wconf 89' lang='lat' dir='ltr'>somniis</span> <span class='ocrx_word' id='word_1_311' title='bbox 1363 2463 1524 2501; x_wconf 84' lang='lat' dir='ltr'>naturali</span> <span class='ocrx_word' id='word_1_312' title='bbox 1550 2462 1777 2514; x_wconf 83' lang='lat' dir='ltr'>cognatione</span> 
     </span>
     <span class='ocr_line' id='line_1_35' title="bbox 385 2526 1778 2583; baseline 0.003 -20"><span class='ocrx_word' id='word_1_313' title='bbox 385 2526 633 2579; x_wconf 84' lang='lat' dir='ltr'>junguntur?</span> <span class='ocrx_word' id='word_1_314' title='bbox 663 2530 822 2571; x_wconf 89' lang='lat' dir='ltr'>Dicitur</span> <span class='ocrx_word' id='word_1_315' title='bbox 838 2530 1011 2583; x_wconf 82' lang='lat' dir='ltr'>quidam,</span> <span class='ocrx_word' id='word_1_316' title='bbox 1035 2542 1127 2570; x_wconf 89' lang='lat' dir='ltr'>curn</span> <span class='ocrx_word' id='word_1_317' title='bbox 1157 2530 1198 2569; x_wconf 91' lang='lat' dir='ltr'>in</span> <span class='ocrx_word' id='word_1_318' title='bbox 1218 2529 1360 2569; x_wconf 89' lang='lat' dir='ltr'>somnis</span> <span class='ocrx_word' id='word_1_319' title='bbox 1380 2528 1586 2581; x_wconf 83' lang='lat' dir='ltr'>complexu</span> <span class='ocrx_word' id='word_1_320' title='bbox 1608 2528 1778 2565; x_wconf 84' lang='lat' dir='ltr'>Venereo</span> 
     </span>
    </p>
   </div>
  </div>
 </body>
</html>
