2223 3003
478 302 553 357 343
848 298 952 338 DE
1024 296 1503 337 AMICITIA.

476 399 617 452 diligit,
639 406 676 436 et
696 397 858 435 alterurn
878 395 1062 448 anquirit,
1090 396 1201 448 cujus
1221 395 1399 435 animum
1419 395 1472 434 ita
1491 407 1585 434 cum
1605 394 1672 434 suo
1691 396 1882 436 commis-

475 474 570 508 ceat,
593 472 635 500 ut
654 461 794 500 efficiat
813 473 910 514 pene
930 474 1055 499 unum
1074 474 1122 500 ex
1142 461 1292 500 duobus
1311 461 1324 499 ?

529 529 662 566 XXII.
696 527 767 566 Sed
787 527 962 580 plerique
980 526 1164 580 perverse,
1197 540 1245 565 ne
1265 527 1392 566 dicam
1418 527 1682 580 impudenter,
1707 527 1881 566 amicum

473 594 612 633 habere
632 593 747 632 talem
779 593 930 639 volunt,
965 593 1097 646 quales
1128 593 1197 646 ips1
1218 592 1289 631 effe
1310 607 1387 632 non
1412 593 1566 647 possunt
1582 612 1595 639 ;
1627 607 1790 646 quaeque
1811 594 1880 647 ipfi

473 674 551 699 non
574 661 752 699 tribuunt
771 659 921 705 amicis,
942 658 1024 698 haec
1043 660 1091 698 ab
1122 660 1169 698 iis
1189 659 1411 698 defiderant.
1456 661 1528 698 Par
1547 660 1599 698 est
1619 669 1764 706 autem,
1796 660 1882 713 pri-

473 725 600 773 mum,
622 726 749 779 ipsum
767 726 838 764 effe
857 726 985 764 virum
1005 726 1167 771 bonurn,
1190 735 1291 772 tum,
1318 726 1483 765 alterum
1503 726 1669 764 fimilem
1689 726 1746 764 sui
1772 739 1880 779 quae-

473 806 567 832 rere.
600 794 645 831 In
667 792 807 831 talibus
833 805 888 837 ea,
917 805 1035 845 quam
1058 793 1295 843 jamdudum
1326 794 1547 838 tractamus,
1577 793 1758 831 stabilitas
1779 793 1882 831 ami-

472 859 574 898 citiae
593 858 814 897 confirmari
833 858 980 910 potest;
1012 871 1105 896 cum
1139 856 1334 903 homines,
1369 859 1636 897 benevolentia
1666 859 1882 912 conjuncti,

471 922 646 978 primum
666 922 944 976 cupiditatibus
975 922 1037 967 iis,
1074 922 1216 975 quibus
1237 923 1364 962 caeteri
1389 923 1570 969 serviunt,
1603 925 1848 977 imperabunt
1865 943 1882 970 ς

470 990 610 1029 deinde
629 989 809 1043 aequitate
822 989 1047 1042 justitiaque
1066 989 1304 1042 gaudebunt,
1324 990 1534 1042 omniaque
1559 989 1654 1028 alter
1672 1003 1742 1043 pro
1761 991 1883 1029 altero

470 1056 671 1110 suscipiet:
715 1069 839 1109 neque
873 1055 1089 1109 quidquam
1120 1070 1295 1109 unquam
1327 1057 1396 1095 nisi
1429 1055 1634 1095 honestum
1667 1065 1704 1094 et
1730 1057 1881 1095 mistum

470 1123 564 1162 alter
583 1123 630 1162 ab
650 1123 768 1161 altero
788 1122 1023 1177 postulabit3
1055 1135 1181 1176 neque
1201 1123 1326 1162 solum
1352 1123 1483 1162 colent
1514 1123 1613 1162 inter
1632 1122 1682 1168 se,
1713 1136 1755 1161 ac
1787 1122 1880 1161 dili-

468 1199 574 1244 gent,
596 1189 657 1228 sed
676 1190 795 1228 etiam
815 1189 1076 1229 verebuntur:
1108 1203 1200 1229 nam
1232 1174 1464 1230 maximum⁸
1480 1199 1753 1229 ornamentum
1778 1189 1881 1229 ami-

468 1256 570 1294 citiae
590 1256 708 1301 tollit,
729 1256 798 1309 qui
817 1269 864 1294 ex
883 1269 926 1294 ea
946 1256 1049 1294 tollit
1069 1257 1352 1296 verecundiam.

525 1323 660 1373 Itaque
688 1323 728 1359 in
755 1321 802 1359 iis
831 1321 1065 1373 perniciosus
1085 1322 1137 1360 est
1157 1335 1272 1367 error,
1307 1323 1375 1375 qui
1395 1322 1631 1367 existimant,
1666 1321 1879 1360 libidinum

467 1398 795 1441 peccatorumque
815 1386 996 1424 omnium
1017 1396 1144 1440 patere
1164 1388 1205 1426 in
1226 1388 1396 1426 amicitia
1426 1388 1640 1426 licentiam.
1672 1388 1879 1426 Virtutum

468 1453 640 1491 amicitia
659 1452 826 1505 adjutrix
846 1466 867 1489 a
886 1461 1019 1490 natura
1039 1453 1124 1491 data
1138 1453 1204 1499 est,
1222 1468 1300 1492 non
1317 1455 1502 1493 vitiorum
1522 1467 1677 1498 comes;
1701 1462 1758 1498 ut,
1777 1467 1879 1505 quo·

467 1520 574 1557 niam
596 1518 759 1556 solitaria
780 1531 856 1555 non
878 1516 999 1569 poffet
1019 1517 1139 1555 virtus
1160 1519 1206 1556 ad
1237 1532 1292 1563 ea,
1326 1533 1411 1570 quae
1431 1519 1583 1556 summa
1611 1519 1711 1563 sunt,
1743 1531 1879 1571 perve-

467 1585 562 1629 nire,
584 1584 788 1636 conjuncta
807 1592 844 1620 et
863 1583 1078 1621 consociata
1096 1596 1189 1622 cum
1216 1584 1331 1623 altera
1350 1584 1566 1638 perveniret
1584 1599 1593 1623 :
1626 1597 1712 1637 quae
1732 1584 1758 1622 si
1779 1597 1878 1636 quos

467 1651 568 1688 inter
587 1649 743 1688 societas
764 1657 829 1687 aut
848 1649 914 1695 est,
936 1642 1002 1688 aut
1020 1647 1111 1695 fuit,
1132 1659 1198 1688 aut
1218 1649 1348 1688 futura
1366 1650 1432 1696 est,
1450 1663 1586 1690 eorum
1607 1649 1659 1688 est
1679 1648 1879 1688 habendus

467 1717 512 1755 ad
534 1716 735 1755 summum
756 1725 899 1754 naturae
919 1715 1070 1754 bonum
1089 1716 1262 1769 optimus
1283 1716 1592 1769 beatiffimusque
1614 1716 1837 1754 comitatus.

524 1784 621 1821 Haec
641 1783 707 1828 est,
742 1783 916 1835 inquam,
950 1781 1121 1829 societas,
1156 1783 1197 1821 in
1218 1796 1294 1836 qua
1313 1784 1444 1822 omnia
1465 1783 1607 1828 insunt,
1630 1797 1713 1835 quae
1740 1792 1878 1835 putant

466 1849 645 1886 homines
665 1848 891 1900 expetenda,
925 1847 1112 1894 honestas,
1144 1849 1280 1901 gloria,
1317 1849 1572 1902 tranquillitas
1594 1849 1730 1894 animi,
1762 1858 1878 1901 atque

462 1914 710 1965 jucunditas;
736 1921 791 1957 ut,
810 1925 901 1950 cum
919 1912 1001 1950 haec
1021 1913 1156 1957 adsint,
1174 1915 1282 1951 beata
1301 1915 1377 1951 vita
1396 1915 1454 1958 sit,
1472 1925 1509 1951 et
1530 1915 1604 1952 sine
1625 1914 1685 1952 his
1706 1914 1776 1952 csse
1799 1928 1877 1952 non

468 1980 592 2032 possit.
646 1980 764 2031 Qod
795 1993 888 2016 cum
921 1979 1119 2032 optimum
1154 1980 1451 2031 maximumque
1474 1980 1530 2025 sit,
1567 1980 1593 2018 si
1625 1980 1663 2017 id
1696 1980 1876 2017 volumus

467 2046 638 2098 adipisci,
671 2046 804 2083 virtuti
826 2058 939 2098 opera
959 2045 1081 2083 danda
1101 2045 1176 2090 est,
1211 2046 1285 2084 sine
1307 2059 1382 2098 qua
1403 2059 1528 2098 neque
1548 2046 1776 2089 amicitiam,
1808 2060 1876 2083 ne-

468 2127 543 2164 que
567 2113 686 2150 ullam
710 2125 788 2149 rem
811 2111 1066 2163 expetendam
1087 2111 1271 2165 consequi
1294 2112 1488 2165 polsumus
1510 2127 1518 2150 ε
1552 2126 1593 2150 ea
1615 2126 1702 2150 vero
1723 2113 1877 2165 neglec-

469 2191 519 2223 ta,
541 2180 608 2232 qui
631 2179 664 2216 sc
685 2179 828 2216 amicos
850 2177 990 2216 habere
1010 2179 1255 2223 arbitrantur,
1290 2188 1374 2217 tum
1398 2179 1431 2216 sc
1458 2179 1623 2231 denique
1643 2178 1772 2216 erraffe
1793 2179 1876 2217 scn-

469 2247 585 2290 tiunt,
607 2259 697 2283 cum
717 2258 779 2282 eos
799 2244 921 2298 gravis
943 2244 1081 2297 aliquis
1103 2244 1207 2283 casus
1229 2245 1391 2297 experiri
1414 2245 1533 2297 cogit.

524 2311 719 2363 roirca
753 2310 980 2361 (dicendum
1015 2310 1067 2348 cst
1103 2311 1209 2349 enim
1244 2311 1393 2363 sai-pius)
1416 2324 1508 2348 cum
1538 2310 1785 2362 judicaveris,
1814 2309 1875 2346 di-

469 2379 586 2431 ligere
613 2386 791 2430 oportct;
825 2391 916 2420 non,
950 2391 1042 2415 cum
1075 2377 1267 2421 dilexeris,
1295 2376 1482 2428 judicare.
1525 2376 1594 2414 Sed
1626 2390 1717 2414 cum
1741 2376 1873 2413 multis

469 2448 507 2484 in
531 2445 642 2483 rebus
664 2445 898 2497 negligentia
930 2444 1150 2498 plce‘limur,
1182 2454 1266 2482 tum
1289 2444 1457 2482 maxime
1490 2443 1527 2481 in
1550 2444 1682 2481 amicis
1719 2453 1755 2481 ct
1776 2443 1874 2481 dcli-

469 2511 602 2565 gcndis
634 2521 670 2549 ct
703 2510 900 2548 colendis:
937 2511 1168 2565 pra‘posteris
1199 2511 1304 2548 enim
1333 2511 1480 2548 utimur
1511 2510 1692 2554 consiliis,
1725 2520 1761 2547 ct
1797 2512 1876 2547 aeta

469 2579 634 2632 agimus,
666 2577 770 2630 quod
805 2588 978 2616 vetamur
1012 2578 1128 2616 veteri
1161 2577 1376 2630 proverbio.
1423 2577 1528 2616 Nam
1551 2577 1741 2630 implicari
1774 2576 1876 2615 ultro
