2223 3003
642 287 918 328 LIBER
977 285 1475 326 SECUNDUS.
1686 299 1761 341 235

365 388 420 428 rei
440 386 638 428 familiaris
665 388 710 427 ad
730 400 886 442 paucos,
916 387 1177 441 cupiditatum
1196 387 1243 426 ad
1263 387 1406 427 multos
1426 385 1640 441 improbos,
1658 386 1765 426 venit

365 454 578 494 haereditas.

422 522 511 560 Nec
540 534 629 560 vero
659 532 831 572 unquam
866 519 1059 557 bellorum
1079 519 1257 557 civilium
1277 519 1404 558 semen
1435 528 1473 558 et
1493 519 1601 558 causa
1633 519 1763 563 deerit,

366 586 463 626 dum
496 586 675 626 homines
708 584 847 638 perditi
880 583 1027 622 hastam
1060 584 1168 622 illam
1203 593 1403 622 cruentam
1432 594 1470 622 et
1500 585 1764 631 meminerint,

366 662 405 691 et
432 653 634 706 sperabunt
647 669 658 695 3
690 663 808 702 quam
826 650 871 688 P.
895 649 997 700 Sylla
1015 662 1108 687 cum
1128 648 1316 694 vibrasset,
1343 650 1525 689 dictatore
1544 652 1767 704 propinquo

368 717 447 762 suo,
469 718 573 755 idem
595 716 699 754 sexto
730 724 768 754 et
788 715 978 753 tricesimo
1009 728 1109 753 anno
1138 715 1222 768 post
1241 728 1261 753 a
1290 715 1523 754 sceleratiore
1554 715 1656 754 hasta
1689 731 1768 756 non

366 782 538 821 receffit:
570 782 664 821 alter
682 790 825 826 autem,
859 781 927 834 qui
948 781 987 819 in
1017 781 1085 819 illa
1109 781 1294 819 dictatura
1314 780 1434 819 scriba
1452 780 1589 827 fuerat,
1625 783 1666 820 in
1696 782 1768 822 hac

370 847 445 887 fuit
477 848 637 901 quaestor
669 848 849 886 urbanus.
893 848 955 885 Ex
975 861 1054 900 quo
1074 847 1188 886 debet
1213 847 1396 900 intelligi,
1431 848 1571 886 talibus
1602 849 1769 901 praemiis

368 914 583 968 propositis,
615 927 814 965 nunquam
835 912 1012 951 defutura
1032 913 1131 951 bella
1150 913 1292 951 civilia.
1331 915 1464 966 Itaque
1484 914 1643 966 parietes
1665 914 1769 952 urbis

369 980 487 1019 modo
507 981 603 1019 stant
622 989 660 1018 et
680 990 852 1025 manent,
882 980 988 1032 iique
1007 980 1075 1032 ipsi
1090 981 1172 1032 jam
1191 989 1360 1018 extrema
1379 980 1515 1018 scelera
1529 989 1742 1019 metuentes
1755 998 1768 1025 ;

370 1059 451 1084 rem
471 1060 558 1085 vero
588 1046 787 1099 publicam
808 1046 959 1099 penitus
981 1045 1191 1084 amifinius.
1251 1047 1384 1098 Atque
1414 1046 1455 1084 in
1474 1044 1542 1084 has
1562 1046 1685 1084 clades
1706 1047 1770 1084 in-

370 1113 552 1157 cidimus,
594 1112 861 1164 (redeundum
894 1112 947 1150 est
979 1113 1085 1150 enim
1119 1112 1165 1150 ad
1200 1112 1467 1165 propositum)
1503 1112 1600 1150 dum
1632 1112 1770 1157 metui,

370 1191 488 1230 quam
523 1178 599 1216 cari
629 1177 700 1215 effe
729 1187 767 1216 et
800 1178 926 1230 diligi,
957 1177 1182 1216 maluimus.
1227 1178 1325 1229 Qae
1354 1178 1380 1215 fi
1411 1178 1557 1231 populo
1592 1179 1773 1216 Romano

370 1243 510 1295 injuste
529 1243 734 1296 imperanti
755 1243 923 1281 accidere
953 1252 1175 1296 potuerunt,
1207 1244 1302 1295 quid
1321 1244 1461 1281 debent
1489 1252 1622 1296 putare
1642 1244 1772 1296 fingu-

370 1308 399 1356 li
418 1309 433 1345 ?
465 1309 584 1361 Qod
603 1322 696 1347 cum
716 1308 959 1362 perspicuum
984 1309 1042 1354 fit,
1074 1308 1348 1348 benevolentiae
1368 1309 1450 1347 vim
1470 1309 1542 1347 effe
1562 1323 1742 1362 magnam
1757 1329 1770 1355 5

370 1374 511 1422 metus,
532 1375 797 1421 imbecillam;
829 1375 1014 1428 sequitur,
1046 1384 1089 1413 ut
1112 1374 1346 1421 differamus,
1379 1375 1521 1427 quibus
1552 1376 1664 1414 rebus
1684 1376 1773 1429 pos-

371 1441 488 1480 fimus
508 1441 695 1481 facillime
715 1455 814 1488 eam,
836 1455 955 1495 quam
974 1441 1169 1488 volumus,
1187 1441 1345 1495 adipisci
1364 1454 1457 1481 cum
1476 1440 1622 1482 honore
1642 1451 1680 1482 et
1700 1442 1775 1482 fide

370 1508 583 1546 caritatem.

430 1572 502 1611 Sed
534 1586 577 1610 ea
610 1586 687 1612 non
718 1573 858 1626 pariter
877 1588 1010 1614 omnes
1031 1588 1202 1630 egemus.
1240 1576 1348 1615 Nam
1368 1576 1414 1614 ad
1434 1575 1619 1628 cujusque
1653 1575 1775 1614 vitam

373 1638 646 1678 instituendam
667 1641 1041 1679 accommodandum
1063 1642 1129 1686 est,
1160 1655 1180 1679 a
1200 1641 1381 1679 multisne
1411 1655 1506 1694 opus
1532 1641 1591 1685 slt,
1622 1654 1669 1679 an
1689 1641 1775 1680 satis

373 1718 393 1743 a
412 1705 557 1758 paucis,
584 1705 711 1758 diligi.
760 1707 923 1745 Certum
955 1706 1073 1759 igitur
1106 1706 1181 1745 hoc
1215 1707 1274 1752 fit,
1311 1706 1428 1758 idque
1459 1717 1496 1744 et
1530 1707 1705 1759 primum
1737 1715 1777 1746 et

372 1771 544 1809 maxime
574 1770 834 1817 neceffarium,
861 1771 1139 1811 familiaritates
1170 1771 1309 1811 habere
1340 1772 1432 1810 fidas
1459 1772 1672 1811 amantium
1705 1785 1776 1812 nos

373 1837 605 1882 amicorum,
636 1846 674 1875 et
693 1837 817 1875 nostra
838 1838 1078 1876 mirantium.
1121 1839 1219 1876 Haec
1241 1839 1346 1876 enim
1367 1838 1419 1876 est
1439 1851 1514 1876 una
1533 1851 1590 1876 res
1609 1838 1776 1891 prorsus,

375 1912 418 1941 ut
438 1916 516 1941 non
537 1904 712 1941 multum
733 1903 882 1942 differat
902 1904 1001 1942 inter
1019 1903 1192 1945 summos
1212 1912 1250 1942 et
1270 1904 1483 1942 mediocres
1504 1904 1603 1942 viros
1617 1922 1629 1949 ς
1661 1917 1779 1957 eaque

373 1968 542 2021 utrisque
575 1968 628 2006 est
658 1969 943 2022 propemodum
973 1969 1241 2023 comparanda.
1301 1970 1477 2015 Honore,
1512 1979 1550 2008 et
1569 1969 1705 2023 gloria,
1740 1978 1779 2009 et

373 2034 639 2073 benevolentia
658 2035 806 2074 civium
826 2035 976 2074 fortaffe
997 2049 1075 2075 non
1095 2049 1201 2088 aeque
1221 2049 1356 2074 omnes
1374 2045 1487 2089 egent
1504 2054 1515 2081 ς
1548 2036 1611 2074 sed
1631 2045 1777 2082 tamen,

373 2100 399 2139 fi
420 2101 483 2139 cui
503 2100 584 2140 haec
605 2101 827 2154 suppetunt,
858 2103 1038 2155 adjuvant
1058 2102 1315 2156 aliquantum,
1338 2115 1431 2140 cum
1451 2102 1497 2139 ad
1517 2111 1662 2147 caetera‚
1690 2111 1779 2141 turn

375 2167 420 2205 ad
441 2167 629 2206 amicitias
650 2169 937 2220 comparandas.

431 2233 502 2271 IX.
536 2232 607 2271 Sed
626 2232 672 2270 de
691 2234 862 2271 amicitia
881 2233 955 2270 alio
975 2232 1076 2270 libro
1096 2233 1245 2270 dietum
1265 2232 1331 2277 est,
1363 2232 1431 2285 qui
1452 2232 1672 2271 inscribitur
1690 2234 1779 2272 Lae-

374 2298 464 2337 lius.
507 2299 629 2338 Nunc
650 2298 823 2337 dicamus
846 2299 891 2336 de
910 2298 1058 2351 gloria;
1091 2311 1312 2351 quanquam
1333 2311 1375 2336 ea
1395 2313 1550 2352 quoque
1571 2299 1617 2337 de
1637 2312 1676 2337 re
1704 2299 1782 2338 duo

375 2364 462 2404 sunt
480 2365 597 2405 nostri
617 2365 727 2405 libri:
751 2365 812 2404 sed
832 2367 1079 2419 attingamus,
1102 2365 1416 2418 quandoquidem
1434 2379 1475 2404 ea
1494 2367 1534 2404 in
1554 2366 1667 2405 rebus
1695 2380 1779 2405 ma·

372 2430 523 2480 joribus
545 2431 852 2471 administrandis
873 2432 1023 2484 adjuvat
1043 2431 1273 2484 plurimum.
1317 2433 1478 2470 Summa
1497 2432 1616 2485 igitur
1636 2441 1673 2470 et
1694 2445 1781 2485 per·

378 2494 478 2534 fecta
496 2497 616 2549 gloria
635 2499 780 2538 constat
810 2513 856 2538 ex
878 2499 1000 2537 tribus
1021 2497 1105 2536 his:
1138 2497 1163 2535 fi
1185 2497 1314 2550 diligit
1345 2498 1558 2537 multitudo
1574 2517 1586 2544 5
1618 2498 1644 2536 fi
1665 2498 1783 2537 fidem

379 2560 524 2608 habet5
556 2563 582 2603 fi
613 2578 706 2605 cum
739 2565 990 2606 admiratione
1022 2564 1186 2619 quadam
1213 2563 1359 2603 honore
1391 2577 1460 2602 nos
1492 2565 1628 2618 dignos
1658 2572 1782 2617 putat.

1354 2631 1392 2669 G
1413 2644 1439 2684 g
1461 2643 1481 2669 2
