2223 3003
727 259 832 299 DE
905 258 1385 300 AMICITIA.
1681 278 1759 320 325

350 360 450 415 apud
472 370 595 414 patres
616 359 760 399 nostros
791 359 1028 413 appellatum
1049 360 1120 400 effe
1140 360 1350 414 sapientem
1369 377 1378 400 :
1410 361 1471 400 sed
1492 371 1652 416 uterque
1682 365 1760 403 alio

351 428 521 480 quodam
543 426 686 466 modo:
719 426 880 472 Atilius,
913 428 1003 480 quia
1028 428 1196 481 prudens
1226 427 1298 466 effe
1323 429 1364 468 in
1385 429 1472 482 jure
1502 430 1609 469 civili
1641 442 1757 485 puta-

350 495 486 539 batur;
519 496 630 539 Cato,
667 494 760 546 quia
788 493 1003 532 multarum
1035 508 1164 532 rerum
1198 494 1310 534 usum
1341 495 1520 542 habebat,
1555 498 1759 551 multaque

350 562 431 613 ejus
452 571 490 599 et
509 561 550 599 in
571 562 715 605 senatu,
747 569 786 597 et
805 559 846 597 in
866 558 950 597 foro
970 560 1028 597 vel
1051 561 1198 613 provisa
1216 561 1437 614 prudenter,
1469 563 1529 601 vel
1551 566 1632 602 acta
1661 579 1758 604 con-

349 627 503 672 stanter,
535 627 593 664 vel
628 625 801 678 responsa
830 634 940 662 acute
971 623 1215 671 ferebantur,
1247 636 1445 679 propterea
1475 630 1577 680 quasi
1609 644 1757 684 cogno-

349 706 440 730 men
455 694 538 744 jam
558 690 724 728 habebat
754 690 795 727 in
816 689 1006 727 senestute
1027 690 1218 743 sapientis.
1260 693 1322 729 Te
1341 701 1472 731 autem
1492 694 1568 732 alio
1587 696 1759 747 quodam

350 758 482 802 modo,
518 770 597 795 non
631 755 757 794 solum
792 764 926 793 natura
958 765 998 793 et
1026 756 1216 801 moribus,
1246 770 1382 795 verum
1415 758 1533 796 etiam
1564 759 1688 799 studio
1721 771 1761 801 et

350 823 523 862 do&rina
541 822 611 862 effe
631 822 866 876 sapientem;
899 836 969 861 nec
1001 823 1097 862 ficut
1125 823 1281 877 vulgus,
1313 823 1375 863 sed
1402 834 1445 864 ut
1476 825 1619 864 eruditi
1638 827 1760 866 solent

347 889 536 942 appellare
557 889 781 942 sapientem,
812 888 970 941 qualem
989 889 1030 927 in
1060 889 1207 942 reliqua
1228 890 1379 928 Graecia
1398 891 1598 930 neminem
1617 907 1626 931 :
1649 893 1758 945 (nam

349 955 419 1007 qui
439 954 584 1008 septem
605 955 862 1008 appellantur,
890 968 969 1000 eos,
1001 956 1070 1008 qui
1098 955 1166 993 ista
1184 955 1363 994 subtilius
1383 966 1574 1009 quaerunt,
1609 959 1650 996 in
1684 973 1759 997 nu—

349 1035 458 1060 mero
490 1022 719 1075 sapientium
757 1035 836 1060 non
869 1021 1060 1075 habent:)
1105 1021 1273 1061 Athenis
1307 1037 1432 1062 unum
1466 1025 1686 1077 accepimus
1720 1035 1759 1064 et

350 1102 442 1127 eum
462 1089 623 1141 quidem
643 1089 760 1127 etiam
782 1089 979 1141 Apollinis
1000 1089 1155 1128 oraculo
1175 1089 1495 1143 sapientiffimum
1522 1091 1757 1142 judicatum.

351 1155 468 1193 Hanc
489 1154 559 1193 esse
593 1156 635 1193 in
655 1164 693 1192 te
724 1155 946 1208 sapientiam
968 1156 1201 1202 existimant,
1224 1165 1267 1194 ut
1289 1157 1422 1195 omnia
1441 1167 1507 1195 tua
1525 1158 1566 1196 in
1586 1169 1622 1196 te
1642 1159 1762 1212 polita

352 1219 423 1258 effe
453 1221 584 1266 ducas,
615 1219 883 1273 humanosque
912 1221 1018 1260 casus
1048 1222 1191 1260 virtute
1221 1221 1420 1261 inferiores
1447 1232 1573 1276 putes.
1625 1226 1761 1277 Itaque

351 1299 398 1324 ex
418 1299 483 1324 me
503 1295 694 1338 quaerunt,
727 1286 840 1325 credo
860 1287 956 1325 item
977 1301 1024 1326 ex
1045 1297 1095 1333 te,
1132 1289 1308 1333 Scaevola,
1331 1303 1502 1341 quonam
1521 1291 1632 1342 paeto
1653 1304 1759 1329 mor-

350 1361 432 1391 tem
465 1351 643 1391 Africani
673 1351 770 1391 feras
786 1371 799 1398 ;
830 1367 952 1407 eoque
984 1355 1122 1407 magis,
1157 1355 1262 1407 quod
1298 1354 1360 1393 his
1392 1357 1580 1408 proximis
1615 1357 1759 1402 Nonis,

351 1433 444 1459 cum
465 1421 507 1459 in
536 1419 669 1459 hortos
691 1421 745 1459 D.
768 1422 879 1460 Bruti
899 1422 1068 1474 auguris,
1090 1421 1382 1460 commentandi
1405 1422 1529 1467 causa,
1552 1432 1595 1461 ut
1616 1422 1775 1468 assolet„

351 1486 594 1532 veniffemus,
612 1496 654 1525 tu
675 1500 754 1525 non
773 1486 912 1526 affuisti
922 1506 935 1533 5
958 1489 1027 1540 qui
1043 1488 1330 1541 diligentiffime
1346 1488 1493 1542 semper
1507 1489 1622 1527 illum
1639 1489 1759 1535 diem,

352 1560 390 1590 et
411 1551 516 1590 illud?
530 1565 674 1590 munus
695 1551 828 1590 solitus
848 1552 938 1591 effes
958 1553 1080 1591 obire.

408 1621 644 1656 SCAEVOLA.
679 1620 869 1669 Qaerunt
889 1619 1063 1670 quidem,
1097 1620 1144 1658 C.
1168 1619 1279 1664 Laeli,
1312 1619 1442 1664 multi,
1474 1629 1518 1658 ut
1543 1620 1596 1658 est
1615 1633 1635 1658 a
1655 1622 1759 1659 Fan-

352 1684 418 1722 nio
439 1684 586 1721 dietum
603 1697 612 1721 :
635 1683 696 1721 sed
717 1697 787 1736 ego
807 1683 846 1721 id
867 1683 1087 1736 respondeo,
1108 1684 1212 1737 quod
1228 1685 1492 1731 animadverti,
1511 1694 1548 1723 te
1568 1686 1758 1732 dolorem,

355 1763 473 1802 quem
495 1749 683 1802 acceperis
712 1763 804 1787 cum
826 1749 969 1788 summi
999 1750 1084 1795 viri,
1116 1760 1202 1789 tum
1233 1751 1464 1796 amicissimi,
1490 1761 1630 1797 morte,
1661 1752 1759 1791 ferre

353 1816 545 1854 moderate
562 1835 573 1861 ς
606 1829 674 1854 nec
696 1815 857 1869 potuiffe
877 1829 956 1854 non
987 1817 1239 1862 commoveri,
1271 1831 1342 1856 nec
1362 1816 1473 1856 fuiffe
1502 1819 1542 1856 id
1573 1817 1758 1857 humani-

354 1883 439 1920 tatis
463 1892 559 1920 tuae:
582 1881 687 1934 quod
707 1892 836 1920 autem
856 1882 916 1920 his
938 1883 1066 1921 Nonis
1088 1883 1127 1920 in
1149 1883 1276 1921 nostro
1295 1883 1460 1936 collegio
1480 1896 1559 1921 non
1580 1883 1758 1928 affuiffes,

352 1949 655 1987 invaletudinem
675 1949 807 1994 causae,
838 1962 916 1987 non
936 1949 1175 1994 moestitiam,
1193 1948 1318 1988 fuiffe.

409 2017 604 2054 Lxssmus.
638 2015 757 2054 Reete
790 2024 832 2054 tu
862 2015 1037 2068 quidem,
1068 2017 1246 2062 Scaevola,
1282 2025 1319 2055 et
1340 2030 1449 2055 vere:
1483 2029 1554 2055 nec
1573 2017 1679 2055 enim
1712 2017 1760 2055 ab

355 2082 424 2120 isto
458 2083 601 2127 officio,
634 2083 739 2135 quod
770 2083 918 2136 semper
946 2083 1135 2136 usurpavi,
1172 2097 1265 2122 cum
1299 2084 1479 2127 valerem,
1525 2083 1664 2120 abduci
1695 2083 1758 2120 in-

355 2149 567 2187 commodo
610 2163 698 2187 meo
733 2150 876 2195 debui,
922 2163 992 2187 nec
1024 2149 1106 2187 ullo
1144 2149 1230 2187 casu
1270 2149 1432 2186 arbitror
1461 2148 1537 2186 hoc
1572 2148 1760 2187 constanti

354 2214 508 2252 homini
529 2214 629 2266 poss‘e
649 2215 886 2266 contingere,
918 2224 961 2251 ut
992 2214 1069 2251 ulla
1095 2213 1322 2252 intermiffio
1342 2213 1407 2252 fiat
1427 2214 1559 2252 officii.
1602 2216 1668 2252 Tu
1689 2228 1759 2253 au-

355 2290 451 2324 tem,
488 2280 625 2323 Fanni,
662 2279 729 2331 qui
766 2278 866 2317 mihi
901 2287 1053 2327 tantum
1087 2279 1205 2317 tribui
1235 2279 1346 2324 dicis,
1377 2290 1567 2332 quantum
1587 2293 1660 2332 ego
1690 2294 1760 2318 nec

357 2346 531 2398 agnosco,
574 2359 642 2383 nec
674 2345 840 2398 postulo,
870 2344 964 2383 facis
999 2345 1145 2390 amice;
1188 2345 1264 2390 sed,
1297 2355 1340 2384 ut
1366 2345 1464 2384 mihi
1496 2346 1650 2392 videris,
1681 2360 1759 2384 non

358 2414 455 2450 redte
479 2413 628 2464 judicas
661 2412 707 2449 de
729 2413 902 2451 Catone:
936 2421 1000 2450 aut
1032 2412 1137 2449 enim
1164 2425 1294 2458 nemo,
1324 2413 1429 2465 quod
1450 2413 1610 2465 quidem
1637 2414 1758 2465 magis

359 2477 487 2522 credo,
517 2488 594 2523 aut,
629 2478 654 2516 fi
681 2477 900 2531 quisquam,
929 2479 995 2516 ille
1016 2478 1158 2531 sapiens
1178 2477 1268 2516 fuit.
1316 2479 1528 2531 Qomodo
1559 2480 1664 2516 enim
1698 2482 1759 2529 (ut

361 2544 431 2580 alia
452 2544 648 2596 omittam)
672 2555 838 2583 mortem
859 2545 931 2584 filii
951 2545 1041 2584 tulit
1061 2545 1073 2581 ?
1106 2544 1367 2583 Memineram
1389 2546 1570 2589 Paulum,
1592 2544 1759 2581 videram

362 2609 552 2649 Gallum:
584 2610 644 2649 sed
673 2610 716 2649 hi
744 2612 784 2650 in
815 2612 940 2665 pueris
956 2630 969 2658 5
1003 2612 1101 2651 Cato
1131 2610 1171 2649 in
1198 2609 1367 2665 perfeeto
1400 2621 1437 2650 et
1468 2611 1631 2663 speetato
1662 2609 1757 2648 viro.
