2223 3003
409 241 464 277 44
702 228 804 267 DE
863 226 1516 266 DIVINATIONE

410 336 475 365 aut
494 326 661 380 superfit.
711 327 840 364 Parvis
871 327 977 363 enim
997 323 1206 362 momentis
1239 324 1365 361 multa
1383 333 1516 361 natura
1544 331 1609 361 aut
1635 323 1809 377 affingit,

410 401 474 429 aut
494 401 632 435 mutat,
663 399 727 427 aut
746 389 925 427 detrahit.

463 456 582 506 Qod
613 468 660 492 ne
693 454 867 492 dubitare
900 454 1103 507 posfimus,
1127 454 1301 492 maximo
1333 453 1386 492 est
1417 462 1658 506 argumento,
1697 453 1811 505 quod·

408 521 523 573 paulo
542 530 628 558 ante
647 521 848 559 interitum
870 520 1024 558 Caesaris
1053 520 1223 572 contigit
1231 538 1244 564 ;
1274 520 1343 572 qui
1373 533 1466 558 cum
1496 519 1714 558 immolaret
1733 518 1816 557 illo.

408 585 485 630 die,
515 598 595 637 quo
627 585 801 638 primum
836 586 877 622 in
911 584 1002 623 sella
1027 598 1143 623 aurea.
1165 584 1272 630 sedit,
1301 593 1340 623 et
1373 598 1466 622 cum
1495 596 1684 638 purpurea
1702 582 1802 621 veste

409 649 601 703 proceffit‚
631 651 672 688 in
691 650 788 689 extis
808 650 917 689 bovis
935 650 1060 703 opimi
1079 664 1145 688 cor
1164 663 1242 688 non
1261 648 1351 688 fuit.
1396 649 1510 688 Num
1531 650 1649 702 igitur
1674 647 1800 687 censes

409 715 537 753 ullum
570 715 727 761 animal,
757 715 862 767 quod
888 715 1110 768 sanguinem
1138 715 1287 760 habeat,
1322 714 1398 753 sme
1425 714 1539 753 corde
1571 713 1642 752 effe
1668 713 1768 766 poss‘e
1786 714 1803 750 ?·

410 782 500 834 Qa
517 781 583 820 ille
602 782 655 819 rei
675 782 841 820 novitate
860 780 1076 834 perculsus„
1100 795 1190 819 cum
1213 781 1402 833 Spurinna
1421 780 1563 819 diceret
1583 779 1802 818 timendum

409 846 493 892 effe,
539 860 586 885 ne
615 856 653 886 et
681 847 898 891 consilium,
929 855 967 884 et
1009 847 1086 884 vita
1119 846 1297 885 deficeret
1312 864 1324 891 ς
1366 859 1498 885 earum
1532 845 1638 884 enim
1673 858 1803 883 rerum

410 921 620 965 utrumque
653 926 674 950 a
705 913 818 951 corde
848 911 1064 964 proficisci:
1095 911 1244 964 postero
1275 912 1337 950 die
1366 920 1481 965 caput
1514 912 1556 950 in
1575 912 1704 962 jecore
1723 923 1803 949 non

409 976 499 1016 fuit.
531 978 629 1030 Qae
657 979 818 1031 quidem
838 979 896 1016 illi
929 978 1253 1031 portendebantur
1272 991 1294 1016 a
1312 978 1399 1016 Diis
1427 977 1727 1022 immortalibus,
1758 985 1813 1015 ut.

409 1043 554 1082 videret
572 1045 794 1089 interitum„
808 1057 886 1083 non
907 1053 950 1082 ut
969 1052 1130 1081 caveret.
1169 1044 1274 1082 Cum
1291 1043 1411 1095 igitur
1429 1055 1481 1080 eae
1503 1052 1624 1094 partes
1644 1043 1684 1081 in
1704 1043 1810 1081 extis-

408 1122 488 1148 non
508 1110 762 1163 reperiuntur,
793 1109 869 1147 fine
887 1110 1030 1162 quibus
1049 1109 1206 1148 victima
1224 1109 1290 1147 illa
1314 1109 1438 1147 vivere
1463 1107 1664 1161 nequisset,
1685 1107 1804 1146 intel-

410 1173 613 1227 ligendum
629 1175 697 1220 est,
727 1175 773 1213 in
789 1173 870 1227 ipso
889 1173 1168 1213 immolationis
1189 1182 1361 1227 tempore
1383 1187 1443 1212 eas
1473 1182 1610 1226 partes,
1632 1186 1717 1225 quae
1733 1172 1807 1211 ab·

409 1239 496 1285 sint,
518 1240 696 1279 interisse.

465 1306 578 1345 LIII.
609 1306 835 1360 Eademque
863 1307 987 1347 efficit
1003 1308 1042 1347 in
1061 1307 1194 1347 avibus
1214 1308 1343 1347 divina
1375 1321 1498 1354 mens,
1533 1317 1576 1346 ut
1603 1316 1688 1345 tum
1708 1305 1801 1350 huc,

410 1380 496 1410 tum
517 1371 610 1411 illuc
630 1373 760 1412 volent
779 1374 910 1419 alites;
944 1384 1027 1413 tum
1057 1374 1098 1412 in
1118 1373 1204 1420 hac,
1235 1386 1319 1414 tum
1339 1375 1380 1413 in
1400 1374 1467 1413 illa
1486 1383 1589 1428 parte
1613 1373 1647 1412 se
1666 1373 1801 1411 occul·-

409 1446 492 1475 tent
507 1455 519 1482 3
552 1447 636 1476 tum
657 1451 678 1475 a
696 1438 840 1491 dextra,
868 1448 955 1478 tum
974 1452 994 1477 a
1012 1439 1154 1478 finistra
1171 1449 1274 1493 parte
1293 1449 1430 1478 canant
1448 1439 1607 1478 oscines.
1649 1438 1755 1476 Nam
1776 1436 1803 1474 fi

408 1502 550 1541 animal
570 1517 700 1549 omne,
718 1513 761 1542 ut
781 1504 878 1549 vult,
909 1505 962 1543 ita
981 1504 1103 1543 utitur
1122 1514 1233 1544 motu
1252 1504 1309 1543 sui
1327 1505 1511 1558 corporis,
1541 1515 1679 1556 prono,
1698 1501 1808 1539 obli-

407 1581 500 1620 quo,
533 1569 667 1621 supino
683 1587 694 1614 5
727 1570 979 1622 membraque
1007 1583 1240 1622 quocunque
1271 1571 1369 1615 vult,
1399 1570 1532 1614 flectit,
1558 1576 1812 1620 contorquet‚.

409 1633 582 1686 porrigit,
599 1633 791 1672 contrahit
800 1653 811 1680 ς
839 1647 957 1687 eaque
971 1645 1059 1672 ante
1075 1635 1194 1673 efficit
1209 1648 1319 1687 pene,
1338 1648 1454 1687 quam
1471 1635 1615 1687 cogitat
1622 1652 1634 1678 ,ς
1657 1633 1803 1685 quanto

407 1698 447 1735 id
467 1699 552 1737 Deo
571 1699 625 1737 est
642 1699 808 1745 facilius,
829 1701 939 1752 cujus
960 1701 1114 1739 numini
1135 1709 1267 1752 parent
1285 1700 1444 1738 omnia?

464 1764 651 1817 Idemque
670 1766 794 1803 mittit
827 1775 865 1803 et
885 1765 988 1817 signa
1018 1765 1128 1803 nobis
1159 1765 1241 1816 ejus
1266 1764 1428 1817 generis,
1460 1763 1587 1817 qualia
1613 1763 1811 1816 permulta.

408 1829 562 1868 historia
592 1831 774 1876 tradidit5
807 1831 918 1883 quale
947 1831 1132 1884 scriptum
1163 1830 1259 1868 illud
1291 1830 1491 1875 videmus;
1523 1831 1560 1868 Si
1580 1830 1671 1868 luna
1688 1830 1804 1883 paulo

408 1907 494 1934 ante
515 1896 601 1934 solis
621 1906 748 1935 ortum
771 1895 964 1934 defeciss‘et
989 1897 1027 1934 in
1048 1896 1153 1949 signo
1173 1895 1308 1940 leonis,
1330 1894 1424 1939 fore,
1447 1905 1489 1933 ut
1508 1896 1623 1933 armis
1644 1897 1802 1940 Darius,

407 1972 444 2000 et
475 1963 590 2001 Persae
611 1963 657 2001 ab
679 1963 899 2001 Alexandro
918 1972 958 2000 et
977 1961 1259 2000 Macedonibus
1280 1962 1409 2015 praelio
1429 1962 1685 2006 vincerentur,
1719 1962 1800 1999 Da—

408 2029 559 2081 riusque
581 2038 813 2067 moreretur:
845 2037 897 2073 et,
929 2028 953 2066 si
977 2028 1101 2080 puella
1123 2037 1208 2065 nata
1229 2028 1359 2080 biceps
1382 2027 1485 2072 effet,
1516 2026 1738 2065 seditionem
1762 2028 1801 2066 in

408 2096 552 2147 populo
574 2094 667 2140 fore,
689 2095 945 2147 corruptelam
965 2103 1003 2132 et
1023 2094 1253 2132 adulterium
1273 2094 1405 2132 domi:
1437 2104 1490 2138 et,
1512 2094 1537 2132 si
1559 2093 1699 2132 mulier
1720 2094 1800 2132 leo-

409 2176 496 2199 nem
518 2161 697 2215 pepcriffe
719 2161 793 2199 visa
813 2160 928 2205 essct3
960 2159 1056 2206 fore,
1086 2170 1129 2199 ut
1159 2160 1206 2199 ab
1225 2161 1363 2199 exteris
1388 2161 1568 2213 gentibus
1589 2161 1802 2198 vinceretur

407 2241 448 2264 ea
475 2227 699 2279 respublica,
731 2227 768 2264 in
801 2240 877 2278 qua
898 2226 935 2264 id
956 2225 1187 2279 contigiss‘et.
1231 2226 1412 2279 Ejusdem
1432 2226 1579 2279 generis
1600 2226 1715 2264 etiam
1752 2225 1801 2263 il-

407 2293 473 2330 lud
494 2294 558 2337 cst,
583 2293 685 2345 quod
708 2293 837 2330 scribit
859 2293 1105 2337 Herodotus,
1137 2293 1255 2331 Croefi
1278 2293 1418 2336 filium,
1440 2306 1531 2330 cum
1551 2291 1638 2330 css‘ct
1660 2291 1800 2335 infans,

408 2359 583 2397 locutum
602 2377 610 2402 ;
644 2373 721 2410 quo
748 2358 895 2396 ostento
916 2372 1077 2410 regnum
1099 2358 1232 2411 patris,
1261 2367 1298 2396 et
1319 2358 1482 2396 domum
1504 2357 1678 2395 funditus
1705 2371 1801 2394 con-

407 2425 548 2464 cidisse.
601 2429 727 2477 Caput
748 2424 864 2462 arfiffc
896 2425 1024 2462 Servio
1044 2424 1181 2462 Tullio
1198 2425 1419 2469 dormienti,
1447 2438 1530 2476 qua:
1552 2423 1702 2461 historia
1725 2437 1801 2461 non

407 2492 601 2544 prodidit?
636 2492 689 2529 Ut
723 2491 840 2543 igitur
870 2490 936 2542 qui
960 2490 993 2527 sc
1020 2490 1139 2528 tradet
1160 2491 1297 2542 quieti,
1329 2501 1533 2543 praepamto
1559 2492 1689 2528 animo
1716 2499 1801 2529 tum

408 2558 516 2596 bonis
531 2557 843 2611 cogitationibus,
863 2566 947 2595 tum
964 2556 1075 2595 rebus
1092 2556 1137 2596 ad
1155 2557 1473 2609 tranquillitatem
1486 2555 1802 2599 accommodatis,
