2223 3003
367 213 421 251 60
655 212 758 251 DE
817 210 1468 252 DIVINATIONE

367 319 406 348 et
424 307 688 347 musculorum
703 307 896 359 jecuscula
917 307 1054 345 bruma
1073 308 1255 345 dicuntur
1273 309 1416 360 augeri,
1433 317 1472 346 et
1490 308 1664 361 puleium
1678 311 1754 349 asi-

366 375 461 413 dum
480 374 672 412 florescere
703 371 869 409 brumali
887 371 968 423 ipso
993 372 1068 416 die,
1098 380 1136 409 et
1165 371 1312 410 inflatas
1336 373 1465 425 rumpi
1496 373 1689 419 veficulas,
1717 384 1756 413 et

364 441 506 478 semina
536 437 740 481 malorum,
772 450 857 488 quae
886 437 927 475 in
958 436 1005 475 iis
1025 437 1162 476 mediis
1189 438 1334 476 inclusa
1362 438 1448 483 sint,
1479 439 1521 478 in
1551 439 1756 478 contrarias

361 514 484 557 partes
505 503 539 541 se
559 511 721 541 vertere:
737 503 821 554 jam
840 515 974 541 nervos
994 503 1034 541 in
1054 503 1195 542 fidibus
1215 504 1297 542 aliis
1318 505 1434 557 pulfis
1448 505 1616 543 resonare
1634 505 1726 543 alios
1740 523 1754 550 ς

362 568 566 622 ostreisque
595 578 634 607 et
651 567 866 620 conchyliis
895 569 1078 608 omnibus
1097 571 1334 623 contingere,
1365 580 1409 609 ut
1434 585 1526 609 cum
1545 571 1637 609 luna
1654 571 1755 609 cres·

361 644 451 674 cant
470 635 621 688 pariter,
652 635 869 689 pariterque
888 635 1128 682 decrescant,
1159 636 1380 689 arboresque
1400 646 1444 675 ut
1462 636 1632 689 hyemali
1652 646 1754 676 tem-

361 715 466 755 pore,
496 715 588 740 cum
609 701 700 740 luna
718 702 830 740 fimul
851 702 1095 748 senescentes,
1118 703 1209 755 quia
1227 712 1313 741 tum
1332 703 1524 742 exficcatae
1544 703 1630 748 sint,
1652 712 1755 741 tem-

361 767 502 820 pestive
527 768 620 806 caedi
653 776 849 820 putentur.
887 768 995 818 Qid
1025 768 1071 806 de
1098 767 1219 813 fretis,
1246 778 1311 807 aut
1341 769 1388 807 de
1417 769 1574 807 marinis
1605 768 1756 807 aestibus

359 833 470 886 plura
488 834 614 872 dicam
632 833 645 869 ?
676 847 842 886 quorum
861 833 1023 873 acceffus
1042 843 1081 872 et
1111 833 1268 873 recessus
1289 834 1388 874 lunae
1407 845 1517 874 motu
1536 835 1756 888 gubernan-

359 907 437 939 tur.
468 903 651 939 Sexcenta
670 900 762 939 licet
790 901 978 953 ejusmodi
997 899 1173 954 proferri,
1205 911 1249 940 ut
1268 901 1492 940 distantium
1511 915 1639 940 rerum
1659 915 1754 955 cog-

358 967 463 1004 natio
482 966 662 1005 naturalis
682 976 870 1019 appareat.

413 1033 504 1070 XV.
538 1033 688 1071 Demus
712 1031 816 1071 hoc:
847 1031 947 1070 nihil
979 1032 1084 1070 enim
1119 1031 1213 1070 huic
1246 1032 1495 1084 disputationi
1527 1033 1753 1072 adversatur.

357 1098 471 1137 Num
489 1099 622 1143 etiam,
657 1097 684 1136 fi
712 1097 838 1136 fiffum
868 1097 1176 1150 cujusdammodi
1209 1097 1326 1136 fuerit
1360 1099 1400 1135 in
1428 1099 1570 1150 jecore,
1600 1097 1756 1136 lucrum

356 1164 568 1202 ostenditur
585 1165 598 1202 ?
630 1165 721 1215 Qa
738 1177 786 1202 ex
805 1164 1035 1217 cognatione
1054 1173 1210 1208 naturae‚
1241 1172 1278 1201 et
1297 1163 1399 1215 quafi
1426 1172 1616 1202 concentu
1638 1174 1755 1215 atque

356 1230 554 1279 consensu,
585 1242 703 1282 quam
734 1226 951 1277 συμπείθειν
980 1229 1108 1268 Graeci
1140 1229 1347 1283 appellant,
1383 1230 1586 1268 convenire
1616 1230 1752 1282 potest,

356 1304 422 1334 aut
442 1295 568 1335 fiss‘um
595 1296 734 1348 jecoris
765 1309 858 1334 cum
877 1295 1020 1334 lucello
1039 1309 1141 1340 meo,
1171 1305 1236 1334 aut
1256 1309 1364 1334 meus
1385 1296 1629 1348 quaesticulus
1659 1310 1753 1335 cum

356 1361 463 1406 caelo,
486 1370 593 1407 terra,
617 1374 822 1413 rerumque
842 1362 1004 1400 natura?
1037 1361 1259 1400 Concedam
1279 1361 1355 1400 hoc
1376 1361 1517 1414 ipsum,
1538 1361 1563 1399 fi
1583 1362 1664 1405 vis;
1687 1361 1754 1399 etfi

356 1440 538 1480 magnam
570 1428 759 1479 jaCturam
793 1427 910 1466 causae
943 1426 1083 1473 fecero,
1127 1428 1154 1466 fi
1185 1427 1306 1466 ullam
1339 1427 1411 1466 esse
1446 1428 1753 1466 convenientiam

355 1503 497 1532 naturae
516 1507 609 1532 curn
627 1494 726 1532 extis
746 1493 973 1532 conceffero.
1020 1494 1090 1532 Sed
1110 1503 1252 1539 tamen,
1285 1507 1330 1532 eo
1349 1493 1535 1538 conceffo,
1567 1494 1635 1546 qui
1663 1507 1752 1530 eve-

355 1559 428 1604 nit,
455 1569 499 1597 ut
519 1559 565 1604 is,
596 1560 665 1611 qui
684 1560 880 1612 impetrire
900 1560 1005 1604 velit,
1037 1561 1333 1598 convenientem
1353 1560 1517 1598 hostiam
1545 1561 1657 1597 rebus
1678 1559 1753 1598 suis

354 1625 532 1663 immolet
549 1625 562 1661 ?
593 1625 684 1662 Hoc
704 1634 796 1670 erat,
815 1625 922 1676 quod
941 1628 1014 1678 ego
1032 1639 1108 1662 non
1129 1626 1235 1663 rebar
1254 1625 1354 1677 poffe
1371 1625 1519 1663 diffolvi
1535 1640 1543 1663 :
1576 1635 1614 1663 at
1633 1639 1752 1677 quam

355 1689 485 1728 festive
505 1689 739 1728 dissolvitur!
774 1690 899 1728 Pudet
918 1704 983 1728 me
1002 1704 1079 1728 non
1106 1692 1162 1729 tui
1184 1691 1357 1742 quidem,
1388 1691 1498 1741 cujus
1527 1692 1643 1727 etiam
1665 1704 1750 1728 me-

354 1755 517 1793 moriam
538 1755 719 1802 admiror,
751 1754 812 1792 sed
833 1753 1052 1807 Chrysippi,
1085 1754 1293 1807 Antipatri,
1318 1754 1524 1799 Posidonii,
1557 1755 1625 1807 qui
1647 1755 1750 1793 idem

355 1820 451 1858 istuc
476 1820 637 1872 quidem
664 1820 813 1864 dicunt,
829 1815 945 1871 'quod
965 1819 1016 1857 est
1036 1819 1184 1856 dietum
1205 1833 1224 1856 a
1245 1828 1294 1863 te,
1325 1820 1371 1857 ad
1392 1819 1554 1858 hostiam
1576 1820 1751 1873 deligen-

354 1885 444 1923 dam
461 1885 601 1923 ducem
620 1883 690 1922 effe
715 1885 796 1922 vim
816 1884 1007 1936 quandam
1041 1884 1282 1929 sentientem,
1313 1895 1427 1938 atque
1447 1885 1631 1929 divinam,
1664 1900 1749 1939 quae

354 1959 436 1988 toto
456 1948 614 1988 confusa
633 1949 780 1988 mundo
800 1949 857 1987 sit.

411 2016 513 2054 Illud
543 2029 630 2054 vero
661 2015 788 2053 multo
817 2015 931 2053 etiam
953 2015 1107 2060 melius,
1140 2016 1244 2069 quod
1263 2026 1301 2054 ct
1330 2029 1350 2054 a
1380 2026 1416 2054 te
1437 2017 1659 2069 usurpatum
1681 2018 1748 2063 est,

354 2090 393 2119 et
412 2081 552 2120 dicitur
572 2081 619 2120 ab
639 2081 741 2126 illis;
763 2094 855 2119 cum
876 2081 1078 2120 immolare
1097 2081 1287 2134 quispiam
1308 2082 1412 2127 velit,
1431 2092 1515 2121 tum
1536 2082 1616 2120 fieri
1637 2093 1749 2121 exto-

354 2161 442 2185 rum
463 2147 733 2192 mutationem,
751 2155 795 2185 ut
808 2156 874 2185 aut
889 2147 982 2185 abfit
997 2148 1156 2200 aliquid,
1174 2158 1237 2186 aut
1254 2148 1426 2201 supersit:
1452 2149 1626 2187 Deorum
1643 2150 1749 2188 enim

354 2214 506 2251 numini
528 2227 655 2267 parere
679 2214 824 2252 omnia.
871 2214 968 2252 Haec
983 2215 1079 2266 jam,
1110 2213 1352 2260 mihicrede,
1388 2229 1435 2253 ne
1465 2216 1624 2254 aniculae
1656 2216 1748 2267 qui-

353 2279 443 2317 dem
463 2279 694 2318 existimant.
739 2281 804 2317 An
824 2279 964 2324 censes,
998 2281 1164 2319 eundem
1185 2281 1353 2320 vitulum
1374 2281 1399 2319 fi
1420 2281 1516 2319 alius
1549 2281 1746 2334 delegerit,

354 2343 430 2382 fine
449 2344 693 2396 capitejecur
711 2344 984 2389 inventurum;
1006 2345 1031 2383 s1
1053 2345 1162 2390 alius,
1179 2359 1270 2384 cum
1291 2347 1414 2399 capite
1433 2346 1446 2383 ?
1477 2347 1573 2384 Haec
1590 2346 1749 2384 dcccmo

354 2409 506 2462 capitis,
527 2419 591 2447 aut
611 2409 778 2454 acccffio,
800 2409 973 2449 subitone
1004 2410 1083 2449 fieri
1104 2411 1239 2463 potest,
1271 2422 1313 2450 ut
1340 2411 1373 2449 se
1393 2421 1479 2450 exta
1498 2412 1542 2449 ad
1564 2411 1745 2450 immola-

355 2475 445 2512 toris
466 2473 661 2514 fortunam
682 2475 976 2514 accommodent
995 2477 1007 2513 ?
1039 2477 1132 2515 Non
1154 2477 1378 2531 perspicitis,
1410 2478 1530 2515 aleam
1551 2478 1743 2529 quandam

351 2539 466 2581 ineffe
483 2539 617 2582 hostiis
648 2541 875 2597 deligendis,
905 2543 1111 2596 praesertim
1137 2556 1230 2583 cum
1248 2557 1306 2584 res
1337 2543 1414 2597 ipsa
1445 2544 1607 2583 doceat?
1640 2545 1747 2583 Cum
