2223 3003
823 151 1097 192 LIBER
1160 152 1517 193 PRIMUS.
1812 172 1862 210 29

478 252 531 292 est
547 268 556 291 ε
578 260 617 291 et
636 260 678 292 ut
698 252 738 291 in
750 252 860 304 Syllae
879 252 1064 307 scriptum
1082 252 1236 292 historia
1254 254 1441 300 videmus,
1457 254 1561 308 quod
1580 264 1617 293 te
1635 254 1862 309 inspestante

479 319 626 358 fastum
645 319 711 365 est,
742 329 799 363 ut,
834 333 926 357 cum
945 320 1011 358 ille
1030 320 1069 358 in
1089 333 1178 373 agro
1196 320 1352 359 Nolano
1371 321 1590 360 immolaret
1618 331 1703 360 ante
1722 333 1862 375 praeto-

481 387 598 431 rium,
629 386 676 424 ab
696 385 830 424 infima
859 399 919 423 ara
940 385 1065 424 subito
1093 386 1227 438 anguis
1251 397 1483 440 emergeret;
1513 402 1605 426 cum
1635 389 1792 440 quidem
1811 391 1861 429 C.

481 451 697 490 Postumius
716 450 900 502 haruspex
918 459 1039 488 oraret
1057 451 1185 496 illum,
1217 461 1260 489 ut
1278 452 1320 489 in
1349 453 1633 504 expeditionem
1652 455 1864 494 exercitum

479 516 658 553 educeret
668 533 681 560 ς
712 515 752 552 id
770 527 863 551 cum
892 513 994 564 Sylla
1013 513 1172 558 fecisset,
1204 524 1289 553 tum
1308 525 1394 553 ante
1419 518 1607 569 oppidum
1627 519 1770 558 Nolam
1790 519 1863 558 flo-

480 579 688 617 rentiffima
706 578 938 616 Samnitium
955 577 1073 616 castra
1089 578 1208 631 cepit.

536 645 568 682 F
570 645 650 682 asta
668 644 883 695 conjectura
901 643 1017 681 etiam
1036 644 1077 681 in
1108 643 1292 695 Dionyfio
1311 644 1363 682 est
1382 645 1496 697 paulo
1521 655 1606 684 ante
1636 661 1752 700 quam
1778 664 1864 703 reg-

479 723 569 749 nare
588 710 707 763 coepit
724 725 733 748 :
763 709 834 762 qui
852 723 944 748 cum
963 723 1030 762 per
1047 723 1182 762 agrum
1201 711 1437 749 Leontinum
1457 712 1528 750 iter
1546 711 1701 759 faciens,
1721 728 1866 767 equum

480 775 559 828 ipse
594 774 795 813 demififfet
826 775 869 812 in
901 774 1061 820 flumen,
1098 774 1326 814 summersus
1355 788 1476 828 equus
1507 779 1748 830 voraginibus
1788 793 1867 817 non

481 840 612 878 extitit
627 869 638 885 ,
662 853 784 893 quem
803 838 894 878 cum
913 840 1084 879 maxima
1100 841 1348 879 contentione
1367 854 1445 880 non
1463 843 1640 894 potuiffet
1658 843 1866 889 extrahere,

481 905 654 950 discessit,
676 915 720 944 ut
738 906 790 944 ait
810 904 1005 950 Philistus,
1027 919 1123 958 aegre
1141 905 1264 944 ferens
1283 920 1292 944 ε
1325 919 1417 944 cum
1437 917 1565 945 autem
1584 908 1867 960 aliquantulum

479 971 689 1024 progreffus
702 971 807 1016 effet,
820 971 946 1010 subito
965 972 1158 1010 exaudivit
1173 971 1385 1017 hinnitum,
1403 973 1654 1025 respexitque,
1669 984 1707 1012 et
1722 987 1867 1026 equum

480 1037 645 1076 alacrem
678 1038 785 1075 laetus
804 1036 959 1089 aspexit,
994 1038 1102 1089 cujus
1121 1038 1163 1075 in
1190 1037 1285 1090 juba
1303 1051 1462 1076 examen
1488 1052 1605 1091 apum
1636 1039 1866 1079 consederat.

480 1102 602 1154 Qod
620 1101 811 1140 ostentum
830 1100 967 1140 habuit
985 1101 1085 1140 hanc
1104 1103 1200 1147 vim,
1233 1111 1276 1141 ut
1295 1103 1500 1154 Dionysius
1525 1104 1656 1156 paucis
1677 1104 1758 1158 post
1784 1104 1867 1142 die-

478 1167 554 1205 ‘bus
574 1180 726 1219 regnare
744 1167 915 1219 coeperit.

537 1233 729 1271 XXXIV.
759 1232 892 1283 Qid
887 1233 898 1260 Ρ
931 1232 1223 1271 Lacedemoniis
1243 1233 1356 1285 paulo
1375 1242 1462 1271 ante
1492 1234 1735 1272 Leuctricam
1767 1235 1867 1272 cala-

483 1298 659 1337 mitatem
679 1313 766 1351 quae
783 1298 1007 1351 significatio
1025 1298 1123 1337 faeta
1151 1299 1217 1344 est,
1252 1313 1343 1338 cum
1375 1300 1417 1338 in
1436 1300 1617 1338 Herculis
1648 1299 1738 1339 fano
1767 1315 1871 1339 arma

483 1365 703 1410 sonuerunt,
737 1365 993 1418 Herculisque
1010 1365 1257 1404 simulacrum
1287 1366 1413 1405 multo
1432 1365 1563 1404 sudore
1592 1367 1784 1405 manavit?
1815 1369 1870 1405 At

482 1431 618 1470 eodem
638 1440 810 1484 tempore
828 1430 993 1476 Thebis,
1028 1440 1071 1469 ut
1088 1431 1143 1469 ait
1161 1431 1430 1477 Callisthenes,
1459 1432 1501 1469 in
1521 1432 1667 1485 templo
1687 1433 1870 1471 Herculis

478 1496 600 1534 -valvae
620 1497 752 1535 clausae
771 1497 960 1549 repagulis
981 1497 1106 1535 subito
1127 1497 1162 1535 se
1181 1497 1267 1550 ipsae
1287 1507 1536 1550 aperuerunt;
1564 1511 1757 1550 armaque,
1785 1512 1871 1551 quae

482 1561 561 1599 fixa
579 1562 620 1599 in
640 1562 845 1614 parietibus
865 1561 1026 1607 fuerant,
1045 1576 1088 1600 ea
1106 1563 1193 1600 sunt
1210 1562 1324 1601 humi
1342 1564 1508 1601 inventa.
1537 1564 1718 1615 Cumque
1736 1564 1870 1602 eodem

485 1637 657 1678 tempore
677 1626 777 1678 apud
796 1627 1005 1664 Lebadiam
1025 1627 1256 1678 Trophonio
1283 1641 1340 1665 res
1361 1629 1487 1665 divina
1506 1628 1625 1671 fieret,
1649 1629 1766 1679 gallos
1786 1628 1869 1680 gal-

485 1691 649 1728 linaceos
666 1691 706 1728 in
725 1703 770 1727 eo
789 1691 876 1727 loco
896 1691 944 1727 fic
964 1691 1102 1729 affidue
1117 1704 1247 1729 canere
1266 1691 1432 1743 coepisse,
1454 1701 1496 1729 ut
1516 1690 1614 1729 nihil
1635 1692 1869 1730 intermitte-

487 1764 569 1793 rent
586 1769 595 1793 :
632 1764 718 1792 tum
735 1767 895 1806 augures
916 1753 1047 1791 dixisse
1068 1755 1249 1799 Boeotios,
1266 1754 1544 1793 Thebanorum
1563 1756 1632 1793 effe
1659 1757 1869 1802 vitfi‘toriam,

486 1830 682 1873 propterea
701 1820 806 1871 quod
824 1819 902 1857 avis
922 1820 988 1857 illa
1006 1820 1104 1857 vieta
1124 1819 1226 1857 filere
1246 1819 1338 1858 solet
1353 1838 1365 1865 ;
1396 1834 1540 1865 canere,
1561 1821 1586 1858 fi
1608 1821 1761 1860 viciffet.
1792 1823 1870 1860 Ea-

488 1885 653 1937 demque
674 1884 893 1938 tempestate
912 1885 1046 1923 multis
1066 1885 1179 1937 fignis
1196 1885 1494 1924 Lacedaemoniis
1509 1887 1714 1924 Leuof'tricae
1734 1900 1871 1940 pugnae

487 1950 681 1988 calamitas
701 1950 1007 1988 denuntiabatur.
1052 1950 1234 2002 Namque
1252 1960 1290 1988 et
1309 1950 1506 2001 Lysandri,
1539 1952 1604 2003 qui
1624 1951 1870 1990 Lacedaemo-

487 2017 642 2054 niorum
663 2015 884 2054 clariffimus
905 2015 1041 2061 fuerat,
1067 2015 1209 2061 statuae,
1240 2030 1324 2068 quae
1344 2015 1508 2068 Delphis
1529 2017 1661 2061 stabat,
1690 2017 1729 2055 in
1748 2018 1872 2070 capite

488 2094 628 2120 corona
647 2080 773 2119 subito
802 2082 931 2120 extitit
961 2095 1010 2119 ex
1041 2081 1176 2134 asperis
1195 2080 1322 2120 herbis
1351 2091 1390 2119 et
1412 2082 1646 2134 agrestibus:
1681 2082 1872 2135 stellaeque

488 2161 619 2192 aureae,
655 2161 740 2199 quae
760 2146 924 2199 Delphis
945 2157 1050 2185 erant
1071 2161 1095 2184 a
1120 2147 1418 2185 Lacedaemoniis
1439 2148 1565 2199 pofitae
1585 2147 1667 2200 post
1700 2149 1872 2186 navalem

489 2213 598 2250 illam
618 2213 815 2250 vistoriam
835 2212 1033 2264 Lysandri,
1055 2227 1130 2264 qua
1149 2212 1399 2251 Athenienses
1420 2214 1682 2258 conciderunt,
1712 2214 1805 2265 (qua
1831 2215 1872 2252 in

488 2292 618 2332 pugna
649 2279 739 2332 quia
758 2279 890 2318 Castor
914 2288 953 2317 et
972 2279 1112 2318 Pollux
1141 2292 1233 2317 cum
1258 2279 1635 2318 Lacedaemoniorum
1665 2279 1773 2317 claffe
1805 2279 1872 2317 vifi

489 2343 560 2382 effe
579 2344 816 2389 dicebantur,
837 2358 971 2383 eorum
990 2344 1150 2397 infignia
1169 2345 1357 2389 Deorum,
1379 2344 1491 2382 stella:
1511 2358 1641 2389 aureae,
1665 2357 1756 2396 quas
1776 2344 1872 2388 dixi,

490 2408 654 2462 Delphis
667 2410 811 2462 pofitae)
828 2409 941 2462 paulo
957 2418 1043 2447 ante
1057 2410 1298 2448 Leu&ricam
1314 2423 1486 2463 pugnam
1500 2410 1734 2453 deciderunt,
1751 2421 1872 2459 neque

491 2484 643 2525 repertae
662 2475 762 2516 sunt.
803 2475 1030 2515 Maximum
1060 2489 1146 2514 vero
1165 2475 1262 2514 illud
1282 2485 1504 2529 portentum
1524 2475 1656 2514 iisdem
1678 2473 1869 2526 Spartiatis
