2223 3003
780 273 1056 312 LIBER
1119 274 1482 313 PRIMUS.
1757 288 1833 332 197

433 374 599 427 publicis
630 373 666 412 se
687 374 933 418 removerint,
964 374 1010 412 ad
1038 375 1242 427 otiumque
1261 375 1512 428 perfugerint.
1555 377 1600 415 In
1621 375 1681 415 his
1702 387 1740 416 et
1759 392 1833 417 no-

433 441 605 479 biliffimi
626 439 861 494 philosophi,
893 440 1085 493 longeque
1104 442 1311 494 principes,
1341 452 1380 480 et
1399 442 1558 496 quidam
1577 442 1755 482 homines
1776 445 1831 483 se-

431 508 510 545 veri
529 516 567 545 et
586 504 730 559 graves,
749 519 818 543 nec
840 507 988 558 populi,
1006 520 1075 544 nec
1093 507 1315 559 principum
1337 522 1461 546 mores
1482 508 1578 547 ferre
1596 519 1804 562 potuerunt
1816 530 1829 556 ς

429 573 684 624 vixeruntque
719 569 898 609 nonnulli
922 571 962 607 in
994 571 1105 623 agris,
1137 572 1312 609 delectati
1343 587 1381 610 re
1410 573 1473 611 sua
1499 573 1694 615 familiari.
1752 578 1830 616 His

429 639 533 677 idem
553 637 789 691 propositum
809 634 899 680 fuit,
931 636 1035 687 quod
1056 636 1225 688 regibus,
1257 646 1300 674 ut
1330 651 1378 675 ne
1409 653 1485 690 qua
1516 654 1554 677 re
1585 652 1754 694 egerent,
1784 657 1832 682 ne

430 704 493 742 cui
513 711 700 756 parerent,
731 701 905 739 libertate
927 710 1149 746 uterentur;
1181 703 1291 754 cujus
1312 705 1512 756 proprium
1533 706 1598 751 est,
1620 707 1669 744 s1c
1689 709 1829 754 vivere,

427 779 471 808 ut
490 770 597 809 velis.

482 836 595 874 XXI.
619 837 761 887 Qare,
783 848 876 873 cum
897 834 972 873 hoc
991 849 1202 874 commune
1221 836 1265 874 fit
1285 837 1466 889 potentiae
1485 838 1716 891 cupidorum
1736 855 1830 881 cum

426 902 488 947 iis,
519 915 615 954 quos
649 901 744 946 dixi,
778 901 932 946 otiofis;
964 902 1072 939 alteri
1106 903 1141 940 se
1169 902 1325 955 adipisci
1345 904 1385 941 id
1404 903 1507 956 posse
1527 905 1770 952 arbitrantur,
1802 908 1830 946 fi

425 982 515 1021 opes
537 981 694 1020 magnas
715 967 904 1013 habeant;
937 968 1057 1013 alteri,
1080 969 1105 1006 fi
1127 970 1298 1007 contenti
1320 969 1391 1007 sint
1412 979 1449 1008 et
1469 970 1549 1016 suo,
1571 982 1608 1009 et
1627 986 1756 1024 parvo,
1783 975 1831 1012 In

424 1048 504 1087 quo
524 1044 749 1073 neutrorum
769 1035 932 1072 omnino
950 1035 1231 1073 contemnenda
1251 1035 1302 1073 est
1321 1035 1503 1074 sententia
1520 1052 1528 1074 :
1561 1037 1623 1075 sed
1643 1047 1680 1076 et
1699 1038 1831 1078 facili-

424 1115 481 1145 or,
501 1110 538 1139 et
559 1102 691 1146 tutior,
712 1110 749 1139 et
769 1102 898 1139 minus
920 1101 1001 1140 aliis
1021 1102 1144 1154 gravis
1162 1111 1228 1140 aut
1248 1102 1406 1141 molesta
1423 1103 1500 1141 vita
1519 1103 1572 1142 est
1589 1105 1798 1145 otiosorum
1812 1126 1829 1153 ;

423 1166 650 1206 fructuosior
670 1176 798 1205 autem
818 1166 1028 1206 hominum
1048 1169 1193 1220 generi,
1223 1178 1262 1206 et
1291 1169 1338 1207 ad
1363 1169 1575 1208 claritatem
1595 1172 1828 1224 amplitudi-

424 1246 594 1286 nemque
613 1233 737 1286 aptior
757 1246 904 1278 eorum,
937 1234 1005 1285 qui
1025 1233 1060 1271 se
1080 1234 1128 1271 ad
1148 1234 1428 1287 rempublicam
1458 1246 1496 1273 et
1515 1236 1561 1273 ad
1592 1249 1649 1274 res
1669 1251 1829 1290 magnas

421 1300 603 1352 gerendas
634 1299 1035 1338 accommodaverunt.
1080 1302 1326 1353 Qapropter
1354 1310 1391 1339 et
1422 1301 1468 1339 iis
1502 1301 1656 1340 forfitan
1685 1316 1828 1342 conce-

424 1365 596 1403 dendum
626 1365 685 1410 fit,
722 1365 1006 1418 rempublicam
1047 1379 1124 1403 non
1161 1366 1456 1419 capessentibus,
1496 1368 1580 1420 qui,
1622 1369 1829 1408 excellenti

422 1431 594 1484 ingenio,
625 1431 806 1470 doetrinae
838 1431 909 1469 sese
943 1431 1171 1470 dediderunt
1186 1451 1198 1478 3
1230 1441 1268 1470 et
1299 1433 1361 1478 iis,
1391 1434 1474 1486 qui,
1506 1443 1571 1472 aut
1596 1435 1828 1474 valetudinis

424 1497 703 1542 imbecillitate,
734 1506 799 1534 aut
819 1497 945 1550 aliqua
965 1499 1135 1550 graviore
1154 1498 1261 1536 causa
1280 1499 1474 1551 impediti,
1505 1514 1525 1538 a
1548 1501 1744 1554 republica
1764 1515 1828 1539 re·-

423 1562 623 1606 cefl‘erunt‚
654 1575 746 1599 cum
779 1563 858 1613 ejus
879 1563 1183 1602 administrandae
1202 1565 1427 1618 potestatem
1461 1567 1558 1611 aliis,
1594 1568 1827 1619 laudemque

423 1627 690 1666 concederent.
734 1627 887 1677 Qibus
908 1637 1038 1666 autem
1059 1630 1142 1667 talis
1174 1630 1281 1667 nulla
1306 1630 1350 1667 sit
1370 1631 1492 1676 causa,
1522 1632 1549 1668 s1
1581 1632 1769 1684 despicere
1789 1632 1826 1670 se

423 1694 553 1732 dicant
572 1707 626 1739 ea,
660 1706 743 1745 quae
764 1692 936 1745 plerique
956 1693 1205 1739 admirantur,
1232 1695 1394 1747 imperia
1422 1705 1459 1734 et
1490 1696 1744 1749 magistratus,
1776 1698 1827 1737 iis

422 1773 499 1798 non
521 1760 638 1798 modo
658 1773 736 1798 non
757 1759 874 1803 laudi,
896 1773 1030 1798 verum
1046 1761 1162 1799 etiam
1182 1761 1292 1806 vitio,
1314 1762 1484 1800 dandum
1504 1772 1623 1815 puto:
1656 1777 1826 1816 quorum

416 1825 613 1877 judicium
634 1825 673 1862 in
694 1838 751 1869 cO,
785 1825 889 1876 quod
918 1825 1082 1877 gloriam
1102 1835 1353 1864 contemnant
1382 1836 1419 1865 et
1438 1841 1508 1880 pro
1527 1827 1651 1867 nihilo
1670 1839 1824 1881 putent,

419 1891 577 1929 difficile
597 1890 699 1929 factu
721 1890 772 1928 est
792 1904 870 1928 non
890 1891 1048 1942 probare
1059 1909 1071 1935 3
1103 1891 1165 1929 sed
1195 1891 1374 1929 videntur
1393 1892 1540 1930 labores
1564 1903 1602 1930 et
1633 1894 1822 1933 molestias

419 1965 506 1994 tum
527 1955 797 2000 offenfionum,
818 1965 904 1993 tum
935 1955 1184 2009 repulsarum,
1217 1957 1320 2009 quasi
1342 1957 1535 2009 quandam
1565 1958 1826 2011 ignominiam

419 2023 569 2068 timere,
591 2032 629 2060 et
649 2021 866 2060 infamiam.
906 2023 1002 2060 Sunt
1033 2024 1152 2067 enim,
1175 2023 1244 2075 qui
1263 2023 1303 2061 in
1323 2024 1436 2062 rebus
1457 2026 1656 2063 contrariis
1686 2040 1826 2078 parum

418 2089 487 2126 s1bi
509 2089 681 2127 constent
697 2108 708 2134 5
740 2088 982 2141 voluptatem
1001 2088 1226 2127 severiflime
1245 2099 1508 2135 contemnant,
1539 2091 1579 2128 in
1600 2091 1730 2129 dolore
1750 2092 1826 2131 sint

418 2154 614 2192 molliores
629 2173 640 2199 5
664 2155 826 2207 gloriam
848 2155 1058 2208 negligant,
1076 2154 1300 2207 frangantur
1319 2154 1478 2193 infamia
1494 2174 1505 2201 ς
1538 2165 1652 2209 atque
1671 2170 1714 2195 ea
1731 2159 1823 2211 qui-

416 2221 507 2259 dem
529 2234 606 2258 non
627 2220 711 2258 satis
732 2220 957 2258 constanter.

479 2286 550 2325 Sed
570 2287 630 2331 iis,
664 2287 731 2338 qui
758 2285 900 2323 habent
931 2299 951 2323 a
982 2295 1113 2324 natura
1147 2286 1366 2338 adjumenta
1392 2300 1520 2326 rerum
1551 2289 1818 2341 gerendarum,

416 2353 562 2404 abjecta
593 2353 702 2391 omni
737 2352 993 2397 cunetatione‚
1033 2351 1264 2405 adipiscendi
1298 2354 1552 2407 magistratus,
1594 2365 1631 2393 et
1657 2357 1821 2409 gerenda

416 2417 628 2471 respublica
657 2418 723 2457 est.
784 2418 869 2456 Nec
901 2419 1006 2456 enim
1027 2418 1135 2456 aliter
1162 2428 1226 2456 aut
1256 2420 1334 2472 regi
1365 2420 1513 2466 civitas,
1545 2431 1609 2459 aut
1640 2422 1820 2461 declarari

418 2484 538 2522 animi
558 2485 786 2538 magnitudo
807 2485 941 2538 potest.
990 2484 1278 2538 Capessentibus
1298 2496 1428 2525 autem
1452 2488 1733 2540 rempublicam
1755 2489 1818 2525 ni-

417 2548 502 2587 hilo
532 2551 675 2597 minus,
706 2565 822 2604 quam
858 2552 1111 2606 philosophis,
1148 2552 1250 2590 haud
1280 2552 1356 2592 scio
1385 2567 1432 2592 an
1463 2555 1585 2607 magis
1617 2556 1746 2599 etiam,
1779 2562 1818 2591 ct

417 2615 718 2670 magnificentia,
753 2627 790 2658 et
809 2618 1039 2672 despicienta
1069 2617 1284 2659 adhibenda
1312 2620 1356 2659 fit
1385 2634 1512 2660 rerum
1539 2620 1814 2665 humanarum,
