2223 3003
1003 262 1230 316 [22⁶1

1064 462 1166 499 DE

598 603 1640 679 OFFICIIS‚

693 832 969 871 LIBER
1026 831 1527 871 SECUNDUS.

626 1093 762 1132 Marce
781 1094 852 1140 fili,
882 1104 998 1148 atque
1022 1095 1068 1134 ab
1087 1095 1198 1134 omni
1223 1108 1362 1148 genere
1382 1094 1548 1139 virtutis,
1579 1093 1665 1132 satis
1685 1094 1813 1147 expli-

626 1169 757 1198 catum
777 1161 940 1200 arbitror-
959 1161 1060 1200 libro
1079 1161 1283 1215 superiore.
1327 1161 1520 1214 Sequitur,
1552 1170 1594 1199 ut
1613 1159 1695 1199 haec
1723 1160 1812 1198 offi-

409 1223 561 1263 ciorum
591 1239 728 1278 genera
747 1227 967 1280 persequar,
993 1241 1078 1280 quae
1108 1228 1301 1280 pertinent
1321 1227 1366 1264 ad
1394 1227 1481 1264 vitae
1511 1226 1680 1271 cultum,
1710 1234 1749 1263 et
1767 1225 1815 1262 ad

409 1302 541 1329 earum
561 1305 704 1336 rerum,
736 1292 879 1344 quibus
900 1301 1064 1331 utuntur
1082 1291 1275 1337 homines,
1303 1291 1544 1336 facultatem,
1566 1291 1611 1329 ad
1631 1304 1737 1344 opes,
1767 1289 1814 1328 ad

408 1356 553 1408 copias.
599 1358 644 1396 In
664 1370 743 1410 quo
774 1367 862 1396 tum
891 1359 1010 1411 quaeri
1030 1358 1126 1404 dixi,
1159 1358 1254 1411 quid
1275 1358 1383 1402 utile,
1414 1357 1510 1410 quid
1530 1357 1694 1402 inutile3
1725 1366 1813 1395 tum

408 1436 456 1461 ex
490 1423 652 1462 utilibus
687 1424 782 1477 quid
817 1424 965 1470 utilius,
995 1434 1060 1463 aut
1094 1425 1189 1477 quid
1214 1425 1384 1463 maxime
1415 1424 1524 1463 utile.
1574 1424 1637 1462 De
1670 1423 1814 1476 quibus

409 1489 535 1527 dicere
554 1490 762 1543 aggrediar,
793 1490 818 1528 s1
845 1504 966 1544 pauca
995 1491 1101 1544 prius
1121 1490 1167 1529 de
1197 1491 1386 1535 instituto,
1408 1504 1450 1528 ac
1472 1491 1518 1528 de
1542 1490 1696 1541 judicio
1725 1502 1815 1528 meo

409 1555 555 1594 dixero.

464 1625 700 1676 Qanquam
721 1623 827 1661 enirn
847 1622 938 1661 libri
965 1621 1082 1661 nostri
1100 1623 1321 1677 complures
1342 1636 1418 1661 non
1441 1622 1559 1661 modo
1578 1622 1625 1661 ad
1645 1622 1814 1675 legendi,

409 1689 469 1729 sed
489 1690 606 1728 etiam
637 1689 683 1727 ad
714 1688 904 1727 scribendi
934 1688 1104 1727 studium
1135 1690 1398 1728 excitaverunt
1415 1707 1426 1734 ς
1459 1698 1587 1727 tamen
1617 1688 1813 1726 interdum

407 1770 550 1801 vereor,
571 1770 618 1794 ne
639 1755 868 1809 quibusdam
890 1756 1001 1795 bonis
1022 1756 1112 1795 viris
1131 1755 1385 1810 philosophiae
1402 1769 1542 1794 nomen
1559 1755 1603 1793 sit
1622 1755 1811 1800 invisum;

409 1822 689 1873 mirenturque,
721 1821 760 1859 in
782 1835 824 1858 ea
844 1830 996 1859 tantum
1018 1835 1082 1859 me
1101 1835 1224 1874 operae
1250 1831 1288 1859 et
1320 1821 1504 1875 temporis
1525 1833 1679 1874 ponere.
1727 1820 1813 1872 Ego

408 1897 552 1931 autem,
584 1885 772 1937 quamdiu
807 1885 1020 1937 respublica
1051 1900 1118 1938 per
1149 1900 1213 1924 eos
1246 1887 1459 1938 gerebatur,
1494 1887 1635 1938 quibus
1670 1885 1706 1923 se
1736 1885 1813 1937 ipsa

409 1951 666 1995 commiserat,
697 1963 832 1988 omnes
854 1964 956 1988 meas
976 1963 1084 1989 curas
1105 1951 1431 2004 cogitationesque
1463 1951 1501 1988 in
1529 1963 1613 1988 cam
1635 1948 1810 1988 confere-

410 2019 523 2056 bam:
555 2030 647 2054 cum
669 2025 798 2054 autem
819 2016 1022 2055 dominatu
1043 2017 1156 2055 unius
1177 2017 1308 2055 omnia
1329 2026 1561 2060 tenerentur,
1580 2029 1704 2068 neque
1724 2015 1812 2054 eii‘ct

410 2084 568 2137 usquam
600 2082 774 2128 consilio,
805 2092 870 2120 aut
898 2084 1113 2121 auctoritati
1147 2084 1283 2128 locus,
1317 2083 1435 2122 socios
1469 2083 1634 2135 denique
1663 2083 1811 2120 tuenda:

409 2149 641 2202 reipublicae,
664 2148 834 2186 summos
856 2148 970 2193 viros,
992 2149 1189 2188 amifissem
1209 2168 1219 2194 3
1253 2163 1321 2187 nec
1353 2163 1416 2187 mc
1437 2149 1644 2202 angoribus
1665 2147 1808 2193 dedidi,

408 2216 547 2267 quibus
580 2214 691 2252 essem
713 2213 926 2259 confestim,
961 2214 1027 2252 nisi
1058 2215 1104 2253 iis
1123 2215 1348 2260 restitissem,
1382 2229 1451 2253 nec
1472 2214 1619 2253 rursum
1641 2214 1810 2268 indignis

411 1031 444 1069 1.
466 1026 1095 1179 QUEMADMODUM
1126 1028 1253 1068 officia
1282 1029 1512 1068 ducerentur
1537 1028 1583 1068 ab
1602 1027 1814 1074 honestate,

408 2281 567 2320 homine
588 2281 699 2318 doeio
720 2280 995 2332 voluptatibus.

464 2350 593 2400 Atque
617 2347 764 2384 utinam
788 2347 1000 2399 respublica
1022 2346 1187 2392 stetiss‘ct,
1218 2361 1298 2399 quo
1318 2356 1499 2400 cirpernt,
1523 2347 1616 2385 statu
1637 2365 1645 2389 2
1679 2360 1748 2384 nec
1772 2347 1809 2385 in

407 2413 585 2452 homines
609 2426 683 2451 non
706 2422 782 2450 tam
805 2413 1170 2451 comunitamlarum
1193 2427 1332 2457 rerum,
1366 2427 1482 2465 quam
1504 2413 1808 2458 evertendarum,

406 2480 568 2533 cupidos
604 2478 817 2517 incidiss‘ct!
867 2479 1043 2517 l'riinuni
1078 2480 1197 2524 enim,
1230 2489 1271 2517 ut
1308 2480 1424 2517 stante
1458 2479 1654 2531 republica
1689 2478 1810 2517 facere

408 2546 634 2590 solebamus,
680 2545 718 2583 in
758 2545 903 2597 agendo
950 2545 1050 2598 plus,
1096 2559 1212 2597 quam
1248 2545 1285 2583 in
1324 2545 1535 2590 scribendo,
1580 2559 1701 2598 operae
1737 2559 1809 2598 po-

407 2624 608 2651 ncrcinus:
640 2609 791 2657 deinde,
823 2611 909 2665 iplis
932 2610 1079 2665 scriptis
1101 2624 1178 2650 non
1199 2625 1254 2657 ca,
1287 2625 1372 2664 quae
1404 2625 1523 2657 nunc,
1556 2610 1616 2649 sed
1643 2610 1807 2650 actiones
