2223 3003
456 262 538 300 414
759 242 1555 303 PHILOSOPHICORUM

455 368 500 397 ut
521 366 599 397 tota
619 353 786 393 dilucide
806 362 844 392 et
863 353 974 406 plane
994 361 1174 392 exornata
1192 354 1313 393 oratio
1333 353 1402 392 fibi
1423 353 1583 399 constet,
1613 361 1651 392 et
1681 367 1728 393 ex
1749 357 1859 394 omni

458 433 564 477 parte
584 422 712 460 secum
733 419 810 473 ipsa
830 419 1055 466 consentiat,
1086 419 1191 458 haud
1210 420 1295 460 sane
1315 421 1387 459 erit
1407 420 1549 459 mirum
1569 439 1580 465 ;
1612 421 1861 474 contentique

454 489 525 528 effe
544 488 748 533 debebitis,
779 487 805 525 fi
825 487 1040 540 probabilia
1059 487 1250 526 dicentur.
1289 489 1466 541 AEquum
1495 487 1549 525 est
1578 487 1683 526 enim
1714 487 1858 526 memi-

452 556 559 601 niffe,
590 565 629 594 et
649 568 726 600 me,
747 554 815 607 qui
835 554 1023 600 differam,
1045 553 1249 593 hominem
1269 554 1339 593 effe
1356 573 1367 600 ς
1398 563 1438 594 et
1458 568 1540 600 vos,
1562 555 1631 607 qui
1645 554 1829 607 judicatis
1848 569 1857 592 :

453 631 511 667 ut,
534 622 560 660 fi
580 620 795 675 probabilia
813 621 1004 666 dicentur,
1037 621 1091 659 nil
1112 621 1211 659 ultra
1237 621 1450 673 requiratis.
1483 621 1711 672 Qaeramus
1741 620 1862 673 igitur

452 689 618 734 causam,
651 702 737 742 quae
757 701 847 726 eum
869 687 1082 741 impulerit,
1114 689 1184 740 qui
1205 687 1285 726 haec
1320 686 1563 726 machinatus
1585 687 1642 732 fit,
1674 696 1718 725 ut
1738 687 1860 740 origi-

452 769 544 794 nem
566 769 708 800 rerum,
740 763 778 792 et
799 753 1043 792 molitionem
1076 767 1214 792 novam
1235 763 1431 806 quan-eret.
1471 754 1664 793 Probitate
1683 753 1862 791 videlicet

452 823 672 877 praestabat:
705 821 848 874 probus
869 829 998 858 autem
1019 820 1164 858 invidet
1185 820 1346 858 nemini.
1374 822 1507 872 Itaque
1526 822 1657 860 omnia
1677 820 1732 858 sui
1753 819 1861 858 fimi-

453 890 503 928 lia
523 888 730 942 generavit.
780 887 879 924 Haec
910 886 1099 924 nimirum
1126 886 1313 939 gignendi
1345 886 1482 924 mundi
1512 887 1620 924 causa
1644 886 1859 938 justissima.

452 956 561 993 Nam
581 967 675 992 cum
705 951 954 991 constituisset
974 953 1081 991 Deus
1116 952 1228 990 bonis
1248 952 1432 990 omnibus
1465 952 1619 1005 explere
1649 952 1860 997 mundum,

453 1021 547 1059 mali
580 1018 681 1058 nihil
711 1018 931 1064 admiscere,
967 1018 1095 1071 quoad
1128 1027 1261 1056 natura
1292 1026 1510 1071 pateretur,
1541 1017 1736 1071 quidquid
1769 1027 1862 1063 erat,

452 1086 558 1140 quod
592 1086 634 1124 in
662 1085 844 1124 cernendi
866 1084 1015 1123 sensum
1047 1085 1211 1129 caderet,
1242 1084 1283 1122 id
1316 1084 1386 1123 fibi
1417 1083 1624 1138 assumpsit,
1656 1097 1735 1123 non
1755 1093 1862 1123 tran-

451 1152 624 1206 quillum
643 1161 682 1190 et
701 1151 895 1204 quietum,
926 1151 987 1189 sed
1008 1150 1262 1189 immoderate
1281 1151 1471 1203 agitatum
1492 1160 1529 1189 et
1548 1149 1737 1189 fluctuans
1751 1169 1763 1196 ς
1799 1150 1862 1189 id-

452 1232 528 1272 que
549 1232 596 1258 ex
615 1218 835 1257 inordinato
867 1217 907 1256 in
928 1217 1105 1256 ordinem
1125 1217 1299 1256 adduxit.
1342 1218 1434 1255 Hoc
1454 1218 1559 1255 enim
1572 1217 1772 1269 judicabat
1790 1216 1864 1255 effe

451 1284 702 1339 praestantius.
735 1285 807 1322 Fas
828 1292 958 1322 autem
979 1296 1048 1321 nec
1073 1283 1139 1328 est,
1158 1297 1228 1321 nec
1251 1296 1422 1335 unquam
1442 1281 1532 1328 fuit,
1554 1282 1770 1335 quidquam
1791 1282 1861 1321 nisi

451 1349 765 1403 pulcherrimum
799 1347 922 1386 facere
952 1362 1060 1393 eum,
1092 1349 1162 1401 qui
1191 1347 1280 1386 esset
1300 1348 1490 1401 optimus.
1533 1349 1640 1386 Cum
1673 1349 1862 1387 rationem

451 1416 572 1469 igitur
591 1414 792 1459 habuisset,
825 1414 1035 1467 reperiebat
1056 1413 1156 1452 nihil
1187 1413 1257 1452 effe
1285 1427 1435 1458 eorum,
1471 1427 1556 1466 quae
1576 1414 1711 1452 natura
1729 1427 1863 1453 cerne-

452 1491 598 1527 rentur,
629 1495 707 1520 non
727 1480 964 1533 intelligens,
987 1480 1241 1532 intelligente,
1262 1480 1303 1517 in
1324 1488 1406 1517 toto
1425 1491 1578 1531 genere,
1599 1479 1835 1532 praestantius
1848 1498 1862 1526 3

451 1548 751 1601 intelligentiam
769 1556 900 1585 autem
917 1546 989 1585 ulli
1003 1547 1056 1585 rei
1076 1546 1297 1599 adjunctam
1318 1545 1389 1584 esse
1409 1545 1486 1584 fine
1502 1546 1636 1585 animo
1651 1545 1756 1585 nefas
1775 1546 1861 1586 effe.

453 1615 649 1666 roirca
668 1613 969 1666 intelligentiam
989 1613 1029 1651 in
1050 1613 1196 1658 animo,
1227 1613 1404 1651 animum
1421 1611 1610 1651 conclufit
1629 1612 1671 1651 in
1687 1625 1861 1666 corpore.

452 1682 514 1720 Sic
535 1690 635 1720 ratus
656 1681 707 1719 est
741 1694 839 1733 opus
860 1679 959 1718 illud
978 1678 1160 1718 effectum
1191 1679 1262 1717 effe
1293 1677 1619 1733 pulcherrimum.
1652 1679 1786 1731 Qam
1811 1679 1864 1719 ob

451 1748 602 1787 causam
624 1761 700 1787 non
721 1747 773 1786 est
792 1747 1056 1786 cunctandum
1076 1745 1262 1799 profiteri,
1295 1746 1321 1785 s1
1342 1746 1461 1785 modo
1480 1745 1697 1799 investigari
1717 1746 1865 1799 aliquid

452 1815 671 1866 conjectura
691 1815 825 1867 potest,
855 1813 962 1852 hunc
985 1813 1180 1853 mundum
1212 1814 1354 1853 animal
1375 1813 1460 1859 esse,
1491 1813 1609 1867 idque
1629 1812 1863 1867 intelligens,

451 1890 489 1919 et
510 1881 639 1919 divina
658 1881 898 1933 providentia
916 1881 1186 1919 constitutum.

508 1948 579 1986 IV.
604 1948 695 1986 Hoc
715 1947 836 2000 pofito
855 1965 865 1991 ;
898 1946 1003 1999 quod
1024 1946 1209 1999 sequitur,
1235 1947 1447 1986 videndum
1467 1947 1534 1992 est,
1556 1947 1757 1999 cujusnam
1778 1947 1863 1985 ani·

453 2015 646 2052 mantium
682 2015 789 2052 Deus
826 2014 863 2051 in
895 2013 1075 2066 fingendo
1106 2015 1254 2054 mundo
1286 2014 1580 2052 limilitudinem
1617 2014 1765 2052 secutus
1801 2014 1860 2051 sit.

452 2080 615 2119 Nullius
646 2079 818 2133 profecto
838 2093 972 2118 eorum
994 2081 1168 2132 quidem,
1201 2095 1286 2133 quae
1310 2080 1395 2119 sunt
1427 2081 1538 2119 nobis
1570 2090 1660 2119 nota
1686 2081 1862 2118 animan-

452 2147 517 2185 tia.
551 2148 648 2185 Sunt
667 2147 773 2184 enim
805 2146 936 2184 omnia
968 2146 1007 2184 in
1029 2147 1205 2199 quaedam
1225 2160 1362 2200 genera
1388 2148 1539 2200 partita,
1574 2157 1638 2184 aut
1671 2146 1863 2190 inchoata,

451 2213 558 2252 nulla
588 2227 634 2251 ex
665 2222 770 2266 parte
803 2212 982 2266 perfec‘ta.
1029 2212 1263 2267 Imperfecffo
1283 2223 1412 2251 autem
1438 2227 1508 2251 nec
1530 2213 1704 2251 absoluto
1725 2212 1862 2257 fimile,

451 2278 663 2332 pulchrum
685 2279 755 2317 csse
776 2279 874 2318 nihil
898 2279 1032 2333 potest.
1080 2281 1203 2332 Cujus
1225 2293 1316 2333 ergo
1341 2293 1458 2319 omne
1485 2279 1626 2317 animal
1649 2279 1752 2331 quasi
1775 2291 1863 2331 par-

452 2345 571 2384 ticula
592 2346 767 2399 quaedam
788 2346 854 2390 cst,
886 2346 957 2384 five
989 2347 1027 2384 in
1060 2347 1234 2400 singulis,
1266 2347 1338 2384 five
1368 2346 1406 2384 in
1439 2345 1586 2384 diverso
1620 2358 1756 2398 genere
1777 2358 1863 2382 cer-

454 2422 576 2457 natur,
599 2414 678 2465 ejus
702 2413 866 2451 fimilem
889 2413 1082 2452 mundum
1112 2413 1183 2452 effe
1209 2413 1397 2451 dicamus.
1445 2413 1596 2450 Omnes
1629 2412 1761 2464 igitur,
1795 2411 1865 2463 qui

451 2479 582 2515 animo
602 2488 826 2522 cernuntur,
859 2488 895 2516 ct
918 2480 1061 2518 ratione
1094 2479 1367 2532 intelliguntur
1398 2478 1625 2522 animantes,
1652 2476 1864 2530 complexu

453 2545 606 2583 rationis
628 2556 664 2584 et
687 2545 966 2599 intelligentiae,
999 2545 1093 2585 sicut
1125 2545 1304 2585 homines
1324 2544 1399 2584 hoc
1430 2544 1592 2590 mundo,
1623 2552 1661 2582 ct
1682 2543 1862 2596 pecudes,
