2223 3003
448 165 526 205 394
748 144 1544 188 PHILOSOPHICORUM

445 251 540 289 ficut
561 250 627 289 ubi
650 249 767 288 Nilus
787 247 832 284 ad
852 246 931 290 illa,
954 258 1037 297 qua:
1059 243 1256 297 Catadupa
1275 243 1540 288 nominantur,
1561 242 1774 295 praecipitat
1798 255 1848 282 ex
1903 287 1908 290 ‚

444 317 632 355 altiffimis
663 312 877 355 montibus,
912 324 954 348 ea
972 323 1079 362 gens,
1105 323 1190 361 quae
1210 309 1325 347 illum
1356 309 1491 347 locum
1510 307 1664 352 accolit,
1694 317 1848 360 propter

444 378 753 433 magnitudinem
775 373 933 419 sonitus,
962 373 1067 412 sensu
1087 374 1267 412 audiendi
1286 384 1401 412 caret.
1434 373 1515 411 Hic
1535 385 1624 410 vero
1643 381 1771 410 tantus
1797 370 1851 408 est

446 447 564 484 totius
586 440 1001 481 1nundi·incitatiffima
1021 440 1264 478 conversione
1285 439 1443 484 sonitus,
1473 449 1516 477 ut
1535 451 1627 476 eum
1645 450 1752 476 aures
1772 436 1848 475 ho-

445 512 599 549 minum
619 520 751 560 capere
772 520 849 544 non
870 506 1010 558 poffint
1026 524 1037 550 ;
1069 506 1165 544 ficut
1185 506 1325 544 intueri
1346 505 1463 543 solem
1483 503 1681 542 adversum
1707 503 1850 554 nequi-

444 578 508 621 tis,
539 573 694 627 ejusque
723 573 836 611 radiis
863 572 961 610 acies
981 572 1098 609 vestra
1118 570 1318 623 sensusque
1350 571 1532 609 vincitur.
1564 570 1663 608 Haec
1689 581 1762 620 ego
1781 566 1852 605 ad-

445 642 586 680 mirans
607 639 817 679 referebam
837 647 965 676 tamen
984 637 1117 675 oculos
1138 637 1184 675 ad
1205 646 1344 676 terram
1363 637 1590 675 identidem.

500 708 573 746 VI.
596 708 707 745 Tum
728 703 949 749 Africanus,
973 704 1116 748 Sentio,
1138 704 1282 756 inquit,
1304 713 1341 741 te
1360 703 1487 742 sedem
1506 703 1622 741 etiam
1643 713 1748 740 nunc
1773 699 1851 739 ho-

446 774 601 814 minum
635 786 678 811 ac
708 772 873 810 domum
893 770 1174 823 contemplari:
1206 783 1291 822 quae
1312 770 1339 808 fi
1370 770 1443 808 tibi
1462 783 1586 823 parva,
1623 777 1667 807 ut
1696 767 1763 813 est,
1798 767 1855 805 ita.

446 841 610 884 videtur,
643 837 724 876 haec
746 836 893 875 celestia
913 836 1060 887 semper
1081 835 1243 887 spectato
1259 853 1270 880 ;
1303 835 1369 872 illa
1393 834 1563 873 humana
1591 833 1851 873 contemnito.

447 909 513 946 Tu
534 906 638 944 enim
659 916 778 956 quam
798 902 1062 940 celebritatem
1084 901 1266 940 sermonis
1296 899 1522 946 hominum,
1554 909 1620 938 aut
1638 913 1757 952 quam
1782 913 1854 938 ex·

445 972 650 1027 petendam
671 970 836 1023 gloriam
867 968 1048 1021 consequi
1067 977 1176 1021 potes
1195 968 1208 1005 ?
1239 967 1358 1006 Vides
1378 965 1543 1006 habitari
1562 967 1604 1005 in
1634 975 1732 1004 terra
1762 965 1855 1004 raris

446 1048 484 1078 et
517 1037 684 1091 angustis
719 1036 759 1074 in
780 1035 874 1074 locis
891 1053 903 1080 ς
935 1044 972 1073 et
992 1035 1031 1073 in
1054 1034 1156 1087 ipfis‚
1191 1033 1294 1087 quasi
1329 1033 1506 1078 maculis,
1541 1033 1608 1071 ubi
1641 1029 1854 1075 habitatur,

446 1105 562 1143 vastas
583 1102 807 1142 solitudines
828 1102 1069 1153 interjectas:
1101 1099 1260 1153 hosque,
1293 1100 1361 1153 qui
1392 1099 1570 1138 incolunt
1597 1108 1752 1143 terram,
1774 1109 1857 1136 non

447 1171 564 1211 modo
595 1171 828 1222 interruptos
861 1168 914 1206 ita
943 1166 1029 1213 effe,
1061 1177 1104 1205 ut
1126 1165 1226 1205 nihil
1257 1167 1358 1205 inter
1386 1165 1486 1220 ipsos
1517 1166 1565 1204 ab
1585 1165 1667 1204 aliis
1695 1165 1742 1203 ad
1761 1163 1856 1202 alios

449 1251 600 1276 manare
635 1236 745 1289 poffit
762 1253 772 1279 ;
818 1234 881 1273 sed
915 1234 1056 1288 partim
1090 1233 1270 1285 obliquos
1288 1261 1299 1278 ‚
1331 1233 1473 1286 partim
1508 1231 1668 1276 aversos,
1713 1229 1857 1284 partim

448 1304 565 1342 etiam
598 1301 767 1340 adversos
802 1300 893 1338 stare
927 1300 1067 1344 vobis;
1096 1313 1116 1336 a
1150 1299 1292 1351 quibus
1327 1299 1524 1351 expectare
1557 1297 1721 1350 gloriam
1753 1303 1856 1334 certe

449 1370 598 1409 nullam
619 1367 789 1422 potestis·
828 1366 964 1405 Cernis
985 1375 1114 1404 autem
1135 1365 1294 1404 eandem
1312 1374 1468 1410 terram,
1499 1365 1602 1418 quasi
1624 1363 1857 1416 quibusdam

451 1436 672 1475 redimitam
693 1443 731 1471 et
750 1432 1031 1471 circumdatam
1051 1432 1218 1483 cingulis
1236 1450 1247 1475 ;
1279 1445 1299 1468 e
1321 1431 1462 1483 quibus
1484 1431 1580 1468 duos
1602 1430 1771 1467 maxime
1793 1430 1856 1466 in-

450 1511 507 1540 ter
526 1501 561 1539 se
581 1498 760 1543 diversos,
791 1506 828 1535 et
848 1497 931 1535 caeli
952 1496 1159 1534 verticibus
1178 1496 1265 1548 ipsis
1286 1509 1331 1534 ex
1353 1504 1513 1548 utraque
1533 1504 1638 1548 parte
1658 1494 1861 1538 subnixos,

448 1564 652 1620 obriguiffe
683 1563 819 1617 pruina
850 1562 982 1608 vides;
1015 1562 1190 1600 medium
1223 1570 1352 1600 autem
1383 1561 1512 1606 illum,
1549 1570 1587 1599 et
1621 1561 1857 1605 maximum,

450 1633 536 1672 solis
556 1631 687 1670 ardore
707 1629 854 1668 torreri.
888 1629 981 1667 Duo
1001 1628 1088 1666 sunt
1108 1627 1338 1666 habitabiles
1357 1643 1366 1666 z
1399 1641 1566 1681 quorum
1587 1627 1754 1665 australis
1776 1626 1857 1671 ille,

451 1701 490 1738 in
511 1713 589 1752 quo
609 1697 676 1750 qui
697 1695 887 1741 infistunt,
909 1693 1059 1733 adversa
1078 1694 1188 1733 vobis
1209 1703 1347 1747 urgent
1371 1694 1538 1747 vestigia.
1571 1692 1687 1733 Nihil
1707 1693 1754 1730 ad
1774 1691 1857 1730 ves-

451 1777 555 1804 trum
576 1777 711 1817 genus.
745 1763 826 1801 Hic
847 1771 977 1800 autem
997 1761 1091 1799 alter
1110 1761 1299 1813 subjectus
1321 1761 1509 1814 aquiloni,
1531 1773 1650 1814 quem
1671 1758 1858 1804 incolitis,

451 1844 578 1876 cerne,
600 1843 718 1882 quam
739 1829 845 1866 tenui
863 1842 930 1866 vos
955 1837 1059 1881 parte
1087 1829 1302 1880 contingat.
1336 1829 1479 1866 Omnis
1505 1829 1609 1866 enim
1632 1836 1741 1871 terra,
1774 1839 1860 1878 quae

451 1897 592 1935 colitur
611 1908 631 1932 a
650 1894 774 1937 vobis,
808 1893 963 1945 angusta
996 1893 1220 1935 verticibus,
1250 1893 1431 1930 lateribus
1463 1893 1586 1936 latior,
1619 1905 1730 1944 parva
1750 1904 1857 1941 quae-

452 1964 541 2002 dam
563 1960 686 1999 insula
713 1958 780 2003 est,
815 1956 1048 1996 circumfusa
1079 1958 1147 1996 illo
1179 1958 1289 2002 mari,
1321 1958 1426 2010 quod
1461 1957 1721 2001 Atlanticum,
1752 1955 1859 2008 quod

454 2030 663 2080 Magnum,
686 2038 804 2077 quem
827 2024 1030 2062 Oceanum
1061 2023 1258 2076 appellatis
1281 2024 1319 2061 in
1342 2024 1449 2062 terris
1468 2039 1476 2062 z
1509 2024 1578 2076 qui
1602 2033 1730 2061 tamen
1752 2031 1859 2059 tanto

454 2095 626 2137 nomine,
649 2104 767 2144 quam
789 2090 832 2128 sit
854 2103 1004 2143 parvus,
1026 2090 1144 2128 vides.
1178 2090 1238 2129 Ex
1259 2089 1319 2128 his
1338 2091 1425 2143 ipsis
1447 2091 1562 2129 cultis
1585 2089 1760 2141 notisque
1782 2097 1859 2126 ter-

455 2162 519 2205 ris,
542 2173 636 2198 num
658 2167 722 2195 aut
742 2167 855 2194 tuum
890 2165 955 2194 aut
975 2155 1206 2208 cujusquam
1235 2156 1405 2195 nostrum
1434 2170 1590 2200 nomen,
1622 2155 1680 2193 vel
1709 2156 1858 2193 Cauca-

455 2227 538 2265 sum
561 2224 680 2269 hunc,
703 2236 819 2276 quem
840 2222 977 2266 cernis,
1000 2221 1259 2260 transcendere
1280 2223 1422 2275 potuit,
1455 2222 1513 2260 vel
1536 2222 1649 2259 illum
1678 2222 1859 2272 Gangem

456 2290 676 2331 transnare?
709 2289 808 2341 Qis
830 2288 867 2326 in
901 2288 1057 2340 reliquis
1079 2288 1250 2333 orientis,
1282 2298 1346 2329 aut
1375 2289 1554 2327 obeuntis
1588 2287 1672 2325 solis
1694 2286 1858 2329 ultimis,

457 2368 521 2397 aut
555 2356 761 2410 aquilonis,
793 2354 951 2392 austrive
986 2355 1157 2407 partibus
1194 2365 1306 2394 tuum
1343 2368 1483 2394 nomen
1514 2354 1671 2392 audiet?
1704 2352 1859 2403 Qibus

457 2422 678 2477 amputatis,
714 2421 837 2461 cernis
859 2419 1045 2474 profeRO,
1081 2421 1235 2474 quantis
1256 2423 1295 2460 in
1327 2421 1508 2475 angustiis
1538 2419 1653 2458 vestm
1683 2419 1804 2473 gloria
1827 2417 1861 2456 se
