<?xml version="1.0" encoding="UTF-8"?>
<!DOCTYPE html PUBLIC "-//W3C//DTD XHTML 1.0 Transitional//EN"
    "http://www.w3.org/TR/xhtml1/DTD/xhtml1-transitional.dtd">
<html xmlns="http://www.w3.org/1999/xhtml" xml:lang="en" lang="en">
 <head>
  <title>
</title>
<meta http-equiv="Content-Type" content="text/html;charset=utf-8" />
  <meta name='ocr-system' content='tesseract 3.04.00' />
  <meta name='ocr-capabilities' content='ocr_page ocr_carea ocr_par ocr_line ocrx_word'/>
</head>
<body>
  <div class='ocr_page' id='page_1' title='image "./operacumindicibu03ciceuoft_0135.png"; bbox 0 0 2223 3003; ppageno 0'>
   <div class='ocr_carea' id='block_1_1' title="bbox 759 250 1811 304">
    <p class='ocr_par' dir='ltr' id='par_1_1' title="bbox 759 250 1811 304">
     <span class='ocr_line' id='line_1_1' title="bbox 759 250 1811 304; baseline -0.001 -11"><span class='ocrx_word' id='word_1_1' title='bbox 759 253 1037 293; x_wconf 83' lang='lat' dir='ltr'>LIBER</span> <span class='ocrx_word' id='word_1_2' title='bbox 1101 250 1464 291; x_wconf 83' lang='lat' dir='ltr'><strong>PRIMUS.</strong></span> <span class='ocrx_word' id='word_1_3' title='bbox 1739 266 1811 304; x_wconf 84' lang='lat'>129</span> 
     </span>
    </p>
   </div>
   <div class='ocr_carea' id='block_1_2' title="bbox 415 351 1826 2518">
    <p class='ocr_par' dir='ltr' id='par_1_2' title="bbox 415 351 1814 870">
     <span class='ocr_line' id='line_1_2' title="bbox 467 351 1811 407; baseline 0.001 -15"><span class='ocrx_word' id='word_1_4' title='bbox 467 353 606 407; x_wconf 80' lang='lat' dir='ltr'>Atqui,</span> <span class='ocrx_word' id='word_1_5' title='bbox 637 352 664 392; x_wconf 86' lang='lat' dir='ltr'>fi</span> <span class='ocrx_word' id='word_1_6' title='bbox 695 361 827 392; x_wconf 81' lang='lat' dir='ltr'>natura</span> <span class='ocrx_word' id='word_1_7' title='bbox 856 353 1127 392; x_wconf 84' lang='lat' dir='ltr'>confirmatura</span> <span class='ocrx_word' id='word_1_8' title='bbox 1156 354 1220 405; x_wconf 89' lang='lat' dir='ltr'>jus</span> <span class='ocrx_word' id='word_1_9' title='bbox 1255 367 1331 392; x_wconf 90' lang='lat' dir='ltr'>non</span> <span class='ocrx_word' id='word_1_10' title='bbox 1366 354 1451 399; x_wconf 88' lang='lat' dir='ltr'>erit,</span> <span class='ocrx_word' id='word_1_11' title='bbox 1483 351 1642 392; x_wconf 83' lang='lat' dir='ltr'>virtutes</span> <span class='ocrx_word' id='word_1_12' title='bbox 1677 367 1811 393; x_wconf 90' lang='lat' dir='ltr'>omnes</span> 
     </span>
     <span class='ocr_line' id='line_1_3' title="bbox 416 419 1813 473; baseline 0.001 -15"><span class='ocrx_word' id='word_1_13' title='bbox 416 420 613 459; x_wconf 87' lang='lat' dir='ltr'>tollantur.</span> <span class='ocrx_word' id='word_1_14' title='bbox 637 420 719 458; x_wconf 91' lang='lat' dir='ltr'>Ubi</span> <span class='ocrx_word' id='word_1_15' title='bbox 738 420 843 458; x_wconf 88' lang='lat' dir='ltr'>enim</span> <span class='ocrx_word' id='word_1_16' title='bbox 863 420 1083 464; x_wconf 85' lang='lat' dir='ltr'>liberalitas,</span> <span class='ocrx_word' id='word_1_17' title='bbox 1104 420 1172 458; x_wconf 91' lang='lat' dir='ltr'>ubi</span> <span class='ocrx_word' id='word_1_18' title='bbox 1188 420 1316 472; x_wconf 78' lang='lat' dir='ltr'>patria:</span> <span class='ocrx_word' id='word_1_19' title='bbox 1333 420 1480 465; x_wconf 87' lang='lat' dir='ltr'>caritas,</span> <span class='ocrx_word' id='word_1_20' title='bbox 1502 419 1570 459; x_wconf 92' lang='lat' dir='ltr'>ubi</span> <span class='ocrx_word' id='word_1_21' title='bbox 1589 420 1723 473; x_wconf 87' lang='lat' dir='ltr'>pietas,</span> <span class='ocrx_word' id='word_1_22' title='bbox 1745 421 1813 459; x_wconf 90' lang='lat' dir='ltr'>ubi</span> 
     </span>
     <span class='ocr_line' id='line_1_4' title="bbox 416 485 1812 541; baseline 0 -15"><span class='ocrx_word' id='word_1_23' title='bbox 416 496 481 526; x_wconf 85' lang='lat' dir='ltr'>aut</span> <span class='ocrx_word' id='word_1_24' title='bbox 501 488 598 526; x_wconf 90' lang='lat' dir='ltr'>bene</span> <span class='ocrx_word' id='word_1_25' title='bbox 618 487 793 526; x_wconf 90' lang='lat' dir='ltr'>merendi</span> <span class='ocrx_word' id='word_1_26' title='bbox 820 486 868 524; x_wconf 92' lang='lat' dir='ltr'>de</span> <span class='ocrx_word' id='word_1_27' title='bbox 887 486 1018 531; x_wconf 84' lang='lat' dir='ltr'>altero,</span> <span class='ocrx_word' id='word_1_28' title='bbox 1050 495 1114 524; x_wconf 85' lang='lat' dir='ltr'>aut</span> <span class='ocrx_word' id='word_1_29' title='bbox 1135 485 1336 525; x_wconf 75' lang='lat' dir='ltr'>referendzc</span> <span class='ocrx_word' id='word_1_30' title='bbox 1355 488 1482 539; x_wconf 82' lang='lat' dir='ltr'>gratiae</span> <span class='ocrx_word' id='word_1_31' title='bbox 1502 487 1676 526; x_wconf 83' lang='lat' dir='ltr'>voluntas</span> <span class='ocrx_word' id='word_1_32' title='bbox 1701 497 1812 541; x_wconf 88' lang='lat' dir='ltr'>pote-</span> 
     </span>
     <span class='ocr_line' id='line_1_5' title="bbox 417 550 1813 606; baseline 0.001 -16"><span class='ocrx_word' id='word_1_33' title='bbox 417 553 466 591; x_wconf 90' lang='lat' dir='ltr'>rit</span> <span class='ocrx_word' id='word_1_34' title='bbox 498 553 654 592; x_wconf 87' lang='lat' dir='ltr'>existere</span> <span class='ocrx_word' id='word_1_35' title='bbox 672 553 685 589; x_wconf 88' lang='lat'>?</span> <span class='ocrx_word' id='word_1_36' title='bbox 716 565 807 590; x_wconf 85' lang='lat' dir='ltr'>nam</span> <span class='ocrx_word' id='word_1_37' title='bbox 840 550 921 588; x_wconf 83' lang='lat' dir='ltr'>haec</span> <span class='ocrx_word' id='word_1_38' title='bbox 948 551 1149 588; x_wconf 89' lang='lat' dir='ltr'>nascentur</span> <span class='ocrx_word' id='word_1_39' title='bbox 1179 564 1226 589; x_wconf 84' lang='lat' dir='ltr'>ex</span> <span class='ocrx_word' id='word_1_40' title='bbox 1259 565 1317 596; x_wconf 86' lang='lat' dir='ltr'>eo,</span> <span class='ocrx_word' id='word_1_41' title='bbox 1349 553 1453 603; x_wconf 77' lang='lat' dir='ltr'>quod</span> <span class='ocrx_word' id='word_1_42' title='bbox 1488 552 1620 591; x_wconf 58' lang='lat' dir='ltr'>naturi}⁴</span> <span class='ocrx_word' id='word_1_43' title='bbox 1639 553 1813 606; x_wconf 79' lang='lat' dir='ltr'>propensi</span> 
     </span>
     <span class='ocr_line' id='line_1_6' title="bbox 417 614 1810 669; baseline -0.001 -12"><span class='ocrx_word' id='word_1_44' title='bbox 417 618 546 657; x_wconf 86' lang='lat' dir='ltr'>sumus</span> <span class='ocrx_word' id='word_1_45' title='bbox 567 618 613 656; x_wconf 88' lang='lat' dir='ltr'>ad</span> <span class='ocrx_word' id='word_1_46' title='bbox 633 617 846 669; x_wconf 82' lang='lat' dir='ltr'>diligendos</span> <span class='ocrx_word' id='word_1_47' title='bbox 867 615 1070 660; x_wconf 77' lang='lat' dir='ltr'>homine53</span> <span class='ocrx_word' id='word_1_48' title='bbox 1094 616 1200 667; x_wconf 92' lang='lat' dir='ltr'>quod</span> <span class='ocrx_word' id='word_1_49' title='bbox 1214 614 1622 669; x_wconf 85' lang='lat' dir='ltr'>fundamentumjuris</span> <span class='ocrx_word' id='word_1_50' title='bbox 1638 618 1702 657; x_wconf 90' lang='lat' dir='ltr'>est.</span> <span class='ocrx_word' id='word_1_51' title='bbox 1726 619 1810 658; x_wconf 90' lang='lat' dir='ltr'>Ne-</span> 
     </span>
     <span class='ocr_line' id='line_1_7' title="bbox 417 681 1814 737; baseline 0.001 -14"><span class='ocrx_word' id='word_1_52' title='bbox 417 698 492 737; x_wconf 88' lang='lat' dir='ltr'>que</span> <span class='ocrx_word' id='word_1_53' title='bbox 512 684 636 723; x_wconf 89' lang='lat' dir='ltr'>solum</span> <span class='ocrx_word' id='word_1_54' title='bbox 656 683 696 722; x_wconf 92' lang='lat' dir='ltr'>in</span> <span class='ocrx_word' id='word_1_55' title='bbox 715 682 894 721; x_wconf 88' lang='lat' dir='ltr'>homines</span> <span class='ocrx_word' id='word_1_56' title='bbox 915 681 1108 734; x_wconf 88' lang='lat' dir='ltr'>obsequia,</span> <span class='ocrx_word' id='word_1_57' title='bbox 1140 681 1201 719; x_wconf 88' lang='lat' dir='ltr'>sed</span> <span class='ocrx_word' id='word_1_58' title='bbox 1227 682 1342 720; x_wconf 85' lang='lat' dir='ltr'>etiam</span> <span class='ocrx_word' id='word_1_59' title='bbox 1372 682 1413 720; x_wconf 90' lang='lat' dir='ltr'>in</span> <span class='ocrx_word' id='word_1_60' title='bbox 1445 684 1549 721; x_wconf 85' lang='lat' dir='ltr'>Deos</span> <span class='ocrx_word' id='word_1_61' title='bbox 1579 686 1814 724; x_wconf 83' lang='lat' dir='ltr'>caeremoniae</span> 
     </span>
     <span class='ocr_line' id='line_1_8' title="bbox 415 748 1812 804; baseline 0.001 -15"><span class='ocrx_word' id='word_1_62' title='bbox 415 751 691 804; x_wconf 86' lang='lat' dir='ltr'>religionesque</span> <span class='ocrx_word' id='word_1_63' title='bbox 720 749 910 788; x_wconf 89' lang='lat' dir='ltr'>tolluntur</span> <span class='ocrx_word' id='word_1_64' title='bbox 925 767 937 794; x_wconf 64' lang='grc' dir='ltr'><strong><em>ς</em></strong></span> <span class='ocrx_word' id='word_1_65' title='bbox 970 762 1062 801; x_wconf 88' lang='lat' dir='ltr'>quas</span> <span class='ocrx_word' id='word_1_66' title='bbox 1095 762 1174 787; x_wconf 87' lang='lat' dir='ltr'>non</span> <span class='ocrx_word' id='word_1_67' title='bbox 1205 759 1326 794; x_wconf 84' lang='lat' dir='ltr'>metu,</span> <span class='ocrx_word' id='word_1_68' title='bbox 1359 748 1421 787; x_wconf 89' lang='lat' dir='ltr'>sed</span> <span class='ocrx_word' id='word_1_69' title='bbox 1454 762 1497 788; x_wconf 91' lang='lat' dir='ltr'>ea</span> <span class='ocrx_word' id='word_1_70' title='bbox 1528 751 1812 801; x_wconf 64' lang='lat' dir='ltr'>conjunclione,</span> 
     </span>
     <span class='ocr_line' id='line_1_9' title="bbox 415 814 1392 870; baseline -0.001 -15"><span class='ocrx_word' id='word_1_71' title='bbox 415 830 500 870; x_wconf 84' lang='lat' dir='ltr'>quae</span> <span class='ocrx_word' id='word_1_72' title='bbox 519 817 572 855; x_wconf 90' lang='lat' dir='ltr'>est</span> <span class='ocrx_word' id='word_1_73' title='bbox 590 815 744 855; x_wconf 90' lang='lat' dir='ltr'>homini</span> <span class='ocrx_word' id='word_1_74' title='bbox 762 828 855 854; x_wconf 88' lang='lat' dir='ltr'>cum</span> <span class='ocrx_word' id='word_1_75' title='bbox 870 816 971 860; x_wconf 89' lang='lat' dir='ltr'>Deo,</span> <span class='ocrx_word' id='word_1_76' title='bbox 993 814 1262 853; x_wconf 86' lang='lat' dir='ltr'>conservandas</span> <span class='ocrx_word' id='word_1_77' title='bbox 1282 823 1392 868; x_wconf 86' lang='lat' dir='ltr'>puto.</span> 
     </span>
    </p>

    <p class='ocr_par' dir='ltr' id='par_1_3' title="bbox 415 881 1823 1727">
     <span class='ocr_line' id='line_1_10' title="bbox 459 881 1813 935; baseline 0 -14"><span class='ocrx_word' id='word_1_78' title='bbox 459 883 570 921; x_wconf 92' lang='lat' dir='ltr'>XVI.</span> <span class='ocrx_word' id='word_1_79' title='bbox 604 882 724 934; x_wconf 86' lang='lat' dir='ltr'>Qod</span> <span class='ocrx_word' id='word_1_80' title='bbox 743 881 769 920; x_wconf 92' lang='lat' dir='ltr'>fi</span> <span class='ocrx_word' id='word_1_81' title='bbox 790 881 1025 935; x_wconf 86' lang='lat' dir='ltr'>populorum</span> <span class='ocrx_word' id='word_1_82' title='bbox 1039 881 1161 933; x_wconf 85' lang='lat' dir='ltr'>juffis,</span> <span class='ocrx_word' id='word_1_83' title='bbox 1183 881 1210 920; x_wconf 90' lang='lat' dir='ltr'><strong>fi</strong></span> <span class='ocrx_word' id='word_1_84' title='bbox 1231 881 1454 935; x_wconf 87' lang='lat' dir='ltr'>principum</span> <span class='ocrx_word' id='word_1_85' title='bbox 1475 881 1650 927; x_wconf 85' lang='lat' dir='ltr'>decretis,</span> <span class='ocrx_word' id='word_1_86' title='bbox 1685 882 1711 920; x_wconf 89' lang='lat' dir='ltr'>fi</span> <span class='ocrx_word' id='word_1_87' title='bbox 1730 882 1813 921; x_wconf 85' lang='lat' dir='ltr'>sen-</span> 
     </span>
     <span class='ocr_line' id='line_1_11' title="bbox 415 948 1813 1003; baseline 0 -16"><span class='ocrx_word' id='word_1_88' title='bbox 415 949 545 988; x_wconf 86' lang='lat' dir='ltr'>tentiis</span> <span class='ocrx_word' id='word_1_89' title='bbox 561 949 756 1002; x_wconf 90' lang='lat' dir='ltr'>judicum,</span> <span class='ocrx_word' id='word_1_90' title='bbox 781 950 868 1002; x_wconf 88' lang='lat' dir='ltr'>jura</span> <span class='ocrx_word' id='word_1_91' title='bbox 887 948 1209 987; x_wconf 87' lang='lat' dir='ltr'>constituerentur</span> <span class='ocrx_word' id='word_1_92' title='bbox 1223 967 1236 994; x_wconf 81' lang='lat'><em>3</em></span> <span class='ocrx_word' id='word_1_93' title='bbox 1262 949 1326 1001; x_wconf 90' lang='lat' dir='ltr'>jus</span> <span class='ocrx_word' id='word_1_94' title='bbox 1351 948 1440 988; x_wconf 87' lang='lat' dir='ltr'>effet</span> <span class='ocrx_word' id='word_1_95' title='bbox 1469 948 1708 995; x_wconf 87' lang='lat' dir='ltr'>latrocinari;</span> <span class='ocrx_word' id='word_1_96' title='bbox 1733 951 1813 1003; x_wconf 90' lang='lat' dir='ltr'>jus,</span> 
     </span>
     <span class='ocr_line' id='line_1_12' title="bbox 416 1013 1816 1069; baseline -0.001 -15"><span class='ocrx_word' id='word_1_97' title='bbox 416 1015 623 1054; x_wconf 87' lang='lat' dir='ltr'>adulterare</span> <span class='ocrx_word' id='word_1_98' title='bbox 637 1035 650 1061; x_wconf 64' lang='grc' dir='ltr'><strong><em>ς</em></strong></span> <span class='ocrx_word' id='word_1_99' title='bbox 675 1016 755 1068; x_wconf 91' lang='lat' dir='ltr'>jus,</span> <span class='ocrx_word' id='word_1_100' title='bbox 778 1016 1001 1054; x_wconf 86' lang='lat' dir='ltr'>testamenta</span> <span class='ocrx_word' id='word_1_101' title='bbox 1019 1013 1110 1053; x_wconf 90' lang='lat' dir='ltr'>falsa</span> <span class='ocrx_word' id='word_1_102' title='bbox 1130 1014 1353 1069; x_wconf 89' lang='lat' dir='ltr'>supponere,</span> <span class='ocrx_word' id='word_1_103' title='bbox 1375 1015 1401 1054; x_wconf 89' lang='lat' dir='ltr'>fi</span> <span class='ocrx_word' id='word_1_104' title='bbox 1422 1014 1504 1054; x_wconf 82' lang='lat' dir='ltr'>haec</span> <span class='ocrx_word' id='word_1_105' title='bbox 1524 1014 1723 1068; x_wconf 84' lang='lat' dir='ltr'>suffragiis,</span> <span class='ocrx_word' id='word_1_106' title='bbox 1751 1024 1816 1054; x_wconf 86' lang='lat' dir='ltr'>aut</span> 
     </span>
     <span class='ocr_line' id='line_1_13' title="bbox 416 1073 1817 1135; baseline 0 -16"><span class='ocrx_word' id='word_1_107' title='bbox 416 1081 518 1120; x_wconf 90' lang='lat' dir='ltr'>scitis</span> <span class='ocrx_word' id='word_1_108' title='bbox 535 1081 798 1120; x_wconf 87' lang='lat' dir='ltr'>multitudinis</span> <span class='ocrx_word' id='word_1_109' title='bbox 815 1082 1078 1135; x_wconf 86' lang='lat' dir='ltr'>probarentur.</span> <span class='ocrx_word' id='word_1_110' title='bbox 1097 1081 1196 1133; x_wconf 85' lang='lat' dir='ltr'>Qae</span> <span class='ocrx_word' id='word_1_111' title='bbox 1208 1082 1233 1119; x_wconf 90' lang='lat' dir='ltr'><strong>fi</strong></span> <span class='ocrx_word' id='word_1_112' title='bbox 1252 1090 1355 1119; x_wconf 86' lang='lat' dir='ltr'>tanta</span> <span class='ocrx_word' id='word_1_113' title='bbox 1373 1080 1533 1134; x_wconf 80' lang='lat' dir='ltr'>potestas</span> <span class='ocrx_word' id='word_1_114' title='bbox 1549 1073 1817 1119; x_wconf 57' lang='lat' dir='ltr'>est‘stultorum</span> 
     </span>
     <span class='ocr_line' id='line_1_14' title="bbox 418 1146 1816 1200; baseline -0.001 -15"><span class='ocrx_word' id='word_1_115' title='bbox 418 1146 614 1187; x_wconf 85' lang='lat' dir='ltr'>sententiis</span> <span class='ocrx_word' id='word_1_116' title='bbox 633 1157 747 1200; x_wconf 86' lang='lat' dir='ltr'>atque</span> <span class='ocrx_word' id='word_1_117' title='bbox 771 1147 895 1200; x_wconf 82' lang='lat' dir='ltr'>jussis,</span> <span class='ocrx_word' id='word_1_118' title='bbox 924 1156 967 1186; x_wconf 91' lang='lat' dir='ltr'>ut</span> <span class='ocrx_word' id='word_1_119' title='bbox 1001 1160 1137 1186; x_wconf 89' lang='lat' dir='ltr'>eorum</span> <span class='ocrx_word' id='word_1_120' title='bbox 1157 1146 1343 1200; x_wconf 84' lang='lat' dir='ltr'>suffragiis</span> <span class='ocrx_word' id='word_1_121' title='bbox 1374 1161 1502 1185; x_wconf 89' lang='lat' dir='ltr'>rerum</span> <span class='ocrx_word' id='word_1_122' title='bbox 1533 1156 1666 1186; x_wconf 90' lang='lat' dir='ltr'>natura</span> <span class='ocrx_word' id='word_1_123' title='bbox 1693 1155 1816 1185; x_wconf 87' lang='lat' dir='ltr'>verta-</span> 
     </span>
     <span class='ocr_line' id='line_1_15' title="bbox 416 1212 1817 1265; baseline -0.001 -13"><span class='ocrx_word' id='word_1_124' title='bbox 416 1223 480 1252; x_wconf 87' lang='lat' dir='ltr'>tur</span> <span class='ocrx_word' id='word_1_125' title='bbox 494 1232 507 1259; x_wconf 76' lang='lat'>3</span> <span class='ocrx_word' id='word_1_126' title='bbox 538 1227 608 1252; x_wconf 91' lang='lat' dir='ltr'>cur</span> <span class='ocrx_word' id='word_1_127' title='bbox 627 1227 704 1252; x_wconf 91' lang='lat' dir='ltr'>non</span> <span class='ocrx_word' id='word_1_128' title='bbox 720 1213 908 1258; x_wconf 90' lang='lat' dir='ltr'>sanciunt,</span> <span class='ocrx_word' id='word_1_129' title='bbox 930 1221 986 1258; x_wconf 91' lang='lat' dir='ltr'>ut,</span> <span class='ocrx_word' id='word_1_130' title='bbox 1009 1227 1094 1265; x_wconf 84' lang='lat' dir='ltr'>quae</span> <span class='ocrx_word' id='word_1_131' title='bbox 1111 1212 1211 1251; x_wconf 88' lang='lat' dir='ltr'>mala</span> <span class='ocrx_word' id='word_1_132' title='bbox 1223 1212 1510 1265; x_wconf 87' lang='lat' dir='ltr'>perniciosaque</span> <span class='ocrx_word' id='word_1_133' title='bbox 1528 1213 1628 1258; x_wconf 87' lang='lat' dir='ltr'>sunt,</span> <span class='ocrx_word' id='word_1_134' title='bbox 1648 1212 1817 1252; x_wconf 86' lang='lat' dir='ltr'>habean-</span> 
     </span>
     <span class='ocr_line' id='line_1_16' title="bbox 416 1277 1818 1333; baseline -0.001 -15"><span class='ocrx_word' id='word_1_135' title='bbox 416 1288 481 1318; x_wconf 87' lang='lat' dir='ltr'>tur</span> <span class='ocrx_word' id='word_1_136' title='bbox 500 1293 569 1333; x_wconf 91' lang='lat' dir='ltr'>pro</span> <span class='ocrx_word' id='word_1_137' title='bbox 589 1279 700 1318; x_wconf 88' lang='lat' dir='ltr'>bonis</span> <span class='ocrx_word' id='word_1_138' title='bbox 720 1293 763 1317; x_wconf 91' lang='lat' dir='ltr'>ac</span> <span class='ocrx_word' id='word_1_139' title='bbox 783 1279 1007 1317; x_wconf 84' lang='lat' dir='ltr'>salutaribus</span> <span class='ocrx_word' id='word_1_140' title='bbox 1025 1279 1039 1315; x_wconf 91' lang='lat'>?</span> <span class='ocrx_word' id='word_1_141' title='bbox 1070 1287 1135 1317; x_wconf 87' lang='lat' dir='ltr'>aut</span> <span class='ocrx_word' id='word_1_142' title='bbox 1154 1291 1236 1323; x_wconf 89' lang='lat' dir='ltr'>cur,</span> <span class='ocrx_word' id='word_1_143' title='bbox 1257 1291 1350 1316; x_wconf 91' lang='lat' dir='ltr'>cum</span> <span class='ocrx_word' id='word_1_144' title='bbox 1365 1278 1430 1330; x_wconf 86' lang='lat' dir='ltr'>jus</span> <span class='ocrx_word' id='word_1_145' title='bbox 1451 1291 1498 1316; x_wconf 80' lang='lat' dir='ltr'>ex</span> <span class='ocrx_word' id='word_1_146' title='bbox 1518 1278 1657 1330; x_wconf 89' lang='lat' dir='ltr'>injuria</span> <span class='ocrx_word' id='word_1_147' title='bbox 1677 1278 1740 1317; x_wconf 85' lang='lat' dir='ltr'>lex</span> <span class='ocrx_word' id='word_1_148' title='bbox 1758 1277 1818 1316; x_wconf 85' lang='lat' dir='ltr'>fa-</span> 
     </span>
     <span class='ocr_line' id='line_1_17' title="bbox 417 1343 1819 1400; baseline -0.001 -15"><span class='ocrx_word' id='word_1_149' title='bbox 417 1359 505 1385; x_wconf 88' lang='lat' dir='ltr'>cere</span> <span class='ocrx_word' id='word_1_150' title='bbox 521 1346 647 1400; x_wconf 87' lang='lat' dir='ltr'>poffit,</span> <span class='ocrx_word' id='word_1_151' title='bbox 668 1346 818 1385; x_wconf 88' lang='lat' dir='ltr'>bonum</span> <span class='ocrx_word' id='word_1_152' title='bbox 839 1345 971 1384; x_wconf 84' lang='lat' dir='ltr'>eadem</span> <span class='ocrx_word' id='word_1_153' title='bbox 991 1343 1116 1383; x_wconf 90' lang='lat' dir='ltr'>facere</span> <span class='ocrx_word' id='word_1_154' title='bbox 1136 1358 1215 1383; x_wconf 89' lang='lat' dir='ltr'>non</span> <span class='ocrx_word' id='word_1_155' title='bbox 1241 1344 1354 1397; x_wconf 85' lang='lat' dir='ltr'>poffit</span> <span class='ocrx_word' id='word_1_156' title='bbox 1373 1357 1420 1382; x_wconf 86' lang='lat' dir='ltr'>ex</span> <span class='ocrx_word' id='word_1_157' title='bbox 1440 1344 1571 1382; x_wconf 89' lang='lat' dir='ltr'>malo?</span> <span class='ocrx_word' id='word_1_158' title='bbox 1604 1344 1731 1397; x_wconf 91' lang='lat' dir='ltr'>Atqui</span> <span class='ocrx_word' id='word_1_159' title='bbox 1750 1358 1819 1384; x_wconf 91' lang='lat' dir='ltr'>nos</span> 
     </span>
     <span class='ocr_line' id='line_1_18' title="bbox 419 1410 1818 1466; baseline -0.001 -16"><span class='ocrx_word' id='word_1_160' title='bbox 419 1412 548 1466; x_wconf 88' lang='lat' dir='ltr'>legem</span> <span class='ocrx_word' id='word_1_161' title='bbox 565 1413 707 1452; x_wconf 91' lang='lat' dir='ltr'>bonam</span> <span class='ocrx_word' id='word_1_162' title='bbox 727 1425 747 1450; x_wconf 86' lang='lat' dir='ltr'>a</span> <span class='ocrx_word' id='word_1_163' title='bbox 767 1411 881 1458; x_wconf 87' lang='lat' dir='ltr'>mala,</span> <span class='ocrx_word' id='word_1_164' title='bbox 916 1411 1023 1450; x_wconf 65' lang='lat' dir='ltr'>nulla</span> <span class='ocrx_word' id='word_1_165' title='bbox 1043 1410 1117 1449; x_wconf 67' lang='lat' dir='ltr'>alia</span> <span class='ocrx_word' id='word_1_166' title='bbox 1136 1411 1205 1450; x_wconf 88' lang='lat' dir='ltr'>nifi</span> <span class='ocrx_word' id='word_1_167' title='bbox 1226 1419 1368 1449; x_wconf 88' lang='lat' dir='ltr'>naturae</span> <span class='ocrx_word' id='word_1_168' title='bbox 1389 1410 1526 1450; x_wconf 71' lang='lat' dir='ltr'>norma</span> <span class='ocrx_word' id='word_1_169' title='bbox 1545 1410 1712 1449; x_wconf 87' lang='lat' dir='ltr'>dividere</span> <span class='ocrx_word' id='word_1_170' title='bbox 1732 1410 1818 1465; x_wconf 89' lang='lat' dir='ltr'>pos-</span> 
     </span>
     <span class='ocr_line' id='line_1_19' title="bbox 421 1476 1818 1530; baseline 0 -16"><span class='ocrx_word' id='word_1_171' title='bbox 421 1477 565 1516; x_wconf 81' lang='lat' dir='ltr'>sumuS.</span> <span class='ocrx_word' id='word_1_172' title='bbox 596 1479 684 1517; x_wconf 90' lang='lat' dir='ltr'>Nec</span> <span class='ocrx_word' id='word_1_173' title='bbox 704 1477 828 1522; x_wconf 81' lang='lat' dir='ltr'>solum</span> <span class='ocrx_word' id='word_1_174' title='bbox 843 1478 908 1530; x_wconf 88' lang='lat' dir='ltr'>jus</span> <span class='ocrx_word' id='word_1_175' title='bbox 928 1485 966 1515; x_wconf 91' lang='lat' dir='ltr'>et</span> <span class='ocrx_word' id='word_1_176' title='bbox 985 1476 1125 1528; x_wconf 89' lang='lat' dir='ltr'>injuria</span> <span class='ocrx_word' id='word_1_177' title='bbox 1144 1490 1164 1514; x_wconf 92' lang='lat' dir='ltr'>a</span> <span class='ocrx_word' id='word_1_178' title='bbox 1190 1485 1324 1515; x_wconf 89' lang='lat' dir='ltr'>natura</span> <span class='ocrx_word' id='word_1_179' title='bbox 1342 1476 1617 1529; x_wconf 83' lang='lat' dir='ltr'>dijudicantur,</span> <span class='ocrx_word' id='word_1_180' title='bbox 1649 1476 1711 1514; x_wconf 90' lang='lat' dir='ltr'>sed</span> <span class='ocrx_word' id='word_1_181' title='bbox 1730 1490 1818 1515; x_wconf 88' lang='lat' dir='ltr'>om-</span> 
     </span>
     <span class='ocr_line' id='line_1_20' title="bbox 421 1541 1823 1596; baseline -0.001 -15"><span class='ocrx_word' id='word_1_182' title='bbox 421 1543 516 1581; x_wconf 86' lang='lat' dir='ltr'>nino</span> <span class='ocrx_word' id='word_1_183' title='bbox 534 1544 665 1581; x_wconf 88' lang='lat' dir='ltr'>omnia</span> <span class='ocrx_word' id='word_1_184' title='bbox 692 1541 848 1581; x_wconf 89' lang='lat' dir='ltr'>honesta</span> <span class='ocrx_word' id='word_1_185' title='bbox 873 1557 916 1582; x_wconf 91' lang='lat' dir='ltr'>ac</span> <span class='ocrx_word' id='word_1_186' title='bbox 937 1543 1075 1596; x_wconf 89' lang='lat' dir='ltr'>turpia.</span> <span class='ocrx_word' id='word_1_187' title='bbox 1121 1543 1228 1582; x_wconf 90' lang='lat' dir='ltr'>Nam</span> <span class='ocrx_word' id='word_1_188' title='bbox 1253 1552 1292 1581; x_wconf 92' lang='lat' dir='ltr'>et</span> <span class='ocrx_word' id='word_1_189' title='bbox 1325 1543 1546 1582; x_wconf 84' lang='lat' dir='ltr'>communis</span> <span class='ocrx_word' id='word_1_190' title='bbox 1567 1542 1823 1595; x_wconf 90' lang='lat' dir='ltr'>intelligentia</span> 
     </span>
     <span class='ocr_line' id='line_1_21' title="bbox 421 1607 1821 1661; baseline 0 -14"><span class='ocrx_word' id='word_1_191' title='bbox 421 1609 533 1647; x_wconf 86' lang='lat' dir='ltr'>nobis</span> <span class='ocrx_word' id='word_1_192' title='bbox 569 1618 676 1647; x_wconf 89' lang='lat' dir='ltr'>notas</span> <span class='ocrx_word' id='word_1_193' title='bbox 709 1622 766 1647; x_wconf 90' lang='lat' dir='ltr'>res</span> <span class='ocrx_word' id='word_1_194' title='bbox 795 1609 928 1654; x_wconf 87' lang='lat' dir='ltr'>efficit,</span> <span class='ocrx_word' id='word_1_195' title='bbox 959 1609 1093 1661; x_wconf 85' lang='lat' dir='ltr'>easque</span> <span class='ocrx_word' id='word_1_196' title='bbox 1127 1609 1167 1647; x_wconf 89' lang='lat' dir='ltr'>in</span> <span class='ocrx_word' id='word_1_197' title='bbox 1200 1609 1339 1647; x_wconf 84' lang='lat' dir='ltr'>animis</span> <span class='ocrx_word' id='word_1_198' title='bbox 1372 1609 1506 1647; x_wconf 87' lang='lat' dir='ltr'>nostris</span> <span class='ocrx_word' id='word_1_199' title='bbox 1538 1607 1749 1654; x_wconf 83' lang='lat' dir='ltr'>inchoavit,</span> <span class='ocrx_word' id='word_1_200' title='bbox 1778 1617 1821 1647; x_wconf 92' lang='lat' dir='ltr'>ut</span> 
     </span>
     <span class='ocr_line' id='line_1_22' title="bbox 421 1673 1362 1727; baseline -0.001 -15"><span class='ocrx_word' id='word_1_201' title='bbox 421 1673 576 1714; x_wconf 88' lang='lat' dir='ltr'>honesta</span> <span class='ocrx_word' id='word_1_202' title='bbox 595 1675 635 1713; x_wconf 88' lang='lat' dir='ltr'>in</span> <span class='ocrx_word' id='word_1_203' title='bbox 655 1675 796 1713; x_wconf 89' lang='lat' dir='ltr'>virtute</span> <span class='ocrx_word' id='word_1_204' title='bbox 816 1684 1021 1727; x_wconf 90' lang='lat' dir='ltr'>ponantur,</span> <span class='ocrx_word' id='word_1_205' title='bbox 1042 1675 1081 1712; x_wconf 91' lang='lat' dir='ltr'>in</span> <span class='ocrx_word' id='word_1_206' title='bbox 1101 1673 1204 1712; x_wconf 87' lang='lat' dir='ltr'>vitiis</span> <span class='ocrx_word' id='word_1_207' title='bbox 1223 1674 1362 1727; x_wconf 86' lang='lat' dir='ltr'>turpia.</span> 
     </span>
    </p>

    <p class='ocr_par' dir='ltr' id='par_1_4' title="bbox 421 1739 1823 2308">
     <span class='ocr_line' id='line_1_23' title="bbox 477 1739 1819 1793; baseline 0 -15"><span class='ocrx_word' id='word_1_208' title='bbox 477 1742 575 1779; x_wconf 87' lang='lat' dir='ltr'>Haec</span> <span class='ocrx_word' id='word_1_209' title='bbox 609 1749 738 1779; x_wconf 85' lang='lat' dir='ltr'>autem</span> <span class='ocrx_word' id='word_1_210' title='bbox 769 1741 811 1778; x_wconf 89' lang='lat' dir='ltr'>in</span> <span class='ocrx_word' id='word_1_211' title='bbox 839 1741 1023 1792; x_wconf 89' lang='lat' dir='ltr'>opinione</span> <span class='ocrx_word' id='word_1_212' title='bbox 1052 1739 1279 1785; x_wconf 87' lang='lat' dir='ltr'>existimare,</span> <span class='ocrx_word' id='word_1_213' title='bbox 1321 1753 1399 1779; x_wconf 90' lang='lat' dir='ltr'>non</span> <span class='ocrx_word' id='word_1_214' title='bbox 1432 1740 1473 1777; x_wconf 89' lang='lat' dir='ltr'>in</span> <span class='ocrx_word' id='word_1_215' title='bbox 1507 1748 1654 1785; x_wconf 88' lang='lat' dir='ltr'>natura,</span> <span class='ocrx_word' id='word_1_216' title='bbox 1687 1739 1819 1793; x_wconf 85' lang='lat' dir='ltr'>posita,</span> 
     </span>
     <span class='ocr_line' id='line_1_24' title="bbox 421 1806 1819 1859; baseline 0 -13"><span class='ocrx_word' id='word_1_217' title='bbox 421 1807 614 1847; x_wconf 86' lang='lat' dir='ltr'>dementis</span> <span class='ocrx_word' id='word_1_218' title='bbox 644 1807 710 1845; x_wconf 90' lang='lat' dir='ltr'>est.</span> <span class='ocrx_word' id='word_1_219' title='bbox 756 1807 864 1846; x_wconf 86' lang='lat' dir='ltr'>Nam</span> <span class='ocrx_word' id='word_1_220' title='bbox 892 1820 962 1845; x_wconf 90' lang='lat' dir='ltr'>nec</span> <span class='ocrx_word' id='word_1_221' title='bbox 985 1807 1144 1851; x_wconf 87' lang='lat' dir='ltr'>arboris,</span> <span class='ocrx_word' id='word_1_222' title='bbox 1175 1820 1244 1845; x_wconf 91' lang='lat' dir='ltr'>nec</span> <span class='ocrx_word' id='word_1_223' title='bbox 1280 1807 1372 1859; x_wconf 89' lang='lat' dir='ltr'>equi</span> <span class='ocrx_word' id='word_1_224' title='bbox 1391 1806 1510 1844; x_wconf 87' lang='lat' dir='ltr'>virtus</span> <span class='ocrx_word' id='word_1_225' title='bbox 1545 1820 1630 1859; x_wconf 85' lang='lat' dir='ltr'>quae</span> <span class='ocrx_word' id='word_1_226' title='bbox 1663 1807 1819 1852; x_wconf 91' lang='lat' dir='ltr'>dicitur,</span> 
     </span>
     <span class='ocr_line' id='line_1_25' title="bbox 424 1871 1820 1926; baseline -0.002 -13"><span class='ocrx_word' id='word_1_227' title='bbox 424 1874 495 1926; x_wconf 87' lang='lat' dir='ltr'>(in</span> <span class='ocrx_word' id='word_1_228' title='bbox 515 1887 594 1926; x_wconf 92' lang='lat' dir='ltr'>quo</span> <span class='ocrx_word' id='word_1_229' title='bbox 624 1873 823 1912; x_wconf 88' lang='lat' dir='ltr'>abutimur</span> <span class='ocrx_word' id='word_1_230' title='bbox 854 1873 1040 1924; x_wconf 89' lang='lat' dir='ltr'>nomine)</span> <span class='ocrx_word' id='word_1_231' title='bbox 1072 1873 1112 1909; x_wconf 90' lang='lat' dir='ltr'>in</span> <span class='ocrx_word' id='word_1_232' title='bbox 1132 1872 1315 1924; x_wconf 90' lang='lat' dir='ltr'>opinione</span> <span class='ocrx_word' id='word_1_233' title='bbox 1336 1872 1403 1909; x_wconf 86' lang='lat' dir='ltr'>fita</span> <span class='ocrx_word' id='word_1_234' title='bbox 1421 1871 1487 1916; x_wconf 93' lang='lat' dir='ltr'>est,</span> <span class='ocrx_word' id='word_1_235' title='bbox 1519 1871 1581 1909; x_wconf 91' lang='lat' dir='ltr'>sed</span> <span class='ocrx_word' id='word_1_236' title='bbox 1600 1885 1641 1909; x_wconf 84' lang='lat' dir='ltr'>1n</span> <span class='ocrx_word' id='word_1_237' title='bbox 1673 1881 1820 1910; x_wconf 88' lang='lat' dir='ltr'>natura.</span> 
     </span>
     <span class='ocr_line' id='line_1_26' title="bbox 422 1936 1823 1992; baseline -0.001 -15"><span class='ocrx_word' id='word_1_238' title='bbox 422 1939 542 1992; x_wconf 84' lang='lat' dir='ltr'>Qod</span> <span class='ocrx_word' id='word_1_239' title='bbox 561 1939 587 1977; x_wconf 87' lang='lat' dir='ltr'>fi</span> <span class='ocrx_word' id='word_1_240' title='bbox 618 1939 671 1976; x_wconf 91' lang='lat' dir='ltr'>ita</span> <span class='ocrx_word' id='word_1_241' title='bbox 699 1938 751 1975; x_wconf 91' lang='lat' dir='ltr'>est</span> <span class='ocrx_word' id='word_1_242' title='bbox 767 1956 778 1983; x_wconf 72' lang='grc' dir='ltr'><strong><em>ς</em></strong></span> <span class='ocrx_word' id='word_1_243' title='bbox 810 1937 966 1976; x_wconf 85' lang='lat' dir='ltr'>honesta</span> <span class='ocrx_word' id='word_1_244' title='bbox 995 1950 1153 1989; x_wconf 93' lang='lat' dir='ltr'>quoque</span> <span class='ocrx_word' id='word_1_245' title='bbox 1183 1945 1221 1975; x_wconf 89' lang='lat' dir='ltr'>et</span> <span class='ocrx_word' id='word_1_246' title='bbox 1255 1936 1382 1989; x_wconf 87' lang='lat' dir='ltr'>turpia</span> <span class='ocrx_word' id='word_1_247' title='bbox 1415 1936 1549 1974; x_wconf 61' lang='lat' dir='ltr'>natura</span> <span class='ocrx_word' id='word_1_248' title='bbox 1579 1936 1823 1988; x_wconf 85' lang='lat' dir='ltr'>dijudicanda</span> 
     </span>
     <span class='ocr_line' id='line_1_27' title="bbox 423 2002 1821 2056; baseline -0.001 -12"><span class='ocrx_word' id='word_1_249' title='bbox 423 2005 522 2044; x_wconf 87' lang='lat' dir='ltr'>sunt.</span> <span class='ocrx_word' id='word_1_250' title='bbox 567 2004 675 2043; x_wconf 90' lang='lat' dir='ltr'>Nam</span> <span class='ocrx_word' id='word_1_251' title='bbox 696 2004 723 2042; x_wconf 89' lang='lat' dir='ltr'>fi</span> <span class='ocrx_word' id='word_1_252' title='bbox 740 2003 924 2056; x_wconf 90' lang='lat' dir='ltr'>opinione</span> <span class='ocrx_word' id='word_1_253' title='bbox 944 2003 1113 2041; x_wconf 85' lang='lat' dir='ltr'>universa</span> <span class='ocrx_word' id='word_1_254' title='bbox 1132 2004 1268 2049; x_wconf 89' lang='lat' dir='ltr'>virtus,</span> <span class='ocrx_word' id='word_1_255' title='bbox 1299 2002 1433 2040; x_wconf 66' lang='lat' dir='ltr'>eadem</span> <span class='ocrx_word' id='word_1_256' title='bbox 1452 2003 1532 2055; x_wconf 91' lang='lat' dir='ltr'>ejus</span> <span class='ocrx_word' id='word_1_257' title='bbox 1551 2002 1668 2041; x_wconf 88' lang='lat' dir='ltr'>etiam</span> <span class='ocrx_word' id='word_1_258' title='bbox 1698 2013 1821 2056; x_wconf 88' lang='lat' dir='ltr'>partes</span> 
     </span>
     <span class='ocr_line' id='line_1_28' title="bbox 422 2068 1821 2125; baseline -0.001 -15"><span class='ocrx_word' id='word_1_259' title='bbox 422 2071 686 2125; x_wconf 86' lang='lat' dir='ltr'>probarentur.</span> <span class='ocrx_word' id='word_1_260' title='bbox 729 2070 829 2121; x_wconf 87' lang='lat' dir='ltr'>Qis</span> <span class='ocrx_word' id='word_1_261' title='bbox 851 2070 969 2122; x_wconf 86' lang='lat' dir='ltr'>igitur</span> <span class='ocrx_word' id='word_1_262' title='bbox 997 2069 1243 2122; x_wconf 88' lang='lat' dir='ltr'>prudentem,</span> <span class='ocrx_word' id='word_1_263' title='bbox 1273 2078 1325 2114; x_wconf 90' lang='lat' dir='ltr'>et,</span> <span class='ocrx_word' id='word_1_264' title='bbox 1347 2078 1391 2107; x_wconf 93' lang='lat' dir='ltr'>ut</span> <span class='ocrx_word' id='word_1_265' title='bbox 1418 2068 1472 2106; x_wconf 89' lang='lat' dir='ltr'>ita</span> <span class='ocrx_word' id='word_1_266' title='bbox 1501 2068 1643 2114; x_wconf 88' lang='lat' dir='ltr'>dicam,</span> <span class='ocrx_word' id='word_1_267' title='bbox 1674 2077 1821 2115; x_wconf 89' lang='lat' dir='ltr'>catum,</span> 
     </span>
     <span class='ocr_line' id='line_1_29' title="bbox 423 2133 1822 2190; baseline -0.001 -14"><span class='ocrx_word' id='word_1_268' title='bbox 423 2151 501 2176; x_wconf 90' lang='lat' dir='ltr'>non</span> <span class='ocrx_word' id='word_1_269' title='bbox 521 2151 568 2176; x_wconf 82' lang='lat' dir='ltr'>ex</span> <span class='ocrx_word' id='word_1_270' title='bbox 586 2137 702 2190; x_wconf 86' lang='lat' dir='ltr'>ipfius</span> <span class='ocrx_word' id='word_1_271' title='bbox 723 2135 875 2181; x_wconf 88' lang='lat' dir='ltr'>habitu,</span> <span class='ocrx_word' id='word_1_272' title='bbox 891 2136 952 2174; x_wconf 89' lang='lat' dir='ltr'>sed</span> <span class='ocrx_word' id='word_1_273' title='bbox 972 2149 1019 2174; x_wconf 86' lang='lat' dir='ltr'>ex</span> <span class='ocrx_word' id='word_1_274' title='bbox 1040 2135 1167 2187; x_wconf 87' lang='lat' dir='ltr'>aliqua</span> <span class='ocrx_word' id='word_1_275' title='bbox 1185 2149 1223 2174; x_wconf 92' lang='lat' dir='ltr'>re</span> <span class='ocrx_word' id='word_1_276' title='bbox 1243 2144 1411 2179; x_wconf 88' lang='lat' dir='ltr'>externa,</span> <span class='ocrx_word' id='word_1_277' title='bbox 1427 2133 1578 2186; x_wconf 87' lang='lat' dir='ltr'>judicet</span> <span class='ocrx_word' id='word_1_278' title='bbox 1596 2135 1609 2172; x_wconf 89' lang='lat'>?</span> <span class='ocrx_word' id='word_1_279' title='bbox 1631 2134 1698 2173; x_wconf 92' lang='lat' dir='ltr'>Est</span> <span class='ocrx_word' id='word_1_280' title='bbox 1716 2136 1822 2174; x_wconf 91' lang='lat' dir='ltr'>enim</span> 
     </span>
     <span class='ocr_line' id='line_1_30' title="bbox 422 2199 1822 2255; baseline -0.001 -14"><span class='ocrx_word' id='word_1_281' title='bbox 422 2204 543 2241; x_wconf 88' lang='lat' dir='ltr'>virtus</span> <span class='ocrx_word' id='word_1_282' title='bbox 576 2202 740 2255; x_wconf 67' lang='lat' dir='ltr'>perfecta</span> <span class='ocrx_word' id='word_1_283' title='bbox 770 2202 892 2240; x_wconf 90' lang='lat' dir='ltr'>ratio:</span> <span class='ocrx_word' id='word_1_284' title='bbox 925 2201 1031 2253; x_wconf 91' lang='lat' dir='ltr'>quod</span> <span class='ocrx_word' id='word_1_285' title='bbox 1051 2210 1151 2239; x_wconf 92' lang='lat' dir='ltr'>certe</span> <span class='ocrx_word' id='word_1_286' title='bbox 1181 2202 1222 2240; x_wconf 90' lang='lat' dir='ltr'>in</span> <span class='ocrx_word' id='word_1_287' title='bbox 1252 2209 1385 2239; x_wconf 81' lang='lat' dir='ltr'>natura</span> <span class='ocrx_word' id='word_1_288' title='bbox 1414 2199 1480 2239; x_wconf 91' lang='lat' dir='ltr'>est.</span> <span class='ocrx_word' id='word_1_289' title='bbox 1541 2200 1664 2253; x_wconf 88' lang='lat' dir='ltr'>Igitur</span> <span class='ocrx_word' id='word_1_290' title='bbox 1694 2201 1822 2240; x_wconf 89' lang='lat' dir='ltr'>omnis</span> 
     </span>
     <span class='ocr_line' id='line_1_31' title="bbox 423 2267 906 2308; baseline -0.008 0"><span class='ocrx_word' id='word_1_291' title='bbox 423 2268 598 2308; x_wconf 90' lang='lat' dir='ltr'>honestas</span> <span class='ocrx_word' id='word_1_292' title='bbox 618 2267 755 2306; x_wconf 88' lang='lat' dir='ltr'>eodem</span> <span class='ocrx_word' id='word_1_293' title='bbox 775 2267 906 2305; x_wconf 87' lang='lat' dir='ltr'>modo.</span> 
     </span>
    </p>

    <p class='ocr_par' dir='ltr' id='par_1_5' title="bbox 428 2330 1826 2518">
     <span class='ocr_line' id='line_1_32' title="bbox 478 2330 1825 2384; baseline -0.003 -10"><span class='ocrx_word' id='word_1_294' title='bbox 478 2335 613 2373; x_wconf 88' lang='lat' dir='ltr'>XVII.</span> <span class='ocrx_word' id='word_1_295' title='bbox 645 2334 753 2373; x_wconf 86' lang='lat' dir='ltr'>Nam</span> <span class='ocrx_word' id='word_1_296' title='bbox 773 2342 817 2371; x_wconf 91' lang='lat' dir='ltr'>ut</span> <span class='ocrx_word' id='word_1_297' title='bbox 836 2346 919 2371; x_wconf 82' lang='lat' dir='ltr'>vera</span> <span class='ocrx_word' id='word_1_298' title='bbox 939 2341 977 2370; x_wconf 87' lang='lat' dir='ltr'>et</span> <span class='ocrx_word' id='word_1_299' title='bbox 997 2330 1100 2377; x_wconf 80' lang='lat' dir='ltr'>falsa,</span> <span class='ocrx_word' id='word_1_300' title='bbox 1130 2340 1174 2369; x_wconf 93' lang='lat' dir='ltr'>ut</span> <span class='ocrx_word' id='word_1_301' title='bbox 1192 2331 1462 2384; x_wconf 88' lang='lat' dir='ltr'>consequentia</span> <span class='ocrx_word' id='word_1_302' title='bbox 1481 2340 1519 2370; x_wconf 94' lang='lat' dir='ltr'>et</span> <span class='ocrx_word' id='word_1_303' title='bbox 1538 2332 1738 2377; x_wconf 87' lang='lat' dir='ltr'>contraria,</span> <span class='ocrx_word' id='word_1_304' title='bbox 1761 2331 1825 2370; x_wconf 60' lang='lat' dir='ltr'>sust</span> 
     </span>
     <span class='ocr_line' id='line_1_33' title="bbox 428 2397 1822 2453; baseline -0.001 -15"><span class='ocrx_word' id='word_1_305' title='bbox 428 2399 572 2453; x_wconf 87' lang='lat' dir='ltr'>sponte,</span> <span class='ocrx_word' id='word_1_306' title='bbox 590 2413 667 2439; x_wconf 89' lang='lat' dir='ltr'>non</span> <span class='ocrx_word' id='word_1_307' title='bbox 689 2399 824 2444; x_wconf 63' lang='lat' dir='ltr'>aliena,</span> <span class='ocrx_word' id='word_1_308' title='bbox 837 2398 1059 2450; x_wconf 85' lang='lat' dir='ltr'>judicantur</span> <span class='ocrx_word' id='word_1_309' title='bbox 1066 2416 1077 2442; x_wconf 67' lang='grc' dir='ltr'><strong><em>ς</em></strong></span> <span class='ocrx_word' id='word_1_310' title='bbox 1102 2397 1151 2435; x_wconf 88' lang='lat' dir='ltr'>fic</span> <span class='ocrx_word' id='word_1_311' title='bbox 1172 2397 1343 2437; x_wconf 90' lang='lat' dir='ltr'>constans</span> <span class='ocrx_word' id='word_1_312' title='bbox 1363 2407 1400 2436; x_wconf 90' lang='lat' dir='ltr'>et</span> <span class='ocrx_word' id='word_1_313' title='bbox 1416 2407 1598 2451; x_wconf 92' lang='lat' dir='ltr'>perpetua</span> <span class='ocrx_word' id='word_1_314' title='bbox 1613 2398 1707 2436; x_wconf 90' lang='lat' dir='ltr'>ratio</span> <span class='ocrx_word' id='word_1_315' title='bbox 1723 2399 1822 2443; x_wconf 83' lang='lat' dir='ltr'>vitae,</span> 
     </span>
     <span class='ocr_line' id='line_1_34' title="bbox 430 2463 1826 2518; baseline -0.001 -15"><span class='ocrx_word' id='word_1_316' title='bbox 430 2479 512 2518; x_wconf 85' lang='lat' dir='ltr'>quae</span> <span class='ocrx_word' id='word_1_317' title='bbox 531 2466 584 2505; x_wconf 87' lang='lat' dir='ltr'>est</span> <span class='ocrx_word' id='word_1_318' title='bbox 602 2467 737 2511; x_wconf 86' lang='lat' dir='ltr'>virtus,</span> <span class='ocrx_word' id='word_1_319' title='bbox 759 2466 931 2518; x_wconf 89' lang='lat' dir='ltr'>itemque</span> <span class='ocrx_word' id='word_1_320' title='bbox 952 2463 1217 2508; x_wconf 79' lang='lat' dir='ltr'>inconstantia,</span> <span class='ocrx_word' id='word_1_321' title='bbox 1239 2464 1343 2517; x_wconf 89' lang='lat' dir='ltr'>quod</span> <span class='ocrx_word' id='word_1_322' title='bbox 1363 2464 1415 2503; x_wconf 90' lang='lat' dir='ltr'>est</span> <span class='ocrx_word' id='word_1_323' title='bbox 1433 2464 1588 2510; x_wconf 87' lang='lat' dir='ltr'>vitium,</span> <span class='ocrx_word' id='word_1_324' title='bbox 1610 2464 1674 2502; x_wconf 67' lang='lat' dir='ltr'>sua</span> <span class='ocrx_word' id='word_1_325' title='bbox 1693 2464 1826 2502; x_wconf 69' lang='lat' dir='ltr'>natura</span> 
     </span>
    </p>
   </div>
   <div class='ocr_carea' id='block_1_3' title="bbox 431 2529 1826 2636">
    <p class='ocr_par' dir='ltr' id='par_1_6' title="bbox 431 2529 1826 2636">
     <span class='ocr_line' id='line_1_35' title="bbox 431 2529 1826 2585; baseline -0.001 -17"><span class='ocrx_word' id='word_1_326' title='bbox 431 2530 623 2583; x_wconf 91' lang='lat' dir='ltr'>probatur.</span> <span class='ocrx_word' id='word_1_327' title='bbox 668 2532 754 2570; x_wconf 89' lang='lat' dir='ltr'>Nos</span> <span class='ocrx_word' id='word_1_328' title='bbox 786 2531 938 2585; x_wconf 82' lang='lat' dir='ltr'>ingenia</span> <span class='ocrx_word' id='word_1_329' title='bbox 957 2531 1161 2583; x_wconf 82' lang='lat' dir='ltr'>juvenum,</span> <span class='ocrx_word' id='word_1_330' title='bbox 1193 2543 1268 2569; x_wconf 88' lang='lat' dir='ltr'>non</span> <span class='ocrx_word' id='word_1_331' title='bbox 1290 2530 1383 2568; x_wconf 90' lang='lat' dir='ltr'>item</span> <span class='ocrx_word' id='word_1_332' title='bbox 1416 2530 1461 2568; x_wconf 88' lang='lat' dir='ltr'>ad</span> <span class='ocrx_word' id='word_1_333' title='bbox 1483 2531 1662 2582; x_wconf 58' lang='lat' dir='ltr'>ingenia,</span> <span class='ocrx_word' id='word_1_334' title='bbox 1694 2529 1826 2567; x_wconf 62' lang='lat' dir='ltr'>natura</span> 
     </span>
     <span class='ocr_line' id='line_1_36' title="bbox 513 2597 1529 2636; baseline -0.002 -1"><span class='ocrx_word' id='word_1_335' title='bbox 513 2597 582 2635; x_wconf 91' lang='lat' dir='ltr'>To</span> <span class='ocrx_word' id='word_1_336' title='bbox 594 2609 643 2635; x_wconf 71' lang='grc' dir='ltr'>Μ.</span> <span class='ocrx_word' id='word_1_337' title='bbox 676 2597 750 2636; x_wconf 88' lang='lat'>111.</span> <span class='ocrx_word' id='word_1_338' title='bbox 1494 2597 1529 2633; x_wconf 90' lang='lat' dir='ltr'>R</span> 
     </span>
    </p>
   </div>
  </div>
 </body>
</html>
