2223 3003
632 287 908 328 LIBER
966 286 1465 327 SECUNDUS.
1680 301 1751 340 147

353 385 629 438 praetermittit.
680 386 786 425 Nam
808 385 895 424 sunt
927 385 973 423 ad
994 384 1196 438 placandos
1218 385 1323 423 Deos
1354 384 1420 422 alii
1449 382 1661 428 constituti,
1684 383 1752 435 qui

351 450 463 490 sacris
483 451 633 504 praefint
653 451 871 489 solennibus
888 469 899 494 ;
931 451 977 488 ad
1006 450 1286 502 interpretanda
1306 449 1369 487 alii
1390 449 1567 502 praediCta
1590 458 1720 487 vatum
1738 467 1750 492 ς

353 530 478 570 neque
499 518 730 561 multorum,
754 529 800 554 ne
821 515 909 552 esset
929 515 1143 559 infinitum,
1178 528 1302 566 neque
1322 525 1366 553 ut
1393 528 1434 552 ea
1457 515 1548 567 ipsa,
1570 528 1654 566 quae
1674 514 1752 552 sus·

352 592 463 636 cepta
482 583 637 636 publice
657 582 787 625 efl'ent,
809 580 1013 632 quisquam
1033 589 1140 617 extra
1156 580 1367 631 collegium
1388 581 1519 618 noffet.

394 649 621 687 Maximum
641 655 769 684 autem
789 654 826 682 et
841 644 1186 697 praestantiffimum
1208 644 1247 681 in
1270 644 1466 696 republica
1479 646 1543 696 jus
1563 645 1615 683 est
1631 659 1751 698 augu-

353 726 454 757 rum,
477 721 515 750 et
529 725 622 750 cum
641 711 863 749 auetoritate
880 711 1149 762 conjun&um.
1182 710 1322 761 Neque
1343 723 1430 747 vero
1451 709 1539 754 hoc,
1559 712 1649 762 quia
1667 712 1753 749 sum

351 777 431 830 ipse
455 792 590 831 augur,
621 778 674 815 ita
699 776 831 821 sentio,
865 775 926 814 sed
956 776 1047 828 quia
1077 775 1127 813 fic
1161 774 1375 813 existimare
1408 788 1477 813 nos
1507 775 1560 812 est
1593 775 1751 815 necesse.

352 844 462 895 Qid
481 845 586 882 enim
606 843 729 895 majus
748 842 814 887 est,
837 842 863 880 fi
884 842 930 880 de
944 843 1031 894 jure
1052 841 1274 894 quaerimus,
1292 854 1410 894 quain
1431 840 1532 894 poffe
1551 854 1571 879 a
1590 841 1752 879 summis

351 910 524 963 imperiis
544 918 582 948 et
600 909 762 948 summis
782 908 1030 962 potestatibus
1054 908 1276 946 comitiatus
1296 916 1334 945 et
1352 907 1529 952 concilia,
1562 907 1621 945 vel
1642 907 1753 945 insti-

350 983 434 1014 tuta
453 976 661 1020 dimittere,
692 975 751 1013 vel
783 974 913 1013 habita
933 973 1173 1013 rescindere?
1204 973 1299 1026 quid
1325 974 1490 1026 gravius,
1522 986 1640 1025 quam
1670 986 1752 1011 rem

350 1041 564 1095 susceptam
580 1041 726 1086 dirimi,
743 1041 770 1079 fi
788 1054 886 1079 unus
902 1053 1036 1093 augur,
1056 1053 1165 1078 ALIO
1191 1052 1283 1084 DIE,
1300 1039 1438 1077 dixerit
1453 1039 1466 1076 ?
1489 1039 1583 1090 quid
1601 1040 1754 1091 magni-

351 1106 545 1152 ficentius,
561 1121 679 1159 quam
695 1106 796 1160 poffe
813 1107 1026 1151 decernere,
1047 1115 1092 1144 ut
1107 1105 1329 1158 magistratu
1349 1104 1384 1143 se
1399 1105 1579 1142 abdicent
1600 1105 1753 1143 Consu-

350 1172 434 1211 les?
465 1173 560 1226 quid
581 1173 802 1226 religiosius,
824 1186 943 1225 quam
964 1185 1056 1210 cum
1076 1172 1237 1225 populo,
1269 1185 1363 1209 cum
1382 1170 1495 1224 plebe
1515 1170 1651 1223 agendi
1671 1172 1753 1223 jus,

350 1248 417 1277 aut
436 1239 536 1284 dare,
557 1248 622 1276 aut
641 1252 719 1276 non
740 1238 826 1275 dare
842 1239 855 1274 ?
886 1238 1010 1290 quid?
1031 1237 1171 1289 legem,
1193 1237 1220 1274 fi
1240 1250 1318 1274 non
1334 1237 1421 1287 jure
1437 1245 1566 1287 rogata
1585 1236 1651 1280 est,
1674 1237 1754 1274 tol-

351 1305 457 1343 lere?
490 1314 533 1343 ut
553 1304 718 1349 Titiam,
751 1303 904 1341 decreto
923 1301 1102 1355 collegii,
1135 1311 1179 1339 ut
1210 1301 1354 1346 Livias,
1386 1300 1544 1339 confilio
1564 1300 1754 1354 Philippi,

352 1371 532 1410 Consulis
551 1380 590 1409 et
605 1370 757 1422 auguris
777 1385 786 1407 ;
820 1367 921 1408 nihil
941 1368 1064 1413 domi,
1095 1366 1195 1406 nihil
1211 1366 1305 1405 foris
1326 1380 1392 1419 per
1409 1366 1650 1420 magistratus
1670 1367 1755 1419 ges-

352 1446 455 1482 tum,
476 1437 552 1476 fine
567 1450 701 1476 eorum
722 1435 943 1474 auctoritate
958 1434 1059 1487 posse
1078 1434 1262 1487 cuiquam
1282 1433 1451 1487 probari.

408 1503 525 1541 XIII.
558 1504 784 1540 ATT1cus.
818 1503 917 1554 Age,
930 1502 1012 1553 jam
1032 1500 1099 1539 ista
1121 1500 1247 1546 video,
1268 1498 1466 1552 fateorque
1486 1498 1558 1538 effe
1587 1514 1724 1554 magna
1740 1516 1753 1540 ε

356 1567 417 1606 sed
435 1567 488 1606 est
518 1567 559 1605 in
577 1566 742 1620 collegi0
772 1566 891 1606 vestro
910 1567 1010 1605 inter
1030 1565 1265 1605 Marcellum
1297 1575 1336 1604 et
1355 1566 1548 1619 Appium,
1583 1566 1754 1619 optimos

354 1647 527 1687 augures,
548 1646 687 1685 magna
706 1632 876 1670 diffenfio
892 1650 904 1677 5
929 1633 1037 1683 (nam
1053 1645 1186 1670 eorum
1207 1645 1278 1683 ego
1299 1632 1339 1669 in
1360 1632 1478 1669 libros
1498 1631 1637 1683 incidi)
1660 1640 1759 1670 cum'

353 1699 462 1737 alteri
481 1699 639 1752 placeat,
669 1697 834 1750 auspicia
867 1696 934 1735 ista
964 1697 1010 1735 ad
1031 1697 1238 1735 utilitatem
1258 1695 1329 1734 effe
1349 1695 1569 1748 reipublicae
1589 1709 1755 1749 compo-

353 1764 420 1803 fita
434 1783 446 1809 5
478 1764 586 1801 alteri
607 1763 807 1815 disciplina
826 1763 943 1801 vestra
963 1763 1065 1815 quasi
1085 1762 1253 1801 divinare
1273 1762 1444 1800 videatur
1466 1761 1614 1814 prorsus
1636 1761 1752 1814 poffe.

353 1831 441 1869 Hac
458 1840 501 1868 tu
520 1830 567 1868 de
587 1843 639 1874 re,
654 1843 796 1881 quaero,
815 1829 910 1883 quid
930 1829 1078 1868 sentias.
1111 1829 1327 1867 R‘IARcus.
1346 1829 1483 1881 Egone
1501 1828 1513 1864 ?
1544 1827 1755 1866 divinatio-

354 1909 459 1941 nem,
487 1909 605 1948 quam
627 1896 755 1933 Graeci
772 1890 931 1942 μαντικὴν
958 1894 1166 1946 appellant,
1193 1893 1264 1931 effe
1282 1892 1431 1938 censeo,
1452 1902 1491 1930 et
1510 1891 1626 1944 hujus
1654 1892 1755 1931 hanc

352 1961 472 2015 ipsam
493 1970 656 2014 partem,
677 1974 762 2013 quae
782 1959 836 1998 est
854 1960 895 1997 in
912 1960 1045 1998 avibus
1065 1957 1286 2012 caeterisque
1302 1958 1416 2011 fignis
1437 1958 1649 2011 disciplinae
1665 1959 1755 1998 nos-

353 2037 418 2066 trae
427 2046 439 2072 3
461 2027 582 2080 qubd,
599 2041 693 2065 curn
713 2027 885 2065 summos
901 2027 1006 2065 Deos
1021 2025 1093 2065 effe
1107 2025 1380 2070 concedamus,
1397 2038 1609 2077 eorumque
1625 2034 1756 2064 mente

353 2093 549 2132 mundum
579 2093 674 2146 regi,
705 2102 742 2131 et
776 2092 985 2132 eorundem
1017 2092 1296 2145 benignitatem
1318 2089 1530 2129 hominum
1560 2091 1757 2130 consulere

353 2158 497 2211 generi,
527 2167 566 2196 et
585 2158 686 2210 poffe
712 2158 824 2197 nobis
845 2157 949 2211 signa
968 2171 1096 2196 rerum
1116 2156 1336 2195 futurarum
1356 2154 1563 2201 ostendere,
1595 2169 1673 2195 non
1693 2157 1755 2195 vi-

353 2224 425 2263 deo
445 2237 513 2262 cur
532 2223 603 2261 effe
623 2224 901 2262 divinationem
932 2236 1083 2274 negem.
1117 2223 1212 2260 Sunt
1238 2230 1368 2259 autem
1382 2234 1439 2266 ea,
1461 2235 1546 2273 quae
1562 2221 1685 2274 posui,
1707 2235 1756 2260 ex

353 2290 496 2342 quibus
517 2289 570 2335 id,
593 2289 697 2342 quod
712 2289 908 2333 volumus,
926 2288 1092 2326 efficitur
1112 2296 1150 2325 et
1170 2287 1335 2341 cogitur.
1371 2288 1459 2338 Jam
1475 2300 1563 2326 vero
1578 2288 1755 2340 permul-

355 2363 483 2394 torum
503 2356 772 2408 exemplorum
789 2363 827 2393 et
843 2353 964 2393 nostra
983 2353 1035 2391 est
1056 2353 1168 2406 plena
1183 2353 1406 2406 respublica,
1424 2361 1460 2391 et
1476 2354 1608 2392 omnia
1627 2366 1754 2406 regna,

358 2421 564 2473 omnesque
589 2422 739 2474 populi,
772 2422 996 2472 cunetaeque
1016 2428 1162 2471 gentes,
1194 2432 1386 2471 augurum
1416 2419 1605 2472 praedietis
1632 2419 1758 2457 multa

358 2484 636 2525 incredibiliter
655 2500 740 2524 vera
760 2486 947 2524 cecidisse.
980 2486 1120 2537 Neque
1135 2484 1239 2523 enim
1253 2484 1419 2535 Polyidi,
1441 2497 1565 2536 neque
1581 2484 1755 2522 Melam-

355 2548 481 2601 podi3‚
512 2563 635 2602 neque
652 2552 797 2605 Mopsi,
819 2565 944 2604 neque
961 2550 1203 2603 Amphiarai,
1225 2562 1348 2603 neque
1370 2548 1608 2594 Calchantis,
1633 2562 1756 2601 neque

1343 2617 1380 2654 T
1404 2629 1426 2656 2
