2223 3003
366 277 414 316 16
650 276 751 314 DE
810 273 1457 313 DIVINATIONE

360 386 638 427 nonnunquam
672 371 965 410 vaticinantibus
992 383 1058 422 per
1086 369 1286 413 furorem,
1334 380 1377 406 ut
1414 369 1522 406 Bacis
1556 368 1741 414 Bceotius,

361 450 404 478 ut
432 437 676 492 Epimenides
701 438 807 479 Cres,
837 443 875 472 et
907 434 1050 485 Sibylla
1083 433 1291 485 Erythraea.
1335 434 1456 484 Cujus
1487 433 1632 485 generis
1657 446 1741 471 ora-

359 505 444 542 cula
477 504 591 540 etiam
621 500 794 538 habenda
821 499 921 543 sunt,
963 512 1040 536 non
1073 511 1128 543 ea,
1172 512 1257 550 quae
1288 499 1441 550 aequatis
1472 498 1633 536 sortibus
1667 497 1741 535 du-

358 578 511 612 cuntur,
541 566 603 604 sed
622 565 700 609 illa,
731 578 816 616 qua:
835 564 1014 602 instindtu
1033 564 1164 602 divino
1184 563 1389 615 afflatuque
1405 563 1620 601 funduntur
1638 577 1647 601 ε
1679 562 1743 600 etsi

357 634 434 687 ipsa
464 632 540 670 sors
566 629 847 669 contemnenda
877 643 954 667 non
983 629 1050 674 est,
1088 629 1117 667 fi
1153 638 1190 666 et
1225 629 1487 667 austeritatem
1520 627 1635 666 habet
1676 640 1741 665 ve-

358 698 518 742 tustatis,
549 706 592 734 ut
621 710 672 733 eae
692 695 776 733 sunt
797 695 925 739 sortes,
956 708 1048 747 quas
1073 707 1093 732 e
1113 704 1208 732 terra
1237 694 1354 731 editas
1384 694 1628 746 accepimus;
1659 706 1743 745 quae

358 774 487 802 tamen
517 762 652 806 dustae,
683 770 726 798 ut
755 762 795 798 in
817 774 898 798 rem
929 769 1014 813 apte
1044 759 1192 804 cadant,
1223 759 1304 797 fieri
1332 759 1445 797 credo
1470 758 1570 811 poss‘e
1599 758 1741 796 divini-

358 840 434 868 tus.
486 830 666 880 Qorum
700 827 880 865 omnium
914 827 1150 878 interpretes,
1181 833 1224 863 ut
1254 825 1495 877 grammatici
1528 833 1741 877 poetarum,

358 895 533 947 proxime
564 893 609 931 ad
639 905 788 936 eorum,
813 905 904 944 quas
935 891 1242 944 interpretantur,
1273 884 1548 931 divinationem
1567 889 1743 928 videntur

357 960 546 998 accedere⁴

412 1027 511 1078 Qae
543 1025 595 1063 est
628 1025 746 1078 igitur
776 1024 844 1062 ista
875 1023 1074 1068 calliditas,
1104 1036 1161 1061 res
1187 1023 1368 1061 vetustate
1398 1022 1565 1062 robustas
1593 1022 1743 1061 calum-

358 1093 497 1130 niando
530 1091 628 1128 velle
661 1089 901 1142 pervertere?
933 1090 1026 1128 Non
1065 1089 1210 1141 reperio
1242 1088 1406 1126 causam.
1450 1089 1563 1126 Latet
1596 1086 1745 1125 fortaffe

356 1157 585 1196 obscuritate
615 1156 786 1194 involuta
813 1164 981 1193 naturae:
1012 1168 1090 1192 non
1120 1155 1224 1192 enim
1244 1167 1307 1193 me
1327 1155 1432 1192 Deus
1462 1153 1528 1192 ista
1546 1153 1653 1197 scire,
1684 1151 1745 1191 sed

356 1222 418 1261 his
439 1221 708 1262 tantummodo
729 1221 800 1266 uti,
830 1221 966 1258 voluit.
998 1221 1095 1258 Utar
1120 1220 1252 1272 igitur,
1283 1233 1352 1258 nec
1383 1219 1559 1264 adducar,
1589 1227 1632 1256 ut
1651 1231 1743 1262 rear,

355 1299 421 1328 aut
449 1290 489 1327 in
519 1289 615 1327 extis
651 1297 771 1326 totam
805 1287 1001 1326 Etruriam
1032 1287 1200 1331 delirare,
1231 1296 1296 1325 aut
1324 1286 1483 1324 eandem
1512 1295 1668 1338 gentem
1702 1285 1744 1322 in

355 1355 576 1408 fulguribus
597 1367 729 1398 errare,
760 1362 824 1391 aut
857 1352 1041 1390 fallaciter
1070 1361 1243 1405 portenta
1274 1352 1524 1405 interpretari,
1555 1365 1646 1389 cum
1667 1360 1743 1388 ter-

357 1435 405 1459 rae
425 1421 518 1473 saepe
547 1419 737 1464 fremitus,
768 1419 860 1471 saepe
881 1419 1068 1471 mugitus,
1099 1417 1192 1471 saepe
1219 1427 1346 1456 motus
1376 1418 1499 1456 multa
1518 1417 1649 1455 nostrae
1668 1416 1743 1454 rei-

355 1486 534 1538 publicae,
570 1485 694 1523 multa
727 1485 869 1523 caeteris
903 1483 1120 1522 civitatibus
1152 1484 1278 1535 gravia
1306 1493 1344 1521 et
1378 1497 1461 1521 vera
1487 1482 1742 1535 praedixerint.

356 1552 495 1603 Qid?
526 1551 593 1603 qui
629 1551 819 1595 irridetur,
849 1560 978 1602 partus
1013 1549 1078 1587 hic
1099 1549 1228 1594 mulae,
1259 1562 1399 1593 nonne,
1430 1549 1520 1601 quia
1538 1547 1655 1586 foetus
1675 1560 1744 1585 ex·

355 1617 434 1653 titit
463 1617 502 1652 in
531 1616 723 1653 sterilitate
753 1625 908 1659 naturae,
938 1614 1136 1666 praediCtus
1168 1613 1220 1650 est
1250 1614 1296 1650 ab
1325 1613 1588 1664 haruspicibus
1618 1612 1744 1650 incre-

353 1680 485 1718 dibilis
520 1687 648 1732 partus
671 1678 861 1716 malorum
883 1679 896 1715 ?
929 1677 1067 1729 Qid?
1099 1677 1194 1716 Tib.
1217 1676 1431 1720 Gracchus,
1463 1678 1506 1714 P.
1528 1676 1645 1719 filius,
1675 1676 1745 1726 qui

352 1746 412 1784 bis
440 1743 583 1783 Consul
604 1752 642 1780 et
673 1742 814 1780 Censor
843 1742 933 1785 fuit,
961 1742 1145 1792 idemque
1177 1749 1215 1777 et
1248 1739 1421 1778 summus
1451 1753 1585 1793 augur,
1615 1749 1653 1778 et
1686 1741 1743 1778 vir

354 1810 514 1863 sapienS,
546 1807 712 1859 civisque
738 1806 939 1859 praestans5
971 1819 1097 1844 nonne
1126 1806 1187 1856 (ut
1207 1806 1254 1842 C.
1277 1804 1492 1850 Gracchus,
1523 1805 1624 1843 filius
1644 1806 1740 1857 ejus,

355 1876 541 1928 scriptum
574 1874 747 1926 reliquit)
777 1872 926 1911 duobus
947 1872 1136 1924 anguibus
1157 1870 1263 1909 domi
1283 1871 1577 1924 comprehensis,
1610 1871 1742 1910 harus-

355 1942 459 1994 pices
492 1939 749 1978 convocavit?
781 1938 849 1990 qui
882 1950 974 1975 cum
1005 1935 1287 1989 respondissent,
1319 1936 1344 1974 fi
1380 1949 1522 1975 marem
1552 1937 1740 1983 emisisset,

356 2007 466 2045 uxori
487 2005 591 2044 brevi
613 2014 782 2057 tempore
801 2002 872 2040 effe
892 2002 1137 2041 moriendum
1152 2020 1165 2047 3
1198 2002 1222 2040 si
1243 2000 1458 2047 foeminam,
1480 2003 1546 2055 ipsi
1563 2021 1574 2047 ;
1597 2004 1740 2055 aequius

356 2072 426 2111 esse
460 2071 619 2116 censuit,
651 2070 686 2108 se
714 2079 902 2108 maturam
932 2077 1109 2121 oppetere
1140 2077 1320 2113 mortem,
1351 2082 1468 2121 quam
1500 2069 1544 2108 P.
1567 2068 1742 2108 Africani

356 2138 477 2176 filiam
498 2135 785 2175 adolescentem.
833 2134 1053 2174 Foeminam
1069 2133 1222 2180 emisit,
1253 2133 1330 2187 ipse
1359 2135 1487 2188 paucis
1506 2134 1588 2189 post
1608 2135 1741 2174 diebus

355 2203 406 2240 est
428 2212 616 2241 mortuus.

412 2269 523 2306 XIX.
557 2267 783 2306 Irrideamus
817 2266 1054 2320 haruspices;
1103 2280 1232 2311 vanos,
1274 2266 1401 2306 futiles
1431 2267 1501 2306 effe
1539 2267 1738 2311 dicamus;

354 2347 599 2386 quorumque
632 2332 870 2385 disciplinam
891 2342 928 2370 ct
960 2332 1248 2385 sapientissimus
1268 2332 1338 2377 vir,
1368 2342 1405 2370 et
1438 2342 1594 2371 eventus
1615 2347 1656 2371 ac
1686 2346 1741 2371 res

356 2398 637 2450 comprobavit,
667 2408 972 2436 contemnamus.
1018 2400 1324 2437 Contemnamus
1354 2399 1468 2437 etiam
1497 2399 1739 2450 Babylonios,

357 2474 395 2502 ct
414 2477 491 2509 coe,
526 2464 592 2516 qui
613 2477 632 2501 e
653 2463 819 2502 Caucaso
839 2463 920 2501 cccli
941 2463 1042 2515 signa
1063 2463 1260 2508 servantes,
1297 2465 1466 2502 numeris
1497 2473 1534 2502 et
1556 2465 1739 2507 motibus,

354 2529 546 2570 stellarum
565 2528 694 2569 cursus
713 2529 1002 2583 persequuntur.
1035 2529 1363 2576 Condemnemus,
1393 2530 1566 2583 inquam,
1588 2528 1655 2568 hos
1674 2538 1742 2567 aut
