2223 3003
669 264 774 305 DE
832 265 1407 306 SENECTUTE.
1662 283 1733 321 311

339 363 388 403 ad
420 364 595 418 sapientis
626 366 746 404 vitam
778 366 955 419 proxime
984 366 1163 405 videntur
1193 369 1383 406 accedere.
1445 357 1604 407 Habent
1633 370 1739 408 enim

340 433 527 470 rationem
547 445 639 470 cum
660 443 768 476 terra,
800 446 884 484 quae
907 446 1108 485 nunquam
1139 434 1284 472 recusat
1313 435 1538 487 imperium,
1572 449 1642 473 nec
1663 450 1739 473 un-

339 510 458 549 quam
490 497 566 535 fine
598 497 706 535 usura
736 498 873 541 reddit,
905 498 1009 549 quod
1040 499 1219 550 accepit3
1252 499 1314 537 sed
1343 499 1433 537 alias
1461 501 1624 546 minore,
1653 502 1739 554 ple-

342 576 506 615 rumque
526 565 668 616 majore
689 576 780 600 cum
797 561 957 600 foenore.
976 563 1212 615 Qanquam
1233 578 1296 602 me
1317 565 1474 616 quidem
1495 580 1572 605 non
1592 566 1739 606 fruetus

340 630 473 674 modo,
503 629 565 667 sed
595 629 710 665 etiam
731 628 846 679 ipfius
867 637 973 665 terrae
993 629 1048 665 vis
1080 641 1122 666 ac
1143 638 1274 666 natura
1294 631 1484 676 delectat,
1516 646 1614 684 quae,
1646 647 1740 672 cum

339 695 488 747 gremio
519 693 675 731 mollito
704 705 747 730 ac
775 692 928 730 subacro
958 692 1085 730 semen
1105 693 1273 745 sparsum
1294 697 1460 747 excepit,
1492 697 1678 748 primum,
1700 699 1741 737 id

339 768 571 798 occaecatum
592 757 777 802 cohibet3
812 758 877 809 (ex
897 771 976 810 quo
995 759 1157 803 occatio,
1189 773 1274 811 quae
1294 759 1370 798 hoc
1391 761 1524 806 efficit,
1546 765 1742 803 nominata

337 825 408 878 est)
441 825 592 869 deinde,
627 822 861 876 tepefactum
895 837 1032 876 vapore
1063 833 1102 862 et
1131 825 1346 878 compressu
1379 826 1444 864 suo
1478 827 1672 874 diffindit,
1702 840 1741 868 et

338 892 446 930 elicit
463 889 751 929 herbescentem
771 903 818 928 ex
837 903 883 928 eo
902 890 1136 929 viriditatem
1153 905 1163 929 ε
1195 905 1293 943 quae,
1314 894 1404 931 nixa
1422 893 1527 932 fibris
1548 893 1742 948 stirpium,

337 957 471 996 senfim
491 956 684 1002 adolescit,
715 957 926 1009 culmoque
951 958 1074 995 eresta
1103 958 1334 1009 geniculato,
1366 959 1512 1012 vaginis
1533 961 1616 1012 jam
1637 963 1741 1013 quast

338 1023 548 1077 pubescens
582 1023 822 1068 includitur3
853 1037 874 1061 e
905 1023 1044 1075 quibus
1076 1037 1168 1062 cum
1199 1025 1405 1070 emerserit,
1436 1025 1568 1064 fundit
1586 1026 1744 1080 frugem

339 1090 448 1143 spici,
469 1090 601 1128 ordine
620 1089 814 1135 structam,
845 1098 883 1128 et
913 1099 1046 1128 contra
1064 1090 1195 1129 avium
1221 1091 1417 1131 minorum
1438 1092 1585 1131 morsus
1606 1095 1748 1132 muni-

338 1165 402 1196 tur
420 1158 521 1196 vallo
540 1157 750 1196 aristarum.

396 1224 505 1276 Qid
537 1237 609 1277 ego
642 1224 784 1262 vitium
810 1223 929 1269 satus,
960 1233 1090 1270 ortus,
1131 1225 1370 1264 incrementa
1402 1226 1745 1265 commemorem?

339 1290 472 1327 Satiari
505 1289 755 1327 delectatione
789 1303 866 1327 non
900 1290 1066 1342 poffum,
1098 1301 1141 1329 ut
1170 1305 1265 1330 meae
1295 1292 1496 1331 senectutis
1527 1293 1741 1345 requietem

337 1355 745 1407 oblectamentumque
765 1356 940 1394 noscatis.
975 1357 1131 1395 Omitto
1157 1358 1264 1395 enim
1294 1359 1374 1395 vim
1395 1358 1512 1410 ipsam
1545 1359 1740 1402 omnium,

338 1435 423 1474 quae
441 1430 672 1475 generantur
690 1434 710 1459 e
730 1430 827 1459 terra
844 1437 853 1460 ε
886 1435 971 1474 quae
1001 1436 1047 1460 ex
1068 1422 1131 1461 fici
1153 1424 1302 1462 tantulo
1320 1437 1453 1477 grano,
1478 1434 1543 1462 aut
1563 1437 1611 1463 ex
1630 1425 1742 1462 acino

338 1488 509 1533 vinaceo,
538 1497 605 1526 aut
632 1501 680 1526 ex
703 1498 924 1526 caeterarum
942 1488 1103 1541 frugum
1124 1503 1166 1527 ac
1196 1490 1373 1542 stirpium
1393 1489 1657 1529 minutiffimis
1683 1489 1742 1527 se-

339 1553 513 1591 minibus
548 1562 672 1591 tantos
707 1562 864 1591 truncos
896 1554 1097 1605 ramosque
1129 1564 1312 1606 procreat.
1360 1555 1551 1599 Malleoli,
1586 1555 1740 1608 plantae,

338 1618 539 1663 sarmenta,
570 1618 807 1662 viviradices,
838 1619 1080 1670 propagines,
1111 1632 1239 1657 nonne
1259 1632 1301 1657 ea
1319 1619 1507 1665 efficiunt,
1536 1629 1579 1657 ut
1599 1633 1741 1672 quem-

338 1685 394 1722 vis
415 1698 508 1722 cum
527 1684 778 1722 admiratione
797 1683 1012 1721 delectent?
1043 1684 1147 1722 Vitis
1167 1684 1341 1736 quidem,
1363 1699 1448 1737 quae
1467 1686 1600 1723 natura
1620 1685 1740 1723 cadu-

338 1763 382 1788 ca
401 1750 467 1794 est,
498 1759 549 1795 et,
582 1750 648 1788 nis1
669 1748 769 1787 fulta
788 1749 846 1794 fit,
877 1749 923 1786 ad
955 1758 1092 1787 terram
1113 1749 1258 1795 fertur;
1290 1751 1437 1796 eadem,
1470 1760 1513 1789 ut
1543 1751 1579 1788 se
1607 1752 1740 1804 erigat,

338 1814 534 1853 claviculis
566 1814 655 1859 suis,
686 1813 788 1866 quafi
820 1813 1018 1859 manibus,
1050 1815 1241 1866 quidquid
1271 1815 1324 1853 est
1354 1817 1475 1860 nacta,
1510 1816 1741 1868 complecti-

339 1891 424 1926 tur,-
457 1895 588 1934 quam,
620 1881 833 1933 serpentem
854 1880 1066 1932 multiplici
1092 1880 1198 1933 lapsu
1217 1890 1260 1918 et
1275 1882 1450 1925 erratico,
1480 1879 1581 1919 ferro
1601 1894 1741 1933 ampu-

339 1956 422 1985 tans
442 1957 591 1985 coercet
610 1960 666 1984 ars
687 1946 956 1999 agricolarum,
984 1959 1031 1983 ne
1053 1945 1218 1984 filvescat
1238 1946 1450 1991 sarmentis,
1481 1955 1519 1984 et
1546 1947 1586 1984 in
1607 1960 1742 1985 omnes

338 2023 460 2067 partes
483 2014 604 2052 nimia
623 2011 820 2051 fundatur.
880 2013 1013 2065 Itaque
1032 2013 1189 2051 ineunte
1215 2026 1314 2059 vere,
1345 2014 1386 2051 in
1417 2013 1478 2057 iis,
1509 2027 1594 2065 quae
1614 2013 1743 2051 relicta

340 2078 440 2123 sunt,
470 2079 597 2117 existit
626 2088 811 2130 tanquam
830 2077 876 2115 ad
896 2078 1076 2116 articulos
1097 2077 1376 2116 sarmentorum
1396 2091 1451 2122 ea,
1483 2091 1567 2129 quae
1587 2090 1743 2130 gemma

339 2144 495 2188 dicitur,
527 2158 548 2182 a
576 2156 650 2196 qua
683 2144 808 2182 oriens
840 2157 912 2181 uva
941 2138 1015 2182 sese
1035 2143 1224 2181 ostendit:
1257 2157 1342 2195 quae
1362 2153 1400 2180 et
1420 2143 1534 2180 succo
1553 2152 1673 2187 terrae,
1704 2152 1742 2180 et

339 2211 463 2249 calore
484 2210 571 2248 solis
591 2209 792 2261 augescens
813 2209 940 2261 primo
969 2208 1022 2245 est
1041 2208 1240 2260 peracerba
1259 2208 1425 2260 gustatu,
1453 2208 1591 2246 deinde
1610 2218 1741 2246 matu-

340 2286 417 2314 rata
437 2275 620 2313 dulcescit
637 2293 648 2318 ;
680 2273 886 2325 vestitaque
905 2273 1112 2325 pampinis,
1135 2286 1205 2310 nec
1226 2274 1382 2311 modico
1400 2283 1529 2326 tepore
1555 2283 1670 2319 caret,
1703 2283 1741 2312 et

340 2342 482 2380 nimios
503 2341 589 2379 solis
611 2338 783 2378 defendit
803 2339 978 2376 ardores:
1010 2351 1086 2390 qua
1116 2338 1210 2390 quid
1243 2339 1365 2391 potest
1395 2339 1466 2378 effe
1496 2348 1582 2377 tum
1612 2338 1740 2377 fructu

341 2407 478 2452 laetius‚
509 2416 595 2445 tum
628 2406 804 2458 adspetftu
836 2403 1036 2457 pulchrius
1057 2405 1070 2441 ?
1101 2404 1211 2456 cujus
1231 2405 1391 2457 quidem
1412 2418 1490 2443 non
1512 2405 1656 2443 utilitas
1677 2419 1742 2443 me

343 2471 481 2516 solum,
503 2482 546 2511 ut
564 2482 650 2510 ante
670 2472 768 2516 dixi,
798 2471 858 2509 sed
878 2472 994 2509 etiam
1015 2470 1178 2515 cultura,
1209 2480 1247 2509 et
1277 2471 1355 2524 ipsa
1385 2480 1519 2509 natura
1551 2471 1709 2509 delectat
1724 2489 1737 2515 3

343 2537 668 2577 adminiculorum
687 2537 852 2584 ordines,
877 2537 1049 2590 capitum
1065 2537 1230 2589 jugatio,
1252 2537 1440 2591 religatio,
1461 2546 1498 2576 et
1516 2537 1742 2591 propagatio
