2223 3003
498 219 576 276 368
937 215 1455 254 PARADoxA.

495 320 685 373 Qamvis
715 318 780 356 illa
814 315 857 354 fit
890 314 1016 367 plena,
1047 314 1143 352 dum
1171 322 1215 352 rte
1248 313 1403 352 inanem
1437 312 1590 358 videbo,
1625 311 1787 353 divitem
1818 328 1896 355 non
1933 308 1936 310 ’

494 387 662 440 putabo:
704 381 849 420 etenim
879 393 926 418 ex
960 393 1018 424 eo,
1058 388 1250 432 quantum
1283 379 1426 432 cuique
1458 379 1545 418 satis
1577 377 1644 424 est,
1686 379 1899 418 metiuntur

494 451 674 490 homines
706 447 928 485 divitiarum
959 446 1138 484 modum.
1199 445 1341 484 Filiam
1362 445 1449 498 quis
1477 444 1624 484 habet?
1655 445 1820 498 pecunia
1847 443 1902 483 est

493 530 603 569 opus.
647 513 785 553 Duas?
817 513 974 564 majore.
1025 512 1185 551 Plures?
1217 513 1360 564 majore
1379 512 1511 551 etiam.
1554 513 1622 557 Et,
1644 511 1685 557 fi,
1713 520 1757 550 ut
1775 511 1898 556 aiunt,

494 581 619 620 Danai
640 579 920 633 quinquaginta
940 578 1012 617 sint
1032 577 1134 624 filiae,
1166 587 1224 617 tot
1244 578 1352 617 dotes
1373 592 1556 632 magnam
1576 586 1754 631 quaerunt
1779 590 1899 630 pecu-

493 648 613 686 niam.
689 655 850 684 uantum
870 645 976 684 enim
995 646 1138 698 cuique
1159 658 1256 698 opus
1279 644 1346 690 est,
1378 645 1422 683 ad
1444 645 1483 684 id
1504 643 1836 689 accommodatur,
1857 652 1902 681 ut

493 724 580 753 ante
599 714 694 759 dixi,
726 713 950 751 divitiarum
981 712 1135 751 modus.
1182 713 1265 764 Qi
1297 712 1416 765 igitur
1447 726 1526 750 non
1547 711 1642 750 filias
1663 711 1807 764 plures,
1838 709 1901 748 sed

492 780 792 820 innumerabiles
813 779 1058 833 cupiditates,
1090 777 1220 824 habet,
1252 792 1337 831 quae
1368 779 1474 818 brevi
1507 789 1681 832 tempore
1712 777 1900 817 maximas

493 849 622 901 copias
643 846 842 885 exhaurire
862 844 1016 898 poffint,
1038 843 1144 883 hunc
1166 845 1365 896 quomodo
1393 858 1465 898 ego
1494 845 1696 899 appellabo
1723 845 1900 889 divitem,

492 912 684 965 cumipse
708 912 826 949 etiam
856 924 966 963 egere
994 910 1029 948 se
1059 910 1223 948 sentiat?
1255 910 1381 948 Multi
1410 924 1459 950 ex
1490 920 1527 948 te
1556 911 1773 956 audierunt,
1806 924 1901 949 cum

492 980 651 1024 diceres,
682 978 881 1016 neminem
912 975 983 1015 effe
1003 977 1179 1021 divitem,
1210 975 1279 1014 nisi
1310 977 1379 1029 qui
1409 976 1624 1015 exercitum
1655 976 1753 1014 alere
1784 976 1902 1029 poffet

492 1045 567 1084 suis
588 1043 778 1083 fructibus
794 1061 806 1089 ς
840 1042 945 1095 quod
966 1042 1133 1096 populus
1154 1043 1356 1081 Romanus
1383 1042 1498 1082 tantis
1530 1042 1780 1095 vectigalibus
1794 1043 1900 1094 jam-

492 1111 642 1164 pridem
672 1111 738 1148 vix
769 1109 903 1162 potest.
950 1109 1071 1162 Ergo,
1108 1107 1184 1147 hoc
1213 1108 1421 1162 propofito,
1457 1121 1658 1162 nunquam
1689 1108 1761 1146 eris
1796 1108 1901 1146 dives

491 1186 578 1215 ante
594 1190 711 1230 quam
730 1176 801 1214 tibi
821 1189 868 1215 ex
889 1176 965 1214 tuis
981 1175 1267 1228 poss‘effionibus
1284 1184 1438 1214 tantum
1458 1175 1662 1220 reficiatur,
1680 1184 1724 1213 ut
1743 1188 1788 1214 eo
1802 1175 1900 1213 tueri

492 1243 554 1281 sex
574 1243 759 1296 legiones,
792 1251 830 1280 et
851 1255 990 1295 magna
1018 1241 1198 1294 equitum
1224 1255 1266 1279 ac
1286 1242 1464 1295 peditum
1485 1241 1629 1280 auxilia
1648 1241 1775 1294 poffis.
1811 1241 1901 1292 Jam

491 1308 620 1348 fateris
640 1310 760 1362 igitur
780 1322 856 1347 non
878 1308 949 1346 effe
969 1318 1007 1346 te
1027 1308 1203 1353 divitem,
1220 1309 1285 1346 cui
1307 1317 1460 1346 tantum
1481 1308 1588 1353 defit,
1611 1317 1654 1345 ut
1674 1307 1824 1360 expleas
1846 1307 1900 1352 id,

492 1375 597 1428 quod
618 1385 788 1428 exoptas.
822 1375 956 1427 Itaque
976 1374 1084 1412 istam
1105 1384 1383 1427 paupertatem,
1403 1374 1462 1412 vel
1484 1374 1612 1427 potius
1633 1373 1838 1427 egestatem
1859 1387 1902 1412 ae

492 1442 785 1481 mendicitatem
807 1450 913 1478 tuam
935 1454 1136 1492 nunquam
1157 1440 1315 1479 obscure
1336 1440 1471 1479 tulisti.

548 1509 601 1547 ΙΙ.
634 1508 741 1546 Nam
764 1515 805 1544 ut
819 1506 880 1551 iis,
899 1506 966 1558 qui
982 1505 1138 1544 honeste
1159 1519 1241 1544 rem
1258 1515 1434 1559 quaerunt
1450 1506 1675 1544 mercaturis
1699 1504 1899 1552 faciendis,

492 1575 615 1628 operis
647 1572 795 1617 dandis,
833 1572 1001 1625 publicis
1034 1571 1244 1617 sumendis,
1280 1571 1538 1624 intelligimus
1570 1585 1667 1625 opus
1698 1571 1769 1610 effe
1794 1586 1902 1625 quae-

491 1643 560 1680 fito
576 1660 587 1686 ;
621 1641 684 1685 sic,
706 1639 774 1693 qui
795 1639 898 1677 videt
919 1639 1120 1694 domittuae
1140 1639 1280 1692 pariter
1305 1638 1570 1678 accusatorum
1590 1648 1705 1692 atque
1720 1638 1902 1691 judicum

493 1709 728 1748 consociatos
767 1720 927 1760 greges;
978 1707 1046 1759 qui
1082 1715 1263 1745 nocentes
1302 1716 1340 1745 et
1378 1705 1603 1760 pecuniosos
1649 1719 1730 1745 reos
1764 1707 1902 1746 eodem

491 1785 528 1813 te
562 1776 713 1813 auctore
747 1772 1006 1826 corruptelam
1023 1772 1164 1825 judicii
1195 1772 1430 1817 molientes;
1463 1772 1531 1825 qui
1559 1781 1640 1811 tuas
1676 1772 1901 1812 mercedum

492 1842 684 1894 pactiones
715 1840 753 1877 in
786 1839 1033 1891 patrociniis,
1076 1840 1356 1878 intercessiones
1397 1840 1650 1892 pecuniarum
1686 1840 1726 1877 in
1759 1840 1901 1878 coitio-

491 1907 606 1945 nibus
637 1905 927 1943 candidatorum
947 1933 958 1949 ,
998 1904 1232 1943 dimiffiones
1263 1906 1493 1944 libertorum
1535 1905 1581 1943 ad
1615 1904 1902 1944 defaenerandas

491 1971 798 2026 diripiendasque
830 1971 1071 2023 provincias5
1105 1971 1172 2023 qui
1203 1971 1443 2025 expulsiones
1478 1970 1711 2014 vicinorum,
1748 1971 1816 2023 qui
1845 1971 1899 2008 la-

492 2039 653 2078 trocinia
672 2039 711 2076 in
733 2038 845 2090 agriS,
868 2038 935 2089 qui
967 2051 1059 2075 cum
1084 2037 1209 2082 servis,
1246 2051 1337 2076 cum
1371 2038 1532 2083 libertis,
1564 2051 1656 2076 cum
1691 2037 1899 2076 clientibus

494 2105 702 2148 societates,
732 2104 799 2156 qui
832 2102 1071 2155 possessiones
1106 2116 1254 2149 vacuas,
1292 2103 1360 2156 qui
1395 2103 1690 2156 proscriptiones
1726 2103 1900 2156 locuple—

493 2172 619 2215 tium,
655 2171 724 2222 qui
759 2169 878 2207 caedes
913 2169 1247 2222 municipiorum,
1285 2170 1353 2222 qui
1395 2170 1501 2207 illam
1534 2170 1677 2221 Syllani
1714 2170 1899 2223 temporis

491 2237 646 2276 mcss‘cm
680 2237 922 2281 recordetur,
955 2236 1021 2288 qui
1056 2236 1279 2274 testamenta
1311 2236 1502 2289 subjecta,
1539 2238 1607 2289 qui
1640 2236 1805 2275 sublatos
1845 2246 1900 2275 tot

490 2303 695 2348 homines,
727 2303 794 2355 qui
816 2303 982 2355 denique
1007 2303 1140 2342 omnia
1160 2303 1319 2348 venalia,
1342 2303 1549 2348 delectum,
1571 2303 1783 2347 decretum,
1805 2302 1897 2340 alie-

491 2384 594 2414 nam,
619 2369 722 2407 suam
746 2369 987 2413 sententiam,
1011 2367 1155 2415 sorum,
1178 2370 1357 2415 domum,
1389 2382 1539 2413 vocem,
1564 2369 1783 2412 silentiunm
1813 2370 1899 2421 quis

490 2436 594 2476 hunc
613 2451 686 2475 non
707 2446 814 2489 putet
835 2436 1025 2482 confiteri,
1049 2437 1116 2475 fibi
1134 2437 1290 2489 quaesito
1310 2450 1406 2489 opus
1425 2435 1494 2474 ess‘e
1513 2437 1525 2473 ?
1551 2436 1616 2475 cui
1637 2446 1764 2474 autem
1788 2451 1894 2488 quae-

490 2504 559 2542 sito
579 2517 676 2556 opus
699 2503 754 2547 fit,
779 2502 865 2553 quis
888 2517 1058 2555 unquam
1082 2502 1186 2542 hunc
1208 2517 1291 2541 vere
1313 2503 1452 2541 dixerit
1473 2502 1632 2541 divitem
1652 2504 1664 2540 ?
1699 2502 1762 2540 list
1794 2504 1898 2541 enim

487 2570 712 2609 divitiarum
761 2568 907 2607 fruetus
944 2570 982 2608 in
1017 2569 1155 2624 copia:
1196 2570 1349 2623 copiam
1391 2579 1518 2608 autem
1553 2569 1718 2609 declarat
1754 2569 1898 2607 satietas
