2223 3003
457 298 531 334 ¹04
925 279 1029 318 DE
1113 280 1364 318 FATO.

451 382 555 436 quod
575 379 831 431 consequitur,
862 375 1122 415 necessarium.
1159 378 1395 430 Qanquam
1414 375 1489 415 hoc
1520 376 1736 431 Chrysippo
1766 391 1843 419 non

450 447 601 484 videtur
633 445 756 482 valere
788 443 829 481 in
855 442 1052 482 omnibus.
1099 443 1169 481 Sed
1200 452 1343 488 tamen,
1381 443 1406 481 fi
1442 443 1622 481 naturalis
1655 443 1708 481 est
1751 457 1843 482 cau-

450 513 498 556 sa,
529 525 596 548 cur
616 511 655 548 in
678 509 773 548 mari
794 508 936 547 Fabius
967 521 1046 547 non
1066 508 1266 554 moriatur,
1296 509 1336 547 in
1357 509 1452 548 mari
1474 509 1614 548 Fabius
1635 509 1735 548 mori
1767 523 1845 548 non

450 577 583 630 potest.

507 643 619 681 VIII.
642 643 733 681 Hoc
753 641 840 680 loco
856 639 1092 695 Chrysippus
1113 640 1268 680 aestuans
1289 639 1372 679 falli
1392 641 1512 694 sperat
1533 640 1747 686 Chaldaeos,
1769 653 1843 679 cae-

452 709 622 761 terosque
641 708 805 753 divinos,
836 720 961 760 neque
987 721 1049 746 eos
1085 706 1214 745 usuros
1243 706 1314 745 effe
1334 706 1687 759 conjunctionibus,
1720 717 1763 745 ut
1792 707 1845 745 ita

451 776 514 813 sua
532 783 710 827 percepta
728 773 991 827 pronuntient,
1023 773 1061 811 Si
1094 773 1181 825 quis
1213 782 1322 811 natus
1343 773 1396 811 est
1415 774 1561 812 oriente
1582 773 1781 817 Canicula,
1812 774 1844 810 is

448 842 489 879 in
511 841 606 879 mari
626 854 703 878 non
738 839 924 877 morietur
938 857 951 883 ;
982 837 1044 876 sed
1063 838 1192 891 potius
1212 838 1265 876 ita
1294 838 1436 884 dicant,
1469 838 1563 878 Non
1595 848 1633 876 et
1664 847 1774 876 natus
1793 837 1846 876 est

449 907 536 958 quis
556 906 701 944 oriente
721 904 921 948 Canicula,
941 912 979 942 et
998 904 1029 941 is
1050 903 1090 942 in
1111 904 1208 942 mari
1227 904 1426 942 morietur.
1461 905 1497 942 O
1515 904 1711 943 licentiam
1725 905 1844 956 jocu-

447 972 566 1010 larem
586 971 593 1007 !
626 984 673 1008 ne
693 969 768 1023 ipse
788 969 932 1007 incidat
951 970 992 1007 in
1013 969 1248 1014 Diodorum,
1266 969 1378 1008 docet
1398 969 1614 1016 Chaldaeos,
1637 983 1716 1023 quo
1735 971 1845 1023 paeto

448 1050 511 1076 eos
531 1049 720 1089 exponere
738 1045 915 1089 percepta
934 1044 1120 1089 oporteat.
1163 1035 1306 1087 Qaero
1323 1036 1442 1080 enim,
1475 1035 1501 1073 fi
1522 1035 1694 1074 Chaldaei
1714 1037 1766 1074 ita
1784 1036 1844 1073 lo-

448 1112 628 1156 quantur,
665 1111 708 1140 ut
727 1102 945 1154 negationes
965 1101 1205 1139 infinitarum
1224 1102 1543 1154 conjunCfionum
1563 1101 1706 1154 potius,
1728 1114 1846 1154 quam

447 1169 599 1208 infinita
618 1181 790 1207 connexa
809 1177 981 1221 ponant;
1013 1181 1083 1206 cur
1102 1167 1206 1206 idern
1239 1167 1396 1213 medici,
1426 1181 1496 1205 cur
1524 1176 1743 1220 geometrae‚
1778 1180 1847 1206 cur

449 1236 589 1288 reliqui
621 1234 744 1273 facere
778 1247 855 1271 non
886 1233 1056 1287 poffint?
1102 1233 1284 1272 Medicus
1313 1233 1353 1271 in
1387 1233 1538 1286 primis,
1574 1234 1680 1286 quod
1707 1233 1779 1271 erit
1809 1233 1845 1271 ei

448 1301 686 1354 perspdkum
707 1300 746 1337 in
766 1309 857 1344 arte,
888 1312 965 1337 non
991 1299 1044 1336 ita
1062 1308 1263 1352 proponet,
1287 1299 1325 1337 Si
1345 1299 1409 1336 cui
1429 1312 1531 1337 venae
1551 1299 1601 1337 fic
1627 1307 1844 1343 moventur,

449 1368 480 1405 is
501 1366 615 1405 habet
634 1365 782 1403 febrem
798 1383 810 1409 ;
842 1364 903 1402 sed
922 1365 1051 1417 potius
1073 1363 1140 1402 illo
1161 1364 1292 1410 modo,
1324 1364 1419 1403 Non
1439 1364 1474 1402 ei
1491 1377 1593 1403 venae
1613 1364 1662 1402 fic
1683 1377 1844 1403 moven-

447 1441 525 1478 tur,
546 1441 584 1470 et
604 1431 751 1470 febrem
770 1431 802 1469 is
833 1444 911 1469 non
931 1429 1073 1468 habet:
1106 1431 1279 1483 itemque
1305 1439 1517 1483 geometres
1548 1444 1626 1468 non
1656 1430 1710 1467 ita
1728 1430 1844 1474 dicet,

449 1498 488 1536 Si
508 1498 548 1536 in
570 1497 711 1551 sphaera
730 1496 891 1535 maximi
912 1495 998 1534 sunt
1017 1495 1141 1541 orbes,
1163 1496 1280 1534 medii
1311 1496 1410 1534 inter
1435 1495 1470 1533 se
1501 1495 1752 1540 dividuntur,
1784 1494 1846 1532 sed

447 1565 576 1617 potius
598 1564 668 1602 illo
687 1563 818 1608 modo,
833 1563 928 1601 Non
949 1571 986 1600 et
1007 1562 1093 1600 sunt
1112 1562 1152 1600 in
1167 1561 1308 1615 sphaera
1328 1562 1491 1601 maximi
1510 1562 1633 1608 orbes,
1647 1570 1685 1600 et
1704 1559 1747 1600 hi
1767 1574 1845 1600 non

447 1629 567 1668 medii
587 1630 685 1667 inter
705 1629 740 1666 se
759 1624 995 1666 dividuntur.

503 1695 613 1748 Qid
632 1695 697 1740 est,
729 1694 824 1746 quid
855 1707 932 1732 non
952 1691 1064 1746 poffit
1083 1692 1153 1731 isto
1173 1692 1291 1731 modo
1310 1705 1358 1731 ex
1378 1705 1554 1731 connexo
1582 1691 1775 1730 transferri
1800 1692 1846 1729 ad

448 1761 768 1813 conjunctionum
800 1759 1043 1812 negationem
1062 1759 1074 1794 ?
1106 1759 1158 1796 Et
1178 1757 1337 1811 quidem
1356 1757 1438 1795 aliis
1465 1757 1592 1795 modis
1611 1756 1759 1795 easdem
1790 1770 1845 1795 res

447 1826 580 1864 efferre
598 1826 807 1878 possumus.
854 1823 979 1862 Modo
998 1825 1093 1868 dixi,
1117 1825 1153 1862 Si
1182 1825 1220 1861 in
1241 1823 1383 1876 sphaera
1412 1823 1574 1861 maximi
1605 1822 1691 1861 sunt
1719 1823 1844 1869 orbes,

449 1891 568 1930 medii
584 1891 683 1928 inter
698 1891 731 1928 se
748 1889 970 1928 dividuntur
982 1907 993 1934 5
1017 1889 1166 1942 possum
1182 1888 1320 1933 dicere,
1339 1889 1384 1926 In
1401 1888 1543 1941 sphaera
1558 1889 1719 1926 maximi
1735 1889 1845 1927 orbes

449 1967 584 2003 erunt,
604 1957 752 2010 poss‘um
773 1957 910 2001 dicere,
931 1956 1034 2007 Qia
1050 1956 1088 1993 in
1108 1955 1249 2008 sphaera
1267 1955 1428 1994 maximi
1445 1955 1554 1994 orbes
1571 1965 1695 1993 erunt.
1729 1956 1845 1994 Mul-

450 2033 486 2061 ta
506 2037 642 2076 genera
663 2023 748 2061 sunt
768 2023 1006 2067 enuntiandi,
1030 2035 1097 2060 nec
1120 2022 1245 2060 ullum
1278 2021 1485 2065 distortius,
1507 2035 1623 2073 quam
1644 2020 1733 2065 hoc,
1766 2035 1845 2074 quo

450 2089 685 2143 Chryfippus
707 2089 825 2142 sperat
846 2088 1046 2127 Chaldaeos
1067 2097 1267 2127 contentos
1289 2088 1507 2126 Stoicorum
1527 2088 1636 2126 causa
1656 2087 1750 2126 fore.
1789 2088 1845 2126 11-

450 2156 576 2194 lorum
599 2166 726 2194 tamen
748 2169 862 2194 nemo
883 2156 934 2194 ita
953 2155 1138 2207 loquitur.
1162 2155 1292 2207 Majus
1313 2154 1364 2192 est
1378 2155 1482 2192 enim
1504 2153 1570 2192 has
1586 2153 1845 2193 contortiones

448 2222 643 2267 orationis,
662 2235 778 2274 quarn
800 2222 992 2274 signorum
1013 2231 1117 2260 ortus
1138 2221 1339 2274 obitusque
1358 2220 1577 2274 perdiscere.

504 2289 576 2326 IX.
609 2288 679 2326 Sed
700 2288 745 2325 ad
762 2287 867 2325 illam
885 2287 1047 2326 Diodori
1063 2288 1364 2333 contentionem,
1386 2301 1504 2339 quam
1523 2285 1600 2339 mg)
1619 2279 1755 2320 δυνατῦν
1775 2299 1842 2337 ap-

449 2353 606 2407 pellant,
639 2362 896 2397 revertamur;
940 2353 979 2390 in
1010 2367 1084 2405 qua
1119 2354 1212 2405 quid
1243 2353 1361 2391 valeat
1389 2353 1442 2397 id,
1473 2351 1578 2405 quod
1608 2349 1686 2388 fieri
1719 2351 1842 2403 potiit,

448 2420 676 2473 anquiritur.
724 2419 851 2458 Placet
884 2419 1001 2472 igitur
1036 2419 1223 2464 Diodoro,
1255 2419 1292 2457 id
1325 2419 1445 2457 solum
1480 2418 1557 2456 fieri
1594 2416 1706 2470 posse,
1738 2418 1843 2470 quod

449 2496 513 2524 aut
534 2499 667 2524 verum
691 2486 748 2530 fit,
779 2495 843 2523 aut
877 2499 1008 2523 verum
1030 2484 1205 2524 futurum
1226 2485 1283 2524 sit.
1327 2486 1408 2537 Qi
1437 2485 1541 2524 locus
1564 2483 1718 2536 attingit
1745 2482 1843 2522 hanc

449 2552 712 2604 quaestionem,
759 2551 873 2592 Nihil
895 2551 989 2597 ficri,
1025 2552 1128 2604 quod
1151 2567 1225 2592 non
1247 2551 1388 2592 ncccffe
1407 2551 1549 2598 fuerit,
1580 2560 1630 2597 ct,
1652 2549 1841 2603 quidquid
