2223 3003
667 242 945 282 LIBER
1002 243 1505 283 SECUNDUS.
1713 258 1792 300 237

389 342 549 388 constet,
583 355 604 380 a
634 355 775 395 meque
805 341 887 395 ipso
918 341 1011 395 saepe
1040 342 1277 395 disputatum
1298 343 1357 389 fit,
1386 343 1455 396 qui
1475 356 1592 382 unam
1620 342 1792 391 haberet,

389 423 524 448 omnes
546 409 685 448 habere
704 409 862 447 virtutes
876 427 889 453 3
911 422 1014 446 nunc
1034 409 1088 447 ita
1102 409 1312 462 sejungam,
1327 410 1429 462 quafi
1446 410 1557 463 poffit
1572 411 1792 464 quisquam,

389 477 458 528 qui
477 489 555 515 non
576 476 680 514 idem
700 474 868 528 prudens
899 475 957 518 slt,
984 475 1107 526 justus
1126 475 1223 514 esse:
1255 476 1328 513 alia
1347 476 1400 514 est
1430 477 1510 522 illa,
1539 491 1632 516 cum
1658 478 1793 516 veritas

387 544 467 596 ipsa
485 543 645 582 limatur
664 543 704 580 in
725 541 995 593 disputatione,
1016 540 1230 586 subtilitas,
1263 542 1348 587 alia,
1381 556 1473 582 cum
1499 545 1545 583 ad
1565 545 1792 598 opinionem

387 622 641 648 communem
664 607 793 645 omnis
823 606 1138 644 accommodatur
1158 607 1291 645 oratio.
1330 609 1614 661 Qamobrem,
1638 621 1680 650 ut
1704 613 1792 651 vul-

387 689 472 728 gus,
494 676 546 712 ita
565 687 634 711 nos
654 671 730 711 hoc
750 672 838 710 loco
857 672 1071 724 loquimur,
1093 681 1137 710 ut
1156 673 1249 711 alios
1269 672 1400 719 fortes,
1422 676 1513 714 alios
1534 677 1654 716 bonos
1675 679 1790 724 viros,

386 741 480 779 alios
501 740 705 794 prudentes
726 739 914 777 dicamus.
958 739 1215 792 Popularibus
1235 740 1342 778 enim
1361 741 1486 780 verbis
1513 742 1565 780 est
1584 745 1790 796 agendum,

386 816 426 844 et
447 807 609 850 usitatis,
636 819 729 844 cum
761 805 968 858 loquamur
997 805 1044 843 de
1076 806 1260 858 opinione
1279 806 1470 860 populari,
1506 807 1624 860 idque
1655 811 1801 849 eodem—

384 873 504 910 modo
523 870 618 910 fecit
635 871 840 910 Panaetius.
873 871 946 910 Sed
962 871 1007 909 ad
1027 872 1267 924 propositum
1287 882 1535 911 revertamur.

439 939 534 976 Erat
553 939 672 991 igitur
691 951 739 976 ex
759 939 896 983 tribus,
928 952 1012 990 quae
1032 938 1078 976 ad
1095 938 1260 991 gloriam
1280 939 1486 991 pertinent,
1520 939 1595 979 hoc
1617 943 1790 988 tertium,

383 1013 429 1042 ut
461 1018 554 1043 cum
575 1005 827 1042 admiratione
860 1003 1084 1049 hominum,
1120 1003 1266 1043 honore
1299 1005 1345 1043 ab
1377 1006 1424 1044 iis
1460 1007 1570 1059 digni
1594 1008 1790 1059 judicare-

385 1083 488 1109 mur.
528 1071 784 1109 Admirantur
813 1071 933 1122 igitur
961 1070 1224 1108 communiter
1252 1070 1311 1108 illi
1341 1071 1499 1123 quidem
1529 1074 1674 1118 omnia,
1705 1088 1791 1126 quae

384 1149 537 1189 magna,
568 1145 607 1173 et
635 1145 770 1188 praeter
789 1137 1014 1189 opinionem
1043 1135 1148 1174 suam
1180 1136 1557 1183 animadverterunt;
1590 1139 1791 1192 separatim

383 1212 520 1240 autem·
551 1202 594 1239 in
631 1201 803 1253 fingulis,
845 1202 871 1239 fi
905 1201 1141 1254 perspiciunt
1171 1215 1240 1240 nec
1275 1203 1428 1255 opinata
1463 1205 1638 1256 quaedam
1675 1207 1788 1245 bona.

382 1268 518 1320 Itaque
551 1280 614 1305 eos
637 1267 738 1305 viros
769 1266 994 1320 suspiciunt,
1026 1268 1285 1320 maximisque
1319 1268 1484 1308 efferunt
1525 1270 1717 1316 laudibus,
1749 1274 1790 1310 in

382 1335 526 1387 quibus
546 1334 766 1373 existimant
795 1333 831 1372 se
858 1333 1088 1373 excellentes
1120 1335 1301 1387 quasdam
1332 1345 1370 1374 et
1400 1337 1605 1388 fingulares
1630 1338 1790 1376 virtutes

382 1401 625 1456 perspicere:
671 1400 887 1454 despiciunt
919 1410 1049 1440 autem
1080 1415 1158 1447 eos,
1189 1411 1227 1440 et
1258 1412 1530 1448 contemnunt,
1570 1404 1610 1441 in
1649 1405 1790 1457 quibus

382 1467 485 1506 nihil
514 1468 683 1513 virtutis,
716 1468 820 1507 nihil
848 1470 983 1513 animi,
1020 1467 1120 1507 nihil
1141 1482 1348 1507 nervorum
1373 1480 1539 1522 putant:
1572 1485 1649 1510 non
1683 1473 1791 1510 enim

383 1548 518 1573 omnes
538 1547 601 1572 eos
622 1543 895 1579 contemnunt,
931 1536 976 1573 de
1008 1536 1149 1587 quibus
1170 1537 1271 1574 male
1290 1536 1522 1576 existimant.
1565 1538 1671 1576 Nam
1692 1552 1789 1590 quos

382 1600 599 1654 improbos,
628 1600 854 1645 maledicos,
885 1599 1152 1640 fraudulentos
1177 1612 1330 1654 putant,
1365 1612 1402 1640 et
1422 1603 1468 1640 ad
1487 1602 1704 1641 faciendam
1725 1604 1788 1642 in-

377 1667 522 1719 juriam
542 1666 758 1712 instruetoe,
779 1679 842 1704 eos
863 1675 1121 1704 contemnunt
1140 1667 1300 1719 quidem
1316 1667 1558 1719 neutiquam,
1580 1667 1642 1706 sed
1662 1669 1708 1707 de
1726 1668 1801 1708 his·

382 1734 482 1772 male
503 1733 736 1771 existimant.
783 1733 1065 1784 Qamobrem,
1099 1743 1143 1771 ut
1162 1742 1249 1770 ante
1279 1733 1376 1778 dixi,
1405 1743 1711 1773 contemnuntur
1743 1736 1800 1781 ii,.

382 1801 451 1852 qui
472 1813 541 1838 nec
563 1799 646 1845 fibi,
668 1813 739 1837 nec
760 1799 880 1844 alteri,
903 1809 947 1837 ut
967 1799 1135 1845 dicitur,
1167 1800 1207 1837 in
1226 1800 1367 1852 quibus
1389 1801 1519 1839 nullus
1540 1800 1660 1847 labor,
1683 1802 1801 1840 nulla·

381 1867 577 1911 industria,
599 1866 707 1904 nulla
725 1879 816 1903 cura
833 1865 900 1904 est.

435 1932 706 1970 Admiratione
735 1939 866 1969 autem
895 1931 1118 1969 afficiuntur
1154 1931 1196 1976 ii,
1236 1932 1305 1984 qui
1343 1932 1485 1970 anteire
1519 1942 1673 1972 caeteros
1707 1934 1787 1972 vir-

380 2008 464 2037 tute
506 2007 704 2051 putantur,
746 2006 784 2035 et
823 1995 913 2035 cum
954 1998 1064 2035 omni
1101 2010 1225 2036 carere
1261 1997 1458 2043 dedecore,
1499 2008 1584 2036 tum
1615 2012 1705 2037 vero
1740 2000 1787 2038 iis

381 2065 501 2110 vitiis,
533 2065 676 2117 quibus
696 2063 761 2102 alii
782 2077 859 2102 non
880 2063 994 2102 facile
1014 2063 1166 2118 possunt
1199 2064 1387 2102 obfistere.
1448 2064 1553 2102 Nam
1587 2074 1626 2102 et
1646 2065 1787 2118 volup-

380 2140 491 2176 tates,
523 2130 774 2169 blandiffimae
807 2131 989 2175 dominae,
1019 2131 1180 2182 majores
1212 2139 1335 2182 partes
1361 2129 1481 2167 animi
1502 2143 1521 2166 a
1541 2130 1682 2168 virtute
1716 2132 1786 2169 de-

379 2206 563 2250 torquent
580 2215 591 2241 ;
623 2206 674 2240 et,
706 2196 884 2234 dolorum
905 2210 998 2234 cum
1028 2197 1283 2233 admoventur
1314 2193 1429 2239 face8‚
1460 2205 1595 2248 praeter
1620 2197 1786 2236 modum

379 2263 553 2317 plerique
587 2271 849 2300 exterrentur:
897 2261 986 2306 vita,
1032 2274 1150 2305 mors,
1187 2261 1342 2305 divitiae,
1382 2271 1606 2314 paupertas,
1649 2276 1783 2302 omnes

379 2327 559 2367 homines
601 2326 930 2365 vehementiffirne
964 2335 1204 2379 permovent.
1265 2326 1363 2377 Qae
1397 2327 1464 2378 qui
1499 2328 1539 2364 in
1580 2336 1784 2381 utramque

381 2404 529 2446 partem
549 2393 697 2433 excelso
717 2394 846 2431 animo
867 2405 1086 2445 magnoque
1105 2391 1333 2445 despiciunt,
1365 2405 1534 2445 cumque
1562 2393 1690 2445 aliqua
1720 2393 1782 2431 his

382 2460 508 2510 ampla
527 2471 565 2497 et
584 2459 739 2497 honesta
767 2473 822 2497 res
842 2459 990 2511 objecta
1017 2457 1083 2502 est,
1112 2467 1212 2496 totos
1242 2457 1289 2495 ad
1320 2457 1355 2495 se
1385 2458 1575 2497 convertit
1600 2469 1638 2496 et
1669 2460 1780 2512 rapit,

381 2531 468 2561 tum
489 2525 576 2576 quis
597 2539 674 2564 non
689 2525 898 2564 admiretur
917 2524 1157 2578 splendorem
1174 2521 1587 2577 pulchritudinemque
1602 2524 1778 2562 virtutis?
