2223 3003
728 267 1007 306 LIBER
1070 267 1433 306 PRIMUS.
1708 282 1785 320 209

380 366 627 412 diffimulare,
658 368 839 413 insidiari,
870 368 1072 421 praecipere
1093 366 1263 406 hostium
1283 366 1451 405 consilia.
1486 365 1530 404 In
1551 379 1629 419 quo
1649 379 1787 420 genere

382 433 510 472 Graeci
534 433 842 472 Themistoclem
864 443 902 472 et
933 433 1136 472 Pheraeum
1157 433 1334 484 Jasonem
1354 433 1496 471 caeteris
1517 441 1755 485 anteponunt
1774 448 1783 471 :

380 500 420 537 in
442 502 652 554 primisque
671 501 866 539 versutum
891 510 930 538 et
949 500 1135 538 callidum
1155 499 1301 538 facium
1323 500 1487 544 Solonis,
1523 500 1607 552 qui,
1639 513 1718 552 quo
1746 509 1785 537 et

380 568 500 605 tutior
531 568 608 606 vita
638 569 718 619 ejus
738 565 839 610 esset,
870 574 908 602 et
928 566 1015 618 plus
1039 565 1237 617 aliquanto
1259 565 1477 617 reipublicae
1498 566 1696 618 prodesset,
1718 565 1783 604 fu-

381 646 459 671 rere
479 632 515 671 se
535 633 739 671 fimulavit.

435 699 532 735 Sunt
552 696 612 735 his
632 696 698 734 alii
727 695 900 734 multum
920 694 1099 748 dispares,
1130 694 1322 748 simplices
1344 703 1382 733 et
1411 696 1557 747 aperti3
1589 697 1657 748 qui
1684 695 1783 734 nihil

378 775 426 801 ex
445 763 615 807 occulto,
647 761 746 800 nihil
767 775 815 800 ex
835 762 978 800 infidiis
999 762 1193 815 agendum
1218 770 1370 814 putant,
1402 762 1570 799 veritatis
1601 763 1782 808 cultores,

378 827 522 866 fraudis
554 828 733 866 inimici:
765 828 939 881 itemque
969 828 1048 873 alii,
1077 828 1145 880 qui
1171 827 1324 879 quidvis
1355 827 1629 880 perpetiantur,
1661 828 1782 865 cuivis

379 894 602 939 deserviant,
646 895 756 939 dum,
802 894 908 946 quod
940 894 1075 940 velint,
1119 893 1398 946 consequantur
1417 911 1430 938 ς
1481 902 1524 931 ut
1563 893 1707 945 Syllam
1746 902 1784 931 et

379 960 442 998 M.
467 960 641 999 Crassum
673 961 912 999 videbamus.
971 961 1064 1012 Qo
1091 960 1131 998 in
1165 973 1302 1013 genere
1327 958 1626 998 versutissimum
1656 968 1695 998 et
1713 973 1782 1013 pa-

380 1026 651 1065 tientiffimum
687 1027 1029 1066 Lacedaemonium
1066 1027 1306 1079 Lysandrum
1336 1026 1585 1079 accepimus;
1628 1025 1782 1065 contra-

379 1105 469 1143 que,
501 1093 805 1138 Callicratidam,
835 1093 905 1145 qui
936 1091 1136 1146 praefectus
1167 1092 1268 1131 claffi
1299 1092 1500 1145 proximus
1531 1092 1615 1146 post
1636 1091 1782 1143 Lysan-

379 1158 494 1196 drum
526 1157 615 1197 fuit.
675 1159 852 1211 Itemque
882 1160 922 1197 in
949 1158 1186 1197 sermonibus
1217 1158 1338 1197 alium
1363 1172 1574 1211 quemque,
1605 1157 1784 1211 quamvis

380 1234 594 1277 praepotens
616 1225 674 1269 fit,
704 1225 867 1270 efficere,
899 1234 943 1263 ut
976 1238 1075 1263 unus
1106 1225 1154 1263 de
1184 1225 1319 1263 multis
1349 1224 1420 1263 effe
1450 1225 1646 1264 videatur:
1678 1226 1785 1278 quod

379 1290 421 1327 in
453 1290 608 1334 Catulo,
653 1299 691 1328 et
721 1291 762 1328 in
804 1299 923 1343 patre,
965 1299 1003 1328 et
1036 1291 1076 1328 in
1111 1290 1218 1335 fili0;
1263 1290 1448 1343 idemque
1482 1290 1522 1328 in
1555 1291 1620 1342 Q
1649 1291 1786 1329 Mutio

381 1355 539 1394 Mancia
557 1355 740 1395 vidimus.
800 1356 947 1394 Audivi
978 1369 1025 1395 ex
1046 1356 1256 1408 majoribus
1277 1365 1368 1394 natu
1388 1354 1463 1394 hoc
1484 1355 1588 1394 idem
1608 1354 1717 1394 fuisse
1743 1357 1785 1394 in

381 1423 426 1460 P.
450 1423 629 1476 Scipione
660 1422 825 1468 Nafica3
857 1432 1081 1475 contraque,
1114 1432 1262 1476 patrem
1291 1423 1388 1475 ejus,
1424 1422 1554 1468 illum,
1585 1423 1655 1474 qui
1686 1423 1782 1461 Tib.

383 1489 555 1526 Gracchi
573 1500 730 1528 conatus
750 1490 919 1542 perditos
939 1490 1163 1535 vindicavit,
1194 1489 1344 1528 nullam
1367 1489 1595 1528 comitatem
1615 1489 1787 1528 habuisti:

382 1554 589 1592 sermonis:
613 1568 660 1592 ne
680 1556 938 1593 Xenocratem
955 1556 1129 1608 quidem,
1144 1555 1418 1594 severiffimum
1438 1555 1758 1608 philosophorum
1771 1575 1785 1600 3

382 1621 434 1659 ob
455 1634 616 1674 eamque
636 1635 718 1659 rem
739 1621 859 1673 ipsam
879 1636 1065 1674 magnum
1080 1622 1306 1673 clarumque
1325 1621 1448 1660 fuisse.
1481 1621 1787 1660 Innumerabiles

383 1687 463 1726 aliae
483 1687 809 1726 dissimilitudines
829 1687 916 1726 sunt
942 1697 1084 1726 naturae
1105 1700 1355 1741 morumque,
1386 1687 1552 1726 minime
1577 1696 1706 1726 tamen
1726 1688 1785 1727 vi-

382 1754 699 1807 tuperandorum.

437 1820 591 1859 XXXI.
623 1819 852 1858 Admodum
873 1829 1002 1858 autem
1029 1819 1191 1858 tenenda
1210 1818 1297 1858 sunt
1328 1818 1391 1857 sua
1420 1819 1576 1872 cuique,
1616 1833 1695 1858 non
1725 1819 1786 1858 vi-

381 1886 488 1931 tiosa,
533 1886 596 1924 sed
627 1894 756 1924 tamen
792 1886 959 1938 propria,
1004 1899 1083 1938 quo
1119 1885 1272 1923 facilius
1303 1884 1489 1923 decorum
1519 1885 1633 1930 illud,
1682 1885 1788 1938 quod

382 1951 606 2003 quaerimus,
621 1951 841 1988 retineatur.
874 1950 936 1988 Sic
956 1951 1062 1988 enim
1082 1950 1135 1989 est
1154 1949 1394 1995 faciendum,
1416 1959 1460 1988 ut
1478 1959 1611 1988 contra
1630 1951 1786 1989 univer-

382 2015 461 2055 sam
482 2025 656 2055 naturam
675 2014 774 2054 nihil
795 2016 1099 2062 contendamus,
1131 2016 1175 2055 ea
1194 2025 1321 2055 tamen
1341 2015 1574 2061 conservata,
1595 2016 1790 2069 propriam

384 2092 558 2121 naturam
580 2082 784 2135 sequamur
797 2101 810 2128 ς
842 2092 899 2128 ut,
920 2083 1037 2122 etiam
1057 2083 1083 2121 fi
1104 2083 1177 2121 fint
1193 2083 1265 2120 alia
1283 2082 1454 2135 graviora
1473 2091 1588 2134 atque
1613 2082 1788 2128 meliora,

383 2158 514 2187 tamen
534 2162 602 2187 nos
624 2148 746 2187 studia
765 2149 889 2187 nostra
917 2159 1060 2188 naturae
1087 2149 1220 2202 regula
1245 2149 1465 2187 metiamur.
1510 2148 1652 2201 Neque
1681 2149 1789 2189 enim

383 2216 520 2254 attinet
550 2227 759 2268 repugnare
789 2225 945 2260 naturae,
990 2228 1059 2253 nec
1089 2215 1303 2267 quidquam
1339 2214 1459 2267 sequi,
1504 2214 1615 2267 quod
1648 2214 1790 2268 assequi

383 2295 561 2335 nequeas.
594 2282 656 2319 Ex
677 2294 756 2333 quo
783 2281 906 2333 magis
933 2281 1111 2333 emergit,
1143 2280 1253 2333 quale
1273 2280 1318 2319 fit
1348 2281 1531 2319 decorum
1551 2280 1663 2326 illud,
1687 2281 1787 2328 ideo,

384 2349 475 2400 quia
504 2347 603 2386 nihil
636 2347 744 2385 decet
765 2347 899 2392 invita,
930 2357 974 2386 ut
993 2347 1114 2392 aiunt,
1137 2345 1330 2392 Minerva,
1361 2346 1401 2385 id
1421 2346 1488 2393 est,
1518 2347 1734 2386 adversante
1751 2356 1789 2387 et

385 2424 619 2467 repugnante
638 2423 784 2452 natura.

443 2481 634 2525 Omnino,
667 2481 692 2518 Γ]
714 2481 928 2534 quidquam
949 2479 1001 2518 est
1021 2480 1218 2525 decorum,
1253 2478 1352 2518 nihil
1380 2478 1433 2518 est
1452 2478 1623 2533 profecto
1649 2480 1787 2533 magis,

387 2558 508 2597 quam
540 2546 776 2598 aequabilitas
811 2547 991 2586 universae
1025 2547 1124 2591 vitae,
1167 2556 1254 2584 tum
1289 2546 1523 2599 singularum
1560 2547 1756 2585 actionum
1774 2563 1786 2590 ς

388 2624 506 2664 quam
526 2611 743 2651 conservare
763 2627 840 2653 non
862 2613 988 2666 possm,
1011 2613 1052 2658 fi,
1070 2613 1233 2652 aliorum
1250 2621 1422 2651 naturam
1443 2613 1614 2658 imitans,
1631 2612 1789 2650 omittas

489 2678 634 2717 T0M.
666 2678 742 2717 111.
1405 2678 1488 2716 Dd
