2223 3003
366 220 416 273 36
652 219 754 259 DE
812 214 1466 258 DIVINATIONE

363 318 532 372 publicis
552 318 717 356 consiliis
737 318 886 355 divinos
907 316 1091 368 quosdam
1112 314 1319 351 sacerdotes
1339 327 1436 365 quos
1454 312 1587 362 μάντεις
1604 321 1757 361 vocant,

363 384 646 423 adhibuerunt:
678 391 716 420 et
746 380 1028 420 Lacedaemonii
1060 379 1214 432 regibus
1245 379 1319 417 suis
1346 392 1531 431 augurem
1551 380 1760 418 affefforem

363 451 574 493 dederunt;
606 450 777 499 itemque
809 446 960 484 senibus
993 445 1060 497 (sic
1089 446 1196 483 enim
1227 445 1431 483 confilium
1465 445 1669 498 publicum
1689 459 1759 498 ap-

362 515 524 567 pellant)
557 525 741 565 augurem
761 511 932 550 interesse
956 511 1159 549 voluerunt
1175 529 1186 556 ³
1219 511 1416 563 iidemque
1437 511 1482 549 de
1502 512 1613 550 rebus
1634 512 1759 563 majo-

364 579 469 616 ribus
489 578 638 630 semper
670 585 735 614 aut
767 575 933 629 Delphis
959 576 1175 621 oraculum,
1205 585 1270 614 aut
1295 577 1341 614 ab
1370 577 1610 622 Hammone,
1644 585 1710 615 aut
1739 588 1762 613 a

364 644 530 682 Dodona
550 643 744 696 petebant.
767 643 969 695 Lycurgus
984 642 1158 694 quidem,
1173 642 1242 694 qui
1258 642 1640 681 Lacedaemoniorum
1657 654 1761 680 rem-

363 710 565 764 publicam
596 709 836 762 temperavit,
866 709 967 761 leges
1001 709 1080 746 suas
1111 709 1332 747 auctoritate
1352 708 1547 761 Apollinis
1575 707 1762 760 Delphici

363 776 634 815 confirmavit:
667 788 760 828 quas
791 788 884 813 cum
914 774 1030 812 vellet
1050 775 1241 826 Lysander
1259 783 1513 819 commutare,
1546 774 1677 812 eadem
1708 772 1763 811 est.

364 841 586 896 prohibitus
606 842 803 894 religione.
849 842 980 892 Atque
999 840 1116 879 etiam
1143 841 1211 893 qui
1238 849 1421 893 praeerant
1441 839 1761 883 Lacedaemoniis,

365 922 445 947 non
464 908 638 947 contenti
667 907 915 960 vigilantibus
935 907 1051 951 curis,
1082 906 1122 944 in
1157 905 1346 958 Pafiphaae
1376 905 1480 952 fano,
1513 906 1619 959 quod
1643 905 1695 944 est
1719 905 1763 943 in

365 987 457 1027 agro
488 983 643 1027 propter
675 973 826 1018 urbem,
863 971 1078 1010 somniandi
1111 971 1233 1016 causa,
1269 971 1518 1017 incubabant,
1557 972 1648 1024 quia
1676 982 1764 1010 vera

365 1040 508 1093 quietis
527 1039 679 1078 oracula
696 1039 902 1078 ducebant.

421 1107 485 1145 Ad
506 1106 627 1145 nostra
641 1107 724 1158 jam
744 1105 869 1144 redeo.
912 1105 1078 1157 Qoties
1104 1104 1251 1144 senatus
1282 1105 1534 1144 Decemviros
1568 1104 1615 1143 ad
1642 1104 1762 1144 libros

366 1173 422 1211 ire
435 1172 574 1225 juffit?
604 1171 712 1210 Nam
731 1179 770 1209 et
801 1184 894 1209 cum
914 1171 992 1209 duo
1018 1171 1084 1208 visi
1105 1171 1198 1208 soles
1229 1170 1362 1215 essent,
1383 1179 1422 1208 et
1440 1184 1533 1208 cum
1554 1179 1626 1209 tres
1646 1171 1764 1214 lunae,

367 1246 406 1276 et
433 1250 526 1275 cum
545 1235 659 1281 faces,
689 1244 728 1274 et
761 1249 854 1274 cum
874 1235 927 1274 sol
949 1237 1059 1274 noete
1091 1235 1191 1273 visus
1212 1235 1314 1280 effet,
1347 1244 1385 1273 et
1411 1249 1502 1274 cum
1532 1249 1552 1273 e
1572 1235 1665 1273 caelo
1683 1233 1763 1273 fre-

367 1303 487 1342 mitus
506 1303 673 1348 auditus,
703 1311 741 1340 et
765 1315 857 1340 cum
887 1301 1027 1340 caelum
1053 1301 1248 1339 disceffiffe
1278 1301 1401 1339 visum
1421 1301 1487 1346 est,
1519 1311 1633 1353 atque
1659 1301 1700 1338 in
1718 1313 1765 1338 eo

367 1369 614 1408 animadversi
633 1368 754 1422 globi.
800 1367 938 1406 Delata
966 1367 1083 1406 etiam
1103 1367 1149 1405 ad
1176 1367 1349 1405 senatum
1376 1367 1478 1405 labes
1499 1367 1578 1419 agri
1611 1366 1764 1404 Priver-

367 1437 480 1482 natis,
515 1449 609 1476 cum
639 1435 685 1473 ad
704 1433 898 1474 infinitam
929 1433 1174 1472 altitudinem
1195 1443 1291 1471 terra
1310 1433 1515 1478 desedisset,
1543 1432 1766 1485 Apuliaque

368 1501 549 1540 maximis
570 1510 675 1539 terrae
694 1501 866 1539 motibus
886 1499 1127 1551 conquassata
1145 1499 1246 1537 ess'et.
1270 1499 1427 1550 Qibus
1449 1499 1634 1551 portentis
1652 1511 1764 1550 mag-

368 1581 415 1605 na
434 1568 581 1621 populo
601 1568 780 1605 Romano
799 1566 912 1610 bella,
945 1565 1242 1618 perniciosaeque
1263 1565 1462 1602 seditiones
1483 1564 1766 1603 denuntiaban-

367 1643 430 1671 tur
447 1647 456 1670 ε
480 1633 596 1685 inque
627 1631 688 1669 his
708 1631 892 1670 omnibus
912 1627 1082 1682 responsa
1100 1629 1347 1682 haruspicum
1367 1642 1459 1667 cum
1480 1629 1633 1680 Sybillae
1652 1629 1767 1668 verfi-

368 1699 439 1738 bus
459 1698 733 1752 congruebant.
802 1745 809 1751 .

423 1764 547 1817 Qid,
580 1762 670 1802 cum
702 1763 840 1802 Cumis
870 1763 1015 1815 Apollo
1045 1761 1220 1800 sudavit?
1253 1762 1394 1813 Capuae
1424 1762 1623 1800 Victoria?
1656 1761 1766 1814 Qid

367 1839 473 1870 ortus
493 1828 704 1881 androgyni
723 1829 735 1865 ?
767 1842 894 1866 nonne
915 1827 1027 1866 fatale
1047 1827 1240 1879 quoddam
1267 1827 1482 1865 monstrum
1503 1827 1577 1865 fuit
1596 1829 1607 1864 ?
1641 1827 1764 1878 Qid,

368 1895 474 1949 quod
494 1895 632 1933 fluvius
653 1896 809 1932 Atratus
831 1893 1010 1947 sanguine
1030 1892 1142 1931 fluxit
1162 1894 1174 1930 ?
1207 1893 1329 1944 Qid,
1350 1907 1443 1931 cum
1464 1893 1556 1945 saepe
1576 1893 1765 1945 lapidum,

370 1959 560 2013 sanguinis
593 1972 886 2012 nonnunquam,
919 1968 1024 1997 terrae
1055 1958 1264 2002 interdum,
1297 1958 1492 2010 quondam
1513 1958 1629 1997 etiam
1659 1957 1765 1995 lastis

370 2026 496 2065 imber
515 2024 677 2063 defluxit
695 2025 707 2061 ?
739 2024 861 2076 Qid,
883 2037 975 2062 cum
996 2025 1036 2062 in
1060 2023 1254 2076 Capitolio
1274 2023 1370 2062 istus
1392 2025 1605 2062 Centaurus
1634 2038 1654 2060 e
1674 2022 1769 2061 caelo

371 2092 423 2130 est
442 2092 454 2128 ?
488 2092 531 2129 In
554 2091 749 2129 Aventino
779 2100 911 2143 portae,
940 2100 977 2128 et
998 2089 1174 2129 homines
1193 2090 1206 2126 ?
1237 2089 1398 2128 Tusculi
1430 2090 1524 2128 aedes
1546 2089 1708 2128 Castoris
1728 2099 1768 2128 ct

373 2157 556 2202 Pollucis,
580 2157 792 2209 Romaeque
815 2156 1001 2195 Pietatis?
1034 2170 1160 2194 nonne
1189 2165 1226 2193 ct
1247 2154 1460 2208 haruspices
1491 2170 1532 2193 ea
1563 2155 1768 2208 responde-

373 2232 474 2267 runt,
497 2235 581 2274 qua:
600 2230 819 2267 evenerunt,
845 2230 882 2259 et
902 2221 941 2259 in
963 2221 1115 2272 Sibyllae
1135 2221 1241 2259 libris
1261 2221 1402 2259 eaedem
1424 2230 1576 2273 reperta:
1605 2219 1767 2273 praedic-

372 2290 494 2327 tiones
515 2287 599 2325 sunt
618 2288 630 2324 ?

400 2355 549 2394 XLIV.
569 2354 732 2405 Qotics
756 2354 900 2392 senatus
922 2353 1173 2392 Decemviros
1194 2354 1239 2391 ad
1260 2354 1377 2392 libros
1399 2354 1450 2391 ire
1466 2353 1594 2405 jussit?
1614 2353 1768 2404 quantis

373 2423 411 2460 in
442 2421 568 2464 rebus,
604 2433 798 2472 quamque
820 2420 911 2472 sai-pc
933 2419 1111 2472 responsis
1133 2419 1376 2472 haruspicum
1401 2420 1523 2471 paruit
1542 2420 1553 2456 ?
1587 2419 1766 2462 Caeciliae,

373 2485 549 2538 inliae,
581 2486 741 2530 somnio,
775 2486 905 2530 niodo,
939 2485 1103 2524 Marsico
1134 2486 1250 2530 bello,
1283 2485 1473 2538 templum
1505 2485 1554 2523 cst
1587 2498 1605 2521 a
1640 2484 1768 2522 senatu

373 2553 520 2604 junoni
551 2552 704 2606 Sospita:
735 2552 966 2592 restitutum.
1019 2552 1137 2604 Qod
1178 2552 1337 2605 quidem
1379 2551 1573 2590 somnium
1618 2549 1771 2589 Sisenna
