2223 3003
474 257 551 297 ,94
866 239 971 278 DE
1047 237 1476 278 OFFICIIS

468 344 579 385 omni
599 340 729 381 officio
747 358 758 384 3
781 348 818 376 et
838 337 1073 376 consuetudo
1092 337 1391 390 exercitatioque
1410 336 1608 390 capienda,
1638 346 1683 375 ut
1697 338 1790 378 boni
1809 353 1872 379 ra·-

409 391 414 396 .
467 411 709 448 tiocinatores
730 404 949 442 officiorum
969 401 1040 441 effe
1069 402 1269 456 poffimus,
1299 412 1338 441 et
1366 402 1540 441 addendo
1570 402 1872 456 deducendoque

466 474 606 517 videre,
627 485 712 524 quae
731 469 872 523 reliqui
889 469 1040 508 summa
1058 469 1125 508 fiat
1142 484 1151 508 :
1174 483 1223 509 ex
1241 483 1335 523 quo,
1356 479 1548 523 quantum
1569 470 1712 523 cuique
1729 469 1871 509 debea-

465 549 542 585 tur,
564 538 771 590 intelligas.

523 606 610 651 Sed,
642 614 686 643 ut
706 617 778 643 nec
807 604 965 650 medici,
992 617 1063 643 nec
1093 603 1356 658 imperatores,
1387 617 1458 643 nec
1478 614 1658 648 oratores,
1693 604 1874 657 quamvis

466 673 556 711 artis
576 679 765 726 praecepta
784 671 1039 724 perceperint,
1071 671 1286 724 quidquam
1307 684 1447 724 magna
1472 671 1582 709 laude
1602 671 1768 724 dignum
1794 670 1874 709 fine

465 739 535 778 usu
555 748 594 777 et
612 737 884 777 exercitatione
903 737 1083 790 consequi
1102 737 1278 790 poffunt3
1298 738 1349 776 fic
1368 738 1489 777 officii
1509 737 1754 776 conservandi
1773 751 1873 790 prae-

465 815 578 859 cepta
596 804 799 844 traduntur
818 803 885 841 illa
903 803 1078 856 quidem,
1109 813 1152 842 ut
1171 803 1337 843 facimus
1356 804 1426 858 ipfi
1442 823 1454 850 3
1486 804 1548 843 sed
1570 804 1623 843 rei
1642 803 1873 857 magnitudo

465 873 579 911 usum
600 884 757 925 quoque
775 871 1169 923 exercitationemque
1197 871 1394 910 defiderat.
1425 873 1558 925 Atque
1588 871 1637 910 ab
1662 872 1708 910 iis
1740 871 1872 916 rebus,

464 953 552 992 quae
582 938 670 976 sunt
704 938 747 975 in
770 937 860 989 jure
893 936 1081 975 societatis
1111 935 1305 983 humanae,
1341 938 1677 991 quemadmodum
1708 937 1874 976 ducatur

462 1003 683 1049 honestum,
713 1016 762 1042 ex
780 1016 860 1056 quo
879 1011 1015 1056 aptum
1034 1002 1088 1041 est
1107 1003 1298 1050 officium,
1320 1002 1406 1042 satis
1426 1003 1506 1043 fere
1524 1004 1713 1043 diximus.

517 1069 824 1124 Intelligendum
849 1068 902 1107 est
928 1078 1072 1116 autem,
1102 1082 1195 1108 cum
1225 1069 1416 1123 propofita
1442 1071 1516 1109 sint
1535 1083 1672 1123 genera
1691 1078 1871 1122 quatuor,

462 1151 484 1176 e
504 1137 647 1191 quibus
677 1135 852 1175 honestas
871 1135 1125 1189 officiumque
1143 1146 1329 1181 manaret,
1362 1135 1707 1189 splendidiffimum
1732 1135 1870 1180 videri,

461 1204 569 1257 quod
598 1203 731 1242 animo
762 1216 918 1256 magno,
948 1202 1139 1255 elatoque,
1169 1201 1432 1255 humanasque
1459 1217 1516 1241 res
1536 1203 1767 1256 despiciente
1786 1201 1871 1240 fac-

460 1280 550 1308 tum
569 1269 627 1308 fit.
688 1270 823 1322 Itaque
843 1269 883 1306 in
903 1269 1054 1321 probris
1074 1269 1244 1307 maxime
1269 1268 1310 1306 in
1329 1278 1516 1322 promptu
1535 1268 1601 1314 est,
1632 1268 1658 1307 fi
1679 1267 1774 1322 quid
1795 1268 1872 1308 tale

461 1335 540 1374 dici
556 1334 682 1389 potest
696 1353 710 1380 3

601 1403 669 1440 Vos
687 1399 813 1440 etenim
819 1399 988 1452 juvenes,
1017 1399 1174 1439 animum
1187 1399 1319 1454 geritis
1337 1400 1538 1440 muliebrem
1548 1418 1562 1447 3

597 1467 669 1507 Illa
689 1467 820 1519 virago
843 1466 935 1505 viri.

459 1542 498 1572 et
518 1533 544 1572 sl
564 1532 660 1586 quid
679 1531 868 1584 ejusmodi
882 1550 895 1577 3

598 1598 765 1642 Salmaci,
796 1597 979 1651 daſjnolia,
987 1597 1208 1652 finefhdore
1226 1598 1461 1652 etsimguine.

459 1665 684 1717 Contraque
712 1664 752 1701 in
782 1663 977 1709 laudibus,
1009 1677 1094 1716 quae
1125 1677 1269 1718 magno
1297 1665 1444 1710 animo,
1483 1673 1521 1703 et
1553 1663 1706 1704 fortiter
1738 1665 1867 1704 excel-

459 1731 657 1784 lenterque
685 1730 786 1783 gesta
805 1729 907 1775 sunt,
937 1743 979 1768 ea
999 1730 1125 1769 nescio
1145 1731 1345 1783 quomodo
1371 1731 1475 1784 quasi
1509 1731 1678 1784 pleniore
1697 1745 1762 1770 ore
1782 1731 1866 1769 lau-

458 1798 610 1836 damus.
633 1798 742 1836 Hinc
759 1795 959 1836 rhetorum
974 1810 1134 1850 campus
1151 1797 1198 1836 de
1214 1796 1460 1843 Marathone,
1479 1797 1682 1843 Salamine,
1702 1797 1866 1844 Plataeis,

458 1862 752 1915 Thermopylis,
788 1862 976 1900 Leuctris.
1022 1864 1133 1900 Hinc
1164 1864 1288 1901 noster
1307 1864 1462 1909 Cocles,
1493 1863 1586 1902 hinc
1614 1864 1743 1909 Decii,
1774 1863 1869 1902 hinc

460 1929 536 1967 Cn.
558 1937 595 1966 et
618 1929 661 1967 P.
685 1927 896 1980 Scipiones,
926 1926 1020 1965 hinc
1041 1927 1104 1965 M.
1129 1928 1356 1973 Marcellus,
1379 1929 1754 1981 innumerabilesque
1774 1930 1865 1974 alii,

459 1995 706 2047 maximeque
736 1993 813 2047 ipse
844 1994 1012 2047 populus
1034 1994 1237 2033 Romanus
1255 1995 1376 2033 animi
1397 1995 1666 2048 magnitudine
1695 1996 1865 2034 excellit.

460 2062 686 2100 Declaratur
718 2069 848 2098 autem
869 2061 1039 2099 studium
1070 2061 1219 2100 bellicae
1248 2061 1393 2114 gloriae,
1430 2062 1536 2115 quod
1557 2062 1691 2101 statuas
1712 2076 1868 2116 quoque

458 2128 633 2166 videmus
654 2136 790 2165 ornatu
810 2125 888 2165 fere
907 2127 1081 2166 militari.

518 2194 633 2232 XIX.
666 2193 736 2232 Sed
757 2206 798 2231 ea
817 2192 938 2231 animi
959 2193 1087 2238 elatio,
1110 2205 1196 2245 qua:
1215 2193 1385 2232 cernitur
1401 2194 1441 2233 in
1462 2194 1643 2248 periculis
1664 2203 1701 2233 et
1721 2194 1867 2233 labori-

458 2261 543 2305 bus,
567 2261 590 2298 sl
607 2260 753 2312 justitia
771 2270 891 2305 vacat,
914 2269 1136 2313 pugnatque
1157 2274 1234 2299 non
1255 2275 1325 2315 pro
1341 2261 1458 2300 salute
1477 2262 1695 2307 communi,
1717 2261 1777 2300 sed
1796 2275 1868 2313 pro

457 2327 532 2365 suis
553 2326 786 2371 commodis,
818 2326 857 2364 in
889 2326 984 2365 vitio
1003 2327 1070 2366 est.
1131 2327 1225 2366 Non
1256 2328 1362 2366 enim
1384 2327 1503 2367 modo
1530 2327 1571 2366 id
1602 2327 1754 2366 virtutis
1788 2340 1865 2365 non

457 2392 525 2437 est,
567 2392 626 2430 sed
662 2394 790 2446 potius
823 2393 1091 2439 immanitatis,
1121 2407 1281 2433 omnem
1311 2393 1596 2433 humanitatem
1628 2393 1864 2447 repellentis.

458 2460 592 2512 Itaque
621 2460 740 2514 probe
771 2459 954 2498 definitur
984 2475 1004 2499 a
1024 2461 1162 2500 Stoicis
1190 2460 1393 2508 fortitudo,
1423 2475 1516 2500 cum
1547 2475 1646 2505 eam,
1679 2461 1864 2499 virtutem

456 2525 527 2565 esse
560 2526 695 2567 dicunt
726 2537 1035 2582 propugnantem
1060 2541 1131 2583 pro
1163 2528 1355 2583 aequitate.
1404 2529 1602 2582 roirca
1633 2541 1764 2575 nemo,
1793 2525 1863 2581 qui
