2223 3003
448 264 535 305 239,
845 255 949 294 DE
1023 251 1453 291 OFFICIIS

447 375 572 415 neque
592 358 698 399 irasci
719 356 826 400 solet,
858 366 982 406 neque
1002 364 1154 391 nocere.
1191 352 1291 391 Haec
1311 351 1472 404 quidem
1502 350 1598 390 ratio
1617 363 1696 390 non
1726 352 1854 405 magi&

446 438 579 467 contra
599 423 811 476 Regulum,
833 433 952 474 quam
972 427 1104 458 contra
1122 431 1239 458 omne
1255 417 1548 471 jusjurandum,
1568 417 1682 457 valet.
1719 418 1791 457 Sed
1810 418 1852 456 in

442 490 703 545 jurejurando,
733 501 812 526 non
832 486 900 539 qui
920 495 1064 531 metus,
1094 484 1155 523 sed
1175 498 1262 538 quae
1281 485 1338 523 vis
1359 484 1418 530 fit,
1443 484 1559 522 debet
1576 483 1769 536 intelligi:
1798 483 1853 522 est

446 559 551 595 enim
580 553 853 608 jusjurandum
887 551 1093 591 affirmatio
1110 550 1298 604 religiosa.
1345 550 1464 602 Qod
1490 559 1620 590 autem
1650 549 1850 594 affirmate,

446 623 547 676 quasi
571 623 655 661 Deo
677 620 780 665 teste,
811 618 1045 672 promiseris,
1075 617 1116 656 id
1136 617 1348 655 tenendum
1369 616 1434 655 est.
1473 617 1562 668 Jam
1581 616 1688 654 enim
1707 628 1786 654 non
1805 614 1854 652 ad

447 691 541 727 iram
564 690 754 732 Deorum,
775 699 862 738 quae
882 685 988 723 nulla
1006 684 1072 729 est,
1104 683 1166 722 sed
1182 683 1229 722 ad
1242 683 1449 736 justitiam,
1470 692 1508 721 et
1527 683 1573 721 ad
1592 682 1712 721 fidem
1731 680 1851 734 perti-

446 766 524 794 net.
557 755 665 795 Nam
685 752 861 807 praeclare
882 752 1033 790 Ennius
1047 770 1062 797 ‚-

587 821 620 859 O
627 819 721 872 fides
739 819 846 862 alma,
876 825 965 870 apta
978 817 1116 870 pinnis,
1147 826 1182 854 et
1188 815 1447 867 jusjurandum
1465 815 1579 869 Jovis
1595 817 1611 853 Ι

444 889 530 940 Qi
550 884 955 940 igiturjusjurandum
985 882 1117 927 violat,
1147 882 1179 920 is
1205 881 1325 920 fidem
1350 882 1482 926 violat,
1512 895 1631 934 quam
1660 881 1702 919 in
1732 880 1852 934 Capi-

446 954 542 992 tolio
562 953 730 990 vicinam
751 949 860 1001 jovis
882 947 1041 1001 Optimi
1061 947 1232 987 Maximi
1263 947 1325 999 (ut
1350 947 1392 986 in
1412 947 1573 986 Catonis
1592 947 1762 985 oratione
1781 945 1851 997 est)

444 1021 608 1071 majores
629 1016 745 1055 nostri
765 1015 836 1054 esse
856 1014 1076 1054 voluerunt.

503 1088 558 1124 At
591 1084 698 1122 enim
728 1096 776 1121 ne
812 1083 929 1121 iratus
964 1080 1127 1134 quidem
1159 1079 1314 1133 Jupiter
1347 1079 1435 1133 plus
1465 1078 1624 1132 Regulo
1653 1076 1854 1121 nocuisset,

445 1165 564 1205 quam
585 1150 655 1189 fibi
677 1149 810 1188 nocuit
830 1147 908 1201 ipse
929 1147 1119 1201 Regulus.
1163 1147 1293 1192 Certe,
1314 1146 1342 1185 fi
1362 1145 1463 1185 nihil
1483 1145 1634 1185 malum
1661 1143 1765 1189 esset,
1786 1143 1858 1182 nifi

444 1219 589 1257 dolere.
627 1216 674 1254 Id
703 1225 833 1254 autem
853 1227 933 1253 non
959 1213 1079 1253 modo
1098 1226 1177 1252 non
1197 1212 1396 1251 summum
1416 1213 1583 1257 malum,
1605 1211 1668 1250 sed
1696 1223 1744 1249 ne
1769 1221 1856 1248 ma-

447 1285 533 1322 lurn
569 1281 730 1334 quidem
773 1280 864 1326 effe,
903 1279 1075 1318 maxima
1115 1279 1340 1318 auctoritate
1373 1276 1597 1331 philosophi
1633 1276 1825 1315 affirmant
1841 1293 1855 1320 5

441 1361 617 1404 quorum
637 1348 798 1401 quidem
819 1346 954 1385 testem
988 1359 1067 1384 non
1094 1345 1346 1390 mediocrem,
1379 1344 1441 1383 sed
1460 1343 1564 1383 haud
1583 1343 1662 1382 scio
1691 1357 1738 1382 an
1767 1355 1858 1396 gra-

447 1416 670 1460 vissimum,
702 1412 927 1466 Regulum,
962 1412 1098 1457 nolite,
1132 1411 1273 1464 quaeso,
1307 1411 1534 1464 vituperare.
1584 1411 1717 1462 Qem
1749 1408 1859 1448 enim

447 1483 744 1536 locupletiorem
764 1479 988 1532 quaerimus‚
1019 1491 1138 1530 quam
1164 1479 1383 1531 principem
1414 1477 1549 1530 populi
1569 1476 1757 1521 Romani,
1787 1476 1859 1527 qui

449 1549 639 1588 retinendi
673 1546 797 1586 officii
830 1544 940 1583 causa
973 1543 1191 1583 cruciatum
1224 1544 1382 1582 subierit
1415 1543 1681 1582 voluntarium
1699 1543 1713 1580 ?
1749 1542 1859 1582 Nam

448 1616 556 1669 quod
575 1615 697 1659 aiunt,
729 1612 894 1651 minima
913 1610 960 1649 de
990 1610 1118 1656 malis,
1152 1611 1193 1649 id
1212 1610 1280 1656 est,
1310 1619 1354 1649 ut
1374 1610 1537 1664 turpiter
1562 1610 1707 1663 potius,
1738 1622 1860 1663 quam

448 1680 694 1725 calamitose;
726 1692 774 1717 an
804 1677 858 1716 est
877 1677 1004 1716 ullum
1026 1677 1149 1730 majus
1175 1676 1326 1716 malum
1345 1676 1618 1730 turpitudine?
1649 1689 1735 1729 quae
1761 1675 1787 1714 si
1816 1676 1859 1714 in

446 1747 693 1787 deformitate
711 1743 882 1798 corporis
902 1742 1020 1783 habet
1039 1742 1188 1796 aliquid
1217 1741 1452 1788 offenfionis,
1473 1751 1617 1796 quanta
1635 1742 1703 1781 illa
1721 1741 1861 1796 depra-

447 1814 551 1853 vatio
570 1823 609 1853 et
627 1812 780 1852 foeditas
801 1810 1012 1864 turpificati
1030 1809 1151 1850 animi
1171 1809 1284 1850 debet
1300 1808 1421 1848 videri
1438 1810 1453 1847 ?

489 1881 638 1931 Itaque,
657 1875 848 1915 nervosius
869 1876 938 1927 qui
957 1875 1025 1912 ista
1044 1875 1241 1920 differunt,
1262 1875 1388 1913 solum
1405 1875 1548 1913 audent
1567 1875 1716 1913 malum
1732 1874 1862 1913 dicere

450 1945 505 1990 id,
526 1944 632 1998 quod
653 1952 763 1996 turpe
783 1941 857 1986 s1t3
889 1940 958 1992 qui
979 1949 1109 1978 autem
1129 1940 1332 1985 remiffius,
1362 1939 1405 1978 hi
1432 1949 1560 1978 tamen
1581 1953 1659 1979 non
1679 1939 1859 1978 dubitant

450 2011 650 2051 summum
671 2008 821 2048 malum
840 2007 981 2046 dicere.
1012 2006 1120 2046 Nam
1141 2006 1239 2044 illud
1256 2006 1432 2059 quidem,

589 2077 716 2130 Neque
732 2074 822 2120 dedi,
852 2088 961 2128 neque
979 2072 1136 2126 dofidem
1156 2073 1288 2126 itfidelt'
1302 2074 1480 2128 cuiquam,

451 2146 598 2184 idcirco
631 2145 729 2182 recte
760 2155 781 2179 a
813 2150 924 2194 poeta
939 2159 951 2186 5
983 2141 1088 2193 quia,
1122 2153 1216 2179 cum
1252 2142 1473 2179 tractaretur
1502 2141 1658 2185 Atreus,
1693 2139 1863 2193 personae

452 2209 693 2250 serviendum
714 2206 804 2245 fuit.
828 2206 915 2251 Sed,
937 2205 962 2244 fi
984 2204 1058 2244 hoc
1080 2205 1148 2244 fibi
1170 2205 1341 2250 sumunt,
1359 2205 1508 2244 nullam
1528 2204 1600 2244 esse
1622 2205 1754 2250 fidem,
1775 2218 1864 2258 quae

453 2276 599 2315 infideli
621 2275 706 2313 data
726 2273 783 2318 sit,
813 2273 981 2318 videant,
1003 2286 1050 2310 ne
1070 2281 1260 2325 quaeratur
1280 2272 1421 2310 latebra
1441 2272 1622 2325 perjurio.

509 2342 575 2380 Est
595 2351 723 2378 autem
738 2340 802 2391 jus
823 2339 941 2377 ctiam
963 2338 1166 2384 bellicum,
1194 2338 1359 2390 fidesque
1380 2337 1631 2390 jurisjurandi
1653 2336 1746 2390 firpe
1765 2350 1859 2375 cum

451 2407 558 2447 hoste
580 2406 766 2445 servanda.
813 2405 931 2457 Qod
962 2406 1067 2443 enim
1088 2405 1140 2443 ita
1166 2405 1341 2457 juratum
1363 2403 1428 2448 est,
1461 2413 1503 2442 ut
1536 2417 1644 2441 mens
1673 2404 1858 2456 concipe-

454 2484 510 2513 ret
542 2473 623 2511 ficri
654 2482 844 2526 oportere,
895 2471 933 2509 id
968 2471 1191 2511 servandum
1221 2471 1272 2509 est
1291 2485 1300 2508 t
1343 2469 1449 2523 quod
1482 2469 1616 2514 alitem
1650 2470 1687 2508 id
1722 2469 1746 2507 si
1783 2482 1863 2509 non

454 2540 604 2583 seceris,
636 2539 789 2577 nullum
811 2539 861 2576 cst
884 2538 1111 2591 perjurium.
1173 2538 1242 2582 Ut,
1276 2537 1300 2575 si
1332 2536 1575 2590 praedonibus
1607 2538 1760 2590 pactum
1790 2549 1863 2589 pro

453 2607 578 2660 cupite
596 2606 762 2660 pretium
785 2619 863 2645 non
884 2605 1071 2651 attuleris,
1090 2604 1197 2644 nulla
1216 2603 1317 2643 fmus
1337 2603 1403 2650 cst,
1421 2616 1468 2642 ne
1487 2603 1511 2643 si
1526 2604 1677 2657 juratus
1697 2601 1858 2656 quidem
