2223 3003
256 1055 287 1083 p-

941 382 978 417 D

443 495 945 554 OFFI

540 646 688 690 AD
775 647 845 694 M.

1053 499 1547 573 CIIS,

942 648 1440 707 FILIUM,

568 818 894 861 LIBER
978 823 1396 863 PRIMUS.

385 957 490 997 Edit.
519 957 661 997 Olivet.

348 1044 370 1074 1.

260 1083 315 1122 176
358 1095 374 1123 ς
397 1093 500 1113 annum
516 1098 536 1121 μ.
548 1091 592 1122 per
605 1095 698 1113 anuum

355 1125 374 1152 6
395 1131 506 1162 oportet
519 1138 539 1161 μ
554 1131 666 1161 oporteat

339 1173 349 1191 1
360 1173 370 1192 ι
395 1164 471 1192 idem
485 1172 512 1197 λ,
529 1178 549 1200 μ.
561 1165 705 1192 idemtidem

339 1211 350 1231 1
359 1213 374 1232 2
394 1203 529 1232 orationis
544 1211 560 1231 λ
573 1205 602 1232 d.

337 1252 348 1271 ι
356 1253 371 1281 5
395 1243 547 1271 dicendum
560 1250 586 1276 λ,
601 1257 622 1279 μ
635 1245 775 1280 duscendusn

335 1291 374 1310 20
395 1282 508 1320 utrique
521 1297 542 1319 μ,
555 1289 664 1321 utraqu

335 1331 370 1361 23
393 1322 545 1350 existimari
560 1337 580 1359 μ.
594 1324 737 1360 existimare

258 1370 313 1400 ¹77
358 1371 369 1391 ι
395 1361 483 1390 solum
499 1362 559 1399 μό.

254 1998 308 2035 178

355 1411 371 1431 2
389 1402 448 1438 jam
464 1401 529 1430 illos
542 1404 626 1440 ajam
635 1401 692 1430 illis
705 1399 827 1441 pfijam
839 1403 892 1433 illis

391 1441 428 1469 est
443 1455 463 1477 μ
477 1442 504 1470 d.

354 1451 370 1519 Ξ
393 1480 500 1509 nemini
513 1487 530 1509 λ
543 1484 661 1510 nminem

331 1535 373 1544 -—
392 1520 484 1548 adhuc
498 1520 643 1556 contigisse
657 1535 677 1558 μ
690 1523 795 1560 migqffi

354 1570 371 1597 7
393 1568 421 1588 et
434 1575 455 1597 μ,
468 1561 494 1588 d.

331 1614 374 1624 —
393 1599 506 1629 dxcendi
521 1607 538 1627 λ
550 1601 769 1638 Ιίαηᾶἰβιηΰιπι

353 1650 372 1679 9
393 1647 487 1669 orator
505 1649 605 1677 parum
624 1640 772 1670 vehemens
790 1655 811 1679 μ,
828 1642 960 1671 vehemens

432 1688 527 1708 OYRIOT·
545 1687 638 1717 parum

334 1728 345 1749 1
353 1729 368 1758 ς
390 1719 593 1758 splendideque
607 1734 628 1756 μ,
632 1719 767 1758 splendide

336 1760 373 1788 16
393 1759 512 1788 Isocrate
526 1767 552 1792 λ,
567 1773 588 1796 μ
599 1761 703 1789 Socrate

335 1801 370 1827 18
391 1799 426 1827 ad
442 1807 468 1828 te
482 1807 499 1827 λ
511 1800 538 1827 d.

334 1848 373 1867 20
393 1847 422 1867 et
436 1839 534 1878 gravia
547 1853 567 1875 μ.
576 1843 683 1878 gravia

334 1888 369 1916 23
392 1887 421 1907 et
435 1886 461 1912 λ,
475 1894 495 1916 μ
507 1879 533 1906 d.

333 1918 370 1946 26
389 1928 481 1956 eoque
495 1926 511 1946 λ
526 1929 597 1957 eoque
609 1927 634 1947 et

332 1967 363 1995 31
390 1966 554 1996 pervertunt
567 1966 595 1992 λ,
607 1973 627 1995 μ,
636 1965 792 1996 pervertant

351 2007 367 2034 7
390 1998 498 2026 stabilia
510 2013 531 2035 μ
535 1998 651 2035 stabilia
663 2007 734 2026 certa

333 2045 370 2065 ιο
390 2037 490 2075 Itaque
503 2046 520 2067 λ
534 2038 579 2066 Ita

329 2091 370 2098 —
390 2077 626 2106 Academicorum
642 2085 672 2112 λ,
684 2093 703 2115 μ
717 2079 939 2106 Achadfmiccrum

333 2125 343 2144 1
353 2124 364 2145 Ι
389 2117 552 2155 Pyrrhonis,
565 2117 669 2146 Herilli
682 2125 699 2146 λ
708 2119 843 2155 pyrrham)
854 2127 876 2146 et
890 2117 959 2146 erilli

437 2171 456 2193 μ,
464 2159 564 2194 pinni]
577 2165 600 2185 et
613 2157 675 2185 calis·

333 2205 343 2225 ι
353 2205 367 2234 3
390 2195 484 2224 officio
497 2211 517 2232 μ.
531 2197 616 2233 ficiis

329 2250 371 2258 —
391 2236 531 2264 deleaum
546 2244 562 2263 λ
575 2237 723 2264 αεΙιᾶαιιυη

332 2284 369 2312 14
390 2276 544 2313 Sequemur
559 2275 648 2314 igitur
661 2283 677 2304 λ
691 2276 823 2314 Sequimur
839 2278 921 2315 igitur
936 2291 957 2312 μ.

438 2316 570 2353 Sequimur

334 2363 344 2382 1
353 2363 368 2393 ς
390 2361 422 2383 ut
435 2363 452 2382 λ
464 2367 528 2383 vero

331 2403 370 2423 20
391 2393 537 2432 suscipitur
549 2395 574 2429 ψ
587 2396 696 2424 Initium
707 2396 783 2434 bajus
793 2399 873 2434 opm'e
886 2396 960 2434 usque

437 2436 476 2462 ad
487 2435 552 2462 hunc
564 2435 641 2464 locum
653 2437 717 2471 deest

333 2482 366 2501 21
392 2472 549 2511 disputetur
569 2489 590 2511 μ
607 2475 757 2513 inspuetur.
788 2476 830 2504 De
849 2475 960 2513 dupplici

438 2515 572 2582 di'wfone,
592 2516 666 2552 officit
677 2523 701 2545 et
714 2515 789 2545 mdii
802 2516 927 2553 divfime

333 2552 363 2582 T
371 2561 389 2582 ο
399 2562 433 2581 u.
470 2553 497 2582 ΙΙ
503 2574 511 2583 .

1235 962 1349 1002 MSS.
1376 971 1412 1005 Λ,
1429 979 1472 1014 μ,
1491 956 1531 1013 ψ

1021 1068 1076 1125 178
1100 1047 1118 1116 21
1121 1097 1134 1124 3
1157 1087 1274 1116 alterum
1289 1094 1316 1121 λ,
1329 1101 1350 1124 μ
1364 1087 1472 1116 alterum
1484 1089 1518 1126 est

1099 1137 1134 1164 25
1157 1127 1316 1164 hujusmodi
1329 1142 1350 1164 μ.
1363 1128 1439 1166 ΙηςῘω

1097 1167 1135 1195 26
1156 1176 1224 1195 num
1238 1167 1314 1205 quod
1327 1175 1354 1199 λ,
1369 1182 1400 1204 μ,
1415 1167 1442 1202 ψ
1455 1167 1580 1206 numquid

1096 1221 1138 1229 —
1158 1206 1214 1234 alio
1229 1206 1318 1243 majus
1333 1206 1366 1236 fit
1379 1207 1407 1242 ψ
1419 1207 1446 1236 d.

1098 1256 1135 1283 29
1156 1246 1268 1274 videtur
1280 1254 1308 1280 λ,
1321 1261 1342 1283 μ.
1355 1249 1481 1275 videntur

1098 1294 1113 1322 3
1122 1295 1131 1313 1
1157 1285 1242 1313 officii
1258 1293 1274 1313 λ
1287 1288 1316 1314 de
1327 1288 1414 1323 officii:

1095 1339 1137 1346 —
1155 1325 1299 1362 quoddam
1313 1333 1330 1353 λ
1343 1327 1464 1363 quiddam

1099 1374 1133 1402 33
1157 1364 1234 1403 quod
1247 1372 1264 1392 λ
1278 1369 1396 1403 quoniam

1096 1419 1138 1426 —
1157 1404 1316 1441 ιιιτέρθαμιι
1329 1412 1346 1432 λ
1359 1405 1520 1434 carhatlmm
1533 1418 1554 1442 μ
1564 1403 1672 1434 embado
1683 1412 1726 1432 ma

1099 1453 1138 1481 34
1158 1445 1270 1474 nasim
1280 1451 1307 1477 λ,
1321 1459 1353 1481 μ,
1366 1445 1392 1478 ψ
1404 1447 1509 1482 qffcimn

1021 1491 1076 1521 ¹79
1121 1492 1131 1511 1
1156 1483 1208 1511 effe
1224 1484 1284 1519 μά.

1118 1533 1134 1551 2
1157 1522 1252 1551 dicant
1264 1537 1294 1559 μ,
1308 1524 1333 1559 ψ
1346 1525 1433 1553 dicunt

1116 1571 1136 1599 4
1157 1562 1233 1590 Nam
1248 1571 1275 1595 λ,
1291 1564 1315 1597 ᾧ
1331 1564 1400 1592 IVam
1413 1571 1460 1592 aut

1092 1616 1134 1623 —
1155 1601 1229 1630 fastu
1243 1610 1270 1637 λ,
1285 1604 1422 1640 qaefafi'usn

1111 1642 1129 1670 6
1150 1642 1228 1670 Tum
1243 1657 1263 1679 μ
1278 1643 1343 1671 Cum

1094 1696 1133 1704 —
1152 1689 1201 1710 aut
1213 1682 1365 1720 anquirunt
1376 1689 1404 1717 λ,
1414 1697 1436 1720 μ
1446 1690 1492 1712 ane
1501 1684 1634 1722 inquirm
1644 1679 1671 1718 ψ
1681 1683 1724 1718 ing

1201 1731 1307 1760 qulrunt

1115 1771 1134 1799 9
1154 1761 1293 1791 conducat
1307 1762 1333 1797 ψ
1347 1763 1516 1801 condaturque

1098 1810 1108 1829 1
1118 1812 1132 1829 2
1153 1811 1250 1839 rapere
1263 1816 1283 1838 μ
1295 1806 1404 1840 recipere

1097 1850 1108 1869 1
1117 1851 1131 1878 3
1154 1841 1338 1870 deliberando
1351 1849 1378 1875 λ,
1393 1857 1414 1879 μ.
1427 1845 1456 1871 in
1469 1841 1630 1872 deliberande

1097 1890 1130 1915 ¹7
1153 1881 1232 1913 solet,
1253 1881 1297 1909 sed
1312 1881 1414 1918 pſslet.
1431 1882 1501 1911 debet

1098 1930 1107 1948 1
1117 1922 1132 1948 8
1155 1929 1246 1948 utrum
1263 1920 1289 1955 ψ
1303 1923 1430 1959 utrumfie

1097 1969 1131 1998 ¹9
1152 1969 1246 1988 utrum
1260 1960 1286 1994 ψ
1299 1963 1428 1999 uer-unfit

1092 2014 1131 2021 —
1153 1999 1196 2028 Ita
1211 2010 1295 2038 quam
1310 2008 1326 2027 λ
1340 2002 1432 2039 Itaque
1446 2000 1474 2036 ψ
1488 2001 1578 2039 Itaque
1589 2010 1665 2038 quan

1092 2054 1132 2061 —
1152 2040 1204 2067 esse
1215 2053 1237 2075 μ
1247 2041 1273 2068 d.

1096 2088 1131 2108 20
1153 2079 1254 2107 debere
1268 2080 1407 2117 reperitur
1419 2081 1473 2108 λλ.

1095 2128 1126 2146 21
1153 2119 1242 2156 igitur
1256 2133 1275 2153 μ.
1289 2131 1346 2157 crgo

1091 2173 1131 2179 ——
1153 2165 1211 2185 tum
1227 2172 1247 2193 μ.
1261 2167 1343 2186 romen
1356 2170 1410 2187 cum

1093 2207 1128 2226 22
1151 2197 1334 2225 differendum
1351 2206 1367 2226 λ
1381 2200 1540 2236 dffrendnm
1552 2200 1587 2236 est

1094 2247 1109 2265 2
1115 2247 1127 2274 3
1152 2245 1168 2264 a
1183 2244 1280 2265 natura
1293 2244 1310 2265 λ
1323 2243 1347 2266 tr.

1091 2287 1128 2315 25
1153 2276 1300 2305 videamur
1312 2284 1339 2309 λ.
1355 2292 1385 2313 μ,
1397 2277 1424 2313 ψ
1436 2279 1560 2307 videmur

1093 2331 1132 2339 -
1153 2326 1215 2353 quae
1229 2330 1250 2352 μ
1263 2328 1415 2355 quaecunque
1429 2317 1456 2353 ψ
1470 2329 1528 2356 quae
1542 2321 1566 2347 ei

1093 2371 1132 2377 —
1153 2356 1282 2393 anquirat
1295 2364 1312 2384 λ
1327 2358 1451 2395 adquirat
1465 2371 1485 2394 μ,
1497 2361 1614 2396 aeq-irat

1096 2395 1132 2424 26
1153 2402 1232 2432 paret
1246 2396 1271 2430 ᾧ
1283 2405 1407 2433 comparet

1096 2445 1131 2472 ²7
1154 2435 1220 2462 item
1237 2443 1263 2467 λ,
1279 2449 1309 2471 μ,
1325 2438 1351 2470 ψ
1364 2444 1446 2465 autem

1096 2484 1127 2512 3¹
1153 2475 1297 2512 pau1ulum
1312 2483 1338 2509 λ,
1354 2475 1488 2513 papulam

1098 2523 1134 2551 3²
1157 2514 1233 2551 quod
1249 2515 1310 2549 λμψ
1325 2518 1442 2553 quoniam
1456 2530 1475 2552 μ.
1491 2518 1536 2553 qni

1414 2555 1442 2583 Ο
1457 2564 1474 2583 ο
1489 2565 1506 2584 ο
