<?xml version="1.0" encoding="UTF-8"?>
<!DOCTYPE html PUBLIC "-//W3C//DTD XHTML 1.0 Transitional//EN"
    "http://www.w3.org/TR/xhtml1/DTD/xhtml1-transitional.dtd">
<html xmlns="http://www.w3.org/1999/xhtml" xml:lang="en" lang="en">
 <head>
  <title>
</title>
<meta http-equiv="Content-Type" content="text/html;charset=utf-8" />
  <meta name='ocr-system' content='tesseract 3.04.00' />
  <meta name='ocr-capabilities' content='ocr_page ocr_carea ocr_par ocr_line ocrx_word'/>
</head>
<body>
  <div class='ocr_page' id='page_1' title='image "./operacumindicibu03ciceuoft_0125.png"; bbox 0 0 2223 3003; ppageno 0'>
   <div class='ocr_carea' id='block_1_1' title="bbox 694 271 1748 326">
    <p class='ocr_par' dir='ltr' id='par_1_1' title="bbox 694 271 1748 326">
     <span class='ocr_line' id='line_1_1' title="bbox 694 271 1748 326; baseline 0 -14"><span class='ocrx_word' id='word_1_1' title='bbox 694 271 971 312; x_wconf 87' lang='lat' dir='ltr'>LIBER</span> <span class='ocrx_word' id='word_1_2' title='bbox 1034 271 1397 312; x_wconf 87' lang='lat' dir='ltr'><strong>PRIMUS.</strong></span> <span class='ocrx_word' id='word_1_3' title='bbox 1675 287 1748 326; x_wconf 84' lang='lat'>119</span> 
     </span>
    </p>
   </div>
   <div class='ocr_carea' id='block_1_2' title="bbox 348 372 1760 2675">
    <p class='ocr_par' dir='ltr' id='par_1_2' title="bbox 348 372 1752 743">
     <span class='ocr_line' id='line_1_2' title="bbox 349 372 1751 425; baseline -0.001 -12"><span class='ocrx_word' id='word_1_4' title='bbox 349 387 494 420; x_wconf 90' lang='lat' dir='ltr'>vereor,</span> <span class='ocrx_word' id='word_1_5' title='bbox 539 386 600 418; x_wconf 89' lang='lat' dir='ltr'>ne,</span> <span class='ocrx_word' id='word_1_6' title='bbox 635 372 731 411; x_wconf 89' lang='lat' dir='ltr'>dum</span> <span class='ocrx_word' id='word_1_7' title='bbox 762 372 938 411; x_wconf 87' lang='lat' dir='ltr'>minuere</span> <span class='ocrx_word' id='word_1_8' title='bbox 967 372 1088 411; x_wconf 90' lang='lat' dir='ltr'>velim</span> <span class='ocrx_word' id='word_1_9' title='bbox 1120 372 1306 417; x_wconf 91' lang='lat' dir='ltr'>laborem,</span> <span class='ocrx_word' id='word_1_10' title='bbox 1350 385 1525 425; x_wconf 86' lang='lat' dir='ltr'>augeam,</span> <span class='ocrx_word' id='word_1_11' title='bbox 1556 380 1671 425; x_wconf 90' lang='lat' dir='ltr'>atque</span> <span class='ocrx_word' id='word_1_12' title='bbox 1705 373 1751 411; x_wconf 89' lang='lat' dir='ltr'>ad</span> 
     </span>
     <span class='ocr_line' id='line_1_3' title="bbox 350 438 1752 492; baseline -0.001 -13"><span class='ocrx_word' id='word_1_13' title='bbox 350 441 461 479; x_wconf 89' lang='lat' dir='ltr'>illam</span> <span class='ocrx_word' id='word_1_14' title='bbox 481 439 678 478; x_wconf 88' lang='lat' dir='ltr'>causarum</span> <span class='ocrx_word' id='word_1_15' title='bbox 696 452 868 491; x_wconf 83' lang='lat' dir='ltr'>operam,</span> <span class='ocrx_word' id='word_1_16' title='bbox 899 438 945 475; x_wconf 89' lang='lat' dir='ltr'>ad</span> <span class='ocrx_word' id='word_1_17' title='bbox 976 452 1094 490; x_wconf 89' lang='lat' dir='ltr'>quam</span> <span class='ocrx_word' id='word_1_18' title='bbox 1113 452 1185 490; x_wconf 89' lang='lat' dir='ltr'>ego</span> <span class='ocrx_word' id='word_1_19' title='bbox 1205 452 1420 491; x_wconf 87' lang='lat' dir='ltr'>nunquam,</span> <span class='ocrx_word' id='word_1_20' title='bbox 1454 439 1523 477; x_wconf 85' lang='lat' dir='ltr'>nifi</span> <span class='ocrx_word' id='word_1_21' title='bbox 1542 448 1693 492; x_wconf 89' lang='lat' dir='ltr'>paratus</span> <span class='ocrx_word' id='word_1_22' title='bbox 1713 448 1752 478; x_wconf 90' lang='lat' dir='ltr'>et</span> 
     </span>
     <span class='ocr_line' id='line_1_4' title="bbox 348 503 1752 558; baseline -0.001 -13"><span class='ocrx_word' id='word_1_23' title='bbox 348 507 571 551; x_wconf 85' lang='lat' dir='ltr'>meditatus,</span> <span class='ocrx_word' id='word_1_24' title='bbox 592 504 745 549; x_wconf 85' lang='lat' dir='ltr'>accedo,</span> <span class='ocrx_word' id='word_1_25' title='bbox 774 504 1003 555; x_wconf 88' lang='lat' dir='ltr'>adjungatur</span> <span class='ocrx_word' id='word_1_26' title='bbox 1021 503 1103 541; x_wconf 83' lang='lat' dir='ltr'>haec</span> <span class='ocrx_word' id='word_1_27' title='bbox 1128 505 1227 555; x_wconf 88' lang='lat' dir='ltr'>juris</span> <span class='ocrx_word' id='word_1_28' title='bbox 1255 505 1530 558; x_wconf 87' lang='lat' dir='ltr'>interpretatio,</span> <span class='ocrx_word' id='word_1_29' title='bbox 1563 519 1647 558; x_wconf 86' lang='lat' dir='ltr'>quae</span> <span class='ocrx_word' id='word_1_30' title='bbox 1673 519 1752 544; x_wconf 89' lang='lat' dir='ltr'>non</span> 
     </span>
     <span class='ocr_line' id='line_1_5' title="bbox 348 569 1751 625; baseline -0.001 -13"><span class='ocrx_word' id='word_1_31' title='bbox 348 582 432 612; x_wconf 88' lang='lat' dir='ltr'>tam</span> <span class='ocrx_word' id='word_1_32' title='bbox 452 572 553 612; x_wconf 88' lang='lat' dir='ltr'>mihi</span> <span class='ocrx_word' id='word_1_33' title='bbox 573 570 730 610; x_wconf 87' lang='lat' dir='ltr'>molesta</span> <span class='ocrx_word' id='word_1_34' title='bbox 750 569 794 607; x_wconf 92' lang='lat' dir='ltr'>fit</span> <span class='ocrx_word' id='word_1_35' title='bbox 813 578 968 622; x_wconf 87' lang='lat' dir='ltr'>propter</span> <span class='ocrx_word' id='word_1_36' title='bbox 987 569 1173 614; x_wconf 90' lang='lat' dir='ltr'>laborem,</span> <span class='ocrx_word' id='word_1_37' title='bbox 1196 583 1315 622; x_wconf 85' lang='lat' dir='ltr'>quam</span> <span class='ocrx_word' id='word_1_38' title='bbox 1336 571 1442 622; x_wconf 90' lang='lat' dir='ltr'>quod</span> <span class='ocrx_word' id='word_1_39' title='bbox 1463 572 1616 609; x_wconf 90' lang='lat' dir='ltr'>dicendi</span> <span class='ocrx_word' id='word_1_40' title='bbox 1641 572 1751 625; x_wconf 87' lang='lat' dir='ltr'>cogi·</span> 
     </span>
     <span class='ocr_line' id='line_1_6' title="bbox 349 634 1752 689; baseline -0.001 -11"><span class='ocrx_word' id='word_1_41' title='bbox 349 640 537 678; x_wconf 88' lang='lat' dir='ltr'>tationem</span> <span class='ocrx_word' id='word_1_42' title='bbox 557 635 714 680; x_wconf 91' lang='lat' dir='ltr'>auferat,</span> <span class='ocrx_word' id='word_1_43' title='bbox 745 635 822 673; x_wconf 85' lang='lat' dir='ltr'>fine</span> <span class='ocrx_word' id='word_1_44' title='bbox 852 647 928 687; x_wconf 90' lang='lat' dir='ltr'>qua</span> <span class='ocrx_word' id='word_1_45' title='bbox 946 634 993 672; x_wconf 89' lang='lat' dir='ltr'>ad</span> <span class='ocrx_word' id='word_1_46' title='bbox 1011 635 1161 673; x_wconf 90' lang='lat' dir='ltr'>nullam</span> <span class='ocrx_word' id='word_1_47' title='bbox 1191 636 1377 688; x_wconf 90' lang='lat' dir='ltr'>majorem</span> <span class='ocrx_word' id='word_1_48' title='bbox 1409 650 1582 689; x_wconf 88' lang='lat' dir='ltr'>unquam</span> <span class='ocrx_word' id='word_1_49' title='bbox 1602 639 1752 677; x_wconf 88' lang='lat' dir='ltr'>causam</span> 
     </span>
     <span class='ocr_line' id='line_1_7' title="bbox 350 702 772 743; baseline -0.009 0"><span class='ocrx_word' id='word_1_50' title='bbox 350 705 436 743; x_wconf 87' lang='lat' dir='ltr'>sum</span> <span class='ocrx_word' id='word_1_51' title='bbox 455 703 563 742; x_wconf 90' lang='lat' dir='ltr'>ausus</span> <span class='ocrx_word' id='word_1_52' title='bbox 579 702 772 741; x_wconf 85' lang='lat' dir='ltr'>accedere.</span> 
     </span>
    </p>

    <p class='ocr_par' dir='ltr' id='par_1_3' title="bbox 348 765 1760 1354">
     <span class='ocr_line' id='line_1_8' title="bbox 404 765 1760 821; baseline -0.001 -12"><span class='ocrx_word' id='word_1_53' title='bbox 404 772 632 809; x_wconf 67' lang='lat' dir='ltr'>Armcus.</span> <span class='ocrx_word' id='word_1_54' title='bbox 664 768 776 820; x_wconf 85' lang='lat' dir='ltr'>Qin</span> <span class='ocrx_word' id='word_1_55' title='bbox 805 768 927 820; x_wconf 88' lang='lat' dir='ltr'>igitur</span> <span class='ocrx_word' id='word_1_56' title='bbox 946 767 1014 806; x_wconf 90' lang='lat' dir='ltr'>ista</span> <span class='ocrx_word' id='word_1_57' title='bbox 1033 767 1111 821; x_wconf 88' lang='lat' dir='ltr'>ipsa</span> <span class='ocrx_word' id='word_1_58' title='bbox 1131 768 1298 821; x_wconf 85' lang='lat' dir='ltr'>explicas</span> <span class='ocrx_word' id='word_1_59' title='bbox 1326 768 1438 807; x_wconf 89' lang='lat' dir='ltr'>nobis</span> <span class='ocrx_word' id='word_1_60' title='bbox 1457 765 1519 807; x_wconf 86' lang='lat' dir='ltr'>his</span> <span class='ocrx_word' id='word_1_61' title='bbox 1541 768 1760 816; x_wconf 72' lang='lat' dir='ltr'>subcifivis,</span> 
     </span>
     <span class='ocr_line' id='line_1_9' title="bbox 351 835 1754 889; baseline 0 -14"><span class='ocrx_word' id='word_1_62' title='bbox 351 845 395 875; x_wconf 88' lang='lat' dir='ltr'>ut</span> <span class='ocrx_word' id='word_1_63' title='bbox 415 838 482 882; x_wconf 89' lang='lat' dir='ltr'>ais,</span> <span class='ocrx_word' id='word_1_64' title='bbox 495 835 760 889; x_wconf 72' lang='lat' dir='ltr'>temporibus,</span> <span class='ocrx_word' id='word_1_65' title='bbox 790 844 828 873; x_wconf 89' lang='lat' dir='ltr'>et</span> <span class='ocrx_word' id='word_1_66' title='bbox 847 835 1056 874; x_wconf 86' lang='lat' dir='ltr'>conscribis</span> <span class='ocrx_word' id='word_1_67' title='bbox 1087 835 1134 873; x_wconf 90' lang='lat' dir='ltr'>de</span> <span class='ocrx_word' id='word_1_68' title='bbox 1157 835 1246 887; x_wconf 89' lang='lat' dir='ltr'>jure</span> <span class='ocrx_word' id='word_1_69' title='bbox 1278 835 1384 873; x_wconf 90' lang='lat' dir='ltr'>civili</span> <span class='ocrx_word' id='word_1_70' title='bbox 1414 835 1606 881; x_wconf 85' lang='lat' dir='ltr'>subtilius,</span> <span class='ocrx_word' id='word_1_71' title='bbox 1635 850 1754 888; x_wconf 89' lang='lat' dir='ltr'>quam</span> 
     </span>
     <span class='ocr_line' id='line_1_10' title="bbox 348 901 1752 954; baseline -0.001 -13"><span class='ocrx_word' id='word_1_72' title='bbox 348 903 476 941; x_wconf 87' lang='lat' dir='ltr'>caeteri</span> <span class='ocrx_word' id='word_1_73' title='bbox 494 902 508 939; x_wconf 88' lang='lat'>?</span> <span class='ocrx_word' id='word_1_74' title='bbox 539 902 646 940; x_wconf 87' lang='lat' dir='ltr'>Nam</span> <span class='ocrx_word' id='word_1_75' title='bbox 679 914 701 939; x_wconf 91' lang='lat' dir='ltr'>a</span> <span class='ocrx_word' id='word_1_76' title='bbox 730 901 859 954; x_wconf 89' lang='lat' dir='ltr'>primo</span> <span class='ocrx_word' id='word_1_77' title='bbox 893 910 1066 954; x_wconf 89' lang='lat' dir='ltr'>tempore</span> <span class='ocrx_word' id='word_1_78' title='bbox 1085 902 1203 940; x_wconf 81' lang='lat' dir='ltr'>aetatis</span> <span class='ocrx_word' id='word_1_79' title='bbox 1232 902 1312 954; x_wconf 90' lang='lat' dir='ltr'>juri</span> <span class='ocrx_word' id='word_1_80' title='bbox 1332 901 1478 940; x_wconf 88' lang='lat' dir='ltr'>studere</span> <span class='ocrx_word' id='word_1_81' title='bbox 1502 911 1539 940; x_wconf 89' lang='lat' dir='ltr'>te</span> <span class='ocrx_word' id='word_1_82' title='bbox 1573 903 1752 947; x_wconf 90' lang='lat' dir='ltr'>memini,</span> 
     </span>
     <span class='ocr_line' id='line_1_11' title="bbox 348 967 1755 1022; baseline -0.001 -15"><span class='ocrx_word' id='word_1_83' title='bbox 348 982 442 1007; x_wconf 89' lang='lat' dir='ltr'>cum</span> <span class='ocrx_word' id='word_1_84' title='bbox 462 967 540 1022; x_wconf 91' lang='lat' dir='ltr'>ipse</span> <span class='ocrx_word' id='word_1_85' title='bbox 560 968 677 1006; x_wconf 87' lang='lat' dir='ltr'>etiam</span> <span class='ocrx_word' id='word_1_86' title='bbox 697 968 743 1006; x_wconf 88' lang='lat' dir='ltr'>ad</span> <span class='ocrx_word' id='word_1_87' title='bbox 765 968 972 1007; x_wconf 86' lang='lat' dir='ltr'>Scaevolam</span> <span class='ocrx_word' id='word_1_88' title='bbox 1002 969 1232 1009; x_wconf 78' lang='lat' dir='ltr'>ventitaoem</span> <span class='ocrx_word' id='word_1_89' title='bbox 1248 986 1260 1014; x_wconf 78' lang='lat'>3</span> <span class='ocrx_word' id='word_1_90' title='bbox 1293 981 1418 1021; x_wconf 90' lang='lat' dir='ltr'>neque</span> <span class='ocrx_word' id='word_1_91' title='bbox 1449 981 1621 1020; x_wconf 90' lang='lat' dir='ltr'>unquam</span> <span class='ocrx_word' id='word_1_92' title='bbox 1652 967 1755 1006; x_wconf 89' lang='lat' dir='ltr'>mihi</span> 
     </span>
     <span class='ocr_line' id='line_1_12' title="bbox 349 1034 1752 1088; baseline -0.001 -14"><span class='ocrx_word' id='word_1_93' title='bbox 349 1035 452 1074; x_wconf 88' lang='lat' dir='ltr'>visus</span> <span class='ocrx_word' id='word_1_94' title='bbox 472 1049 510 1074; x_wconf 86' lang='lat' dir='ltr'>es</span> <span class='ocrx_word' id='word_1_95' title='bbox 544 1035 597 1073; x_wconf 91' lang='lat' dir='ltr'>ita</span> <span class='ocrx_word' id='word_1_96' title='bbox 616 1044 655 1073; x_wconf 91' lang='lat' dir='ltr'>te</span> <span class='ocrx_word' id='word_1_97' title='bbox 684 1035 730 1073; x_wconf 87' lang='lat' dir='ltr'>ad</span> <span class='ocrx_word' id='word_1_98' title='bbox 750 1035 961 1073; x_wconf 88' lang='lat' dir='ltr'>dicendum</span> <span class='ocrx_word' id='word_1_99' title='bbox 981 1035 1141 1081; x_wconf 74' lang='lat' dir='ltr'>dedisse,</span> <span class='ocrx_word' id='word_1_100' title='bbox 1164 1044 1209 1073; x_wconf 88' lang='lat' dir='ltr'>ut</span> <span class='ocrx_word' id='word_1_101' title='bbox 1233 1037 1298 1088; x_wconf 88' lang='lat' dir='ltr'>jus</span> <span class='ocrx_word' id='word_1_102' title='bbox 1329 1034 1443 1073; x_wconf 90' lang='lat' dir='ltr'>civile</span> <span class='ocrx_word' id='word_1_103' title='bbox 1472 1043 1752 1074; x_wconf 78' lang='lat' dir='ltr'>contemneres,</span> 
     </span>
     <span class='ocr_line' id='line_1_13' title="bbox 351 1101 1753 1154; baseline -0.002 -13"><span class='ocrx_word' id='word_1_104' title='bbox 351 1102 570 1141; x_wconf 82' lang='lat' dir='ltr'><strong>MARCUS.</strong></span> <span class='ocrx_word' id='word_1_105' title='bbox 588 1103 634 1140; x_wconf 91' lang='lat' dir='ltr'>ln</span> <span class='ocrx_word' id='word_1_106' title='bbox 655 1101 819 1154; x_wconf 89' lang='lat' dir='ltr'>longum</span> <span class='ocrx_word' id='word_1_107' title='bbox 837 1101 1052 1141; x_wconf 89' lang='lat' dir='ltr'>sermonem</span> <span class='ocrx_word' id='word_1_108' title='bbox 1073 1115 1139 1141; x_wconf 88' lang='lat' dir='ltr'>me</span> <span class='ocrx_word' id='word_1_109' title='bbox 1157 1115 1283 1147; x_wconf 89' lang='lat' dir='ltr'>vocas,</span> <span class='ocrx_word' id='word_1_110' title='bbox 1298 1102 1429 1140; x_wconf 86' lang='lat' dir='ltr'>Attice</span> <span class='ocrx_word' id='word_1_111' title='bbox 1441 1120 1452 1146; x_wconf 73' lang='lat'>5</span> <span class='ocrx_word' id='word_1_112' title='bbox 1477 1115 1594 1154; x_wconf 89' lang='lat' dir='ltr'>quern</span> <span class='ocrx_word' id='word_1_113' title='bbox 1610 1111 1753 1146; x_wconf 89' lang='lat' dir='ltr'>tamen,</span> 
     </span>
     <span class='ocr_line' id='line_1_14' title="bbox 351 1168 1754 1221; baseline -0.001 -14"><span class='ocrx_word' id='word_1_114' title='bbox 351 1169 421 1208; x_wconf 90' lang='lat' dir='ltr'>nis1</span> <span class='ocrx_word' id='word_1_115' title='bbox 435 1170 608 1221; x_wconf 84' lang='lat' dir='ltr'>Qintus</span> <span class='ocrx_word' id='word_1_116' title='bbox 623 1168 728 1206; x_wconf 88' lang='lat' dir='ltr'>aliud</span> <span class='ocrx_word' id='word_1_117' title='bbox 743 1168 838 1221; x_wconf 85' lang='lat' dir='ltr'>quid</span> <span class='ocrx_word' id='word_1_118' title='bbox 855 1182 924 1207; x_wconf 88' lang='lat' dir='ltr'>nos</span> <span class='ocrx_word' id='word_1_119' title='bbox 938 1182 1045 1221; x_wconf 87' lang='lat' dir='ltr'>agere</span> <span class='ocrx_word' id='word_1_120' title='bbox 1062 1169 1224 1214; x_wconf 88' lang='lat' dir='ltr'>mavult,</span> <span class='ocrx_word' id='word_1_121' title='bbox 1247 1169 1448 1221; x_wconf 84' lang='lat' dir='ltr'>suscipiam</span> <span class='ocrx_word' id='word_1_122' title='bbox 1464 1187 1475 1213; x_wconf 64' lang='grc' dir='ltr'><strong><em>ς</em></strong></span> <span class='ocrx_word' id='word_1_123' title='bbox 1498 1177 1549 1213; x_wconf 89' lang='lat' dir='ltr'>et,</span> <span class='ocrx_word' id='word_1_124' title='bbox 1569 1168 1754 1221; x_wconf 89' lang='lat' dir='ltr'>quoniam</span> 
     </span>
     <span class='ocr_line' id='line_1_15' title="bbox 350 1233 1756 1287; baseline -0.003 -13"><span class='ocrx_word' id='word_1_125' title='bbox 350 1236 462 1274; x_wconf 87' lang='lat' dir='ltr'>vacui</span> <span class='ocrx_word' id='word_1_126' title='bbox 477 1235 624 1280; x_wconf 87' lang='lat' dir='ltr'>sumus,</span> <span class='ocrx_word' id='word_1_127' title='bbox 646 1234 788 1272; x_wconf 88' lang='lat' dir='ltr'>dicam.</span> <span class='ocrx_word' id='word_1_128' title='bbox 822 1235 1000 1286; x_wconf 81' lang='lat' dir='ltr'>Q1NT.</span> <span class='ocrx_word' id='word_1_129' title='bbox 1025 1236 1112 1287; x_wconf 87' lang='lat' dir='ltr'>Ego</span> <span class='ocrx_word' id='word_1_130' title='bbox 1130 1247 1219 1272; x_wconf 91' lang='lat' dir='ltr'>vero</span> <span class='ocrx_word' id='word_1_131' title='bbox 1237 1235 1405 1273; x_wconf 86' lang='lat' dir='ltr'>libenter</span> <span class='ocrx_word' id='word_1_132' title='bbox 1422 1233 1623 1272; x_wconf 87' lang='lat' dir='ltr'>audierim.</span> <span class='ocrx_word' id='word_1_133' title='bbox 1647 1234 1756 1285; x_wconf 80' lang='lat' dir='ltr'>Qid</span> 
     </span>
     <span class='ocr_line' id='line_1_16' title="bbox 350 1299 1699 1354; baseline -0.004 -13"><span class='ocrx_word' id='word_1_134' title='bbox 350 1302 458 1341; x_wconf 85' lang='lat' dir='ltr'>enim</span> <span class='ocrx_word' id='word_1_135' title='bbox 477 1315 588 1354; x_wconf 86' lang='lat' dir='ltr'>agam</span> <span class='ocrx_word' id='word_1_136' title='bbox 608 1301 767 1354; x_wconf 89' lang='lat' dir='ltr'>potius?</span> <span class='ocrx_word' id='word_1_137' title='bbox 789 1310 854 1339; x_wconf 92' lang='lat' dir='ltr'>aut</span> <span class='ocrx_word' id='word_1_138' title='bbox 874 1301 914 1339; x_wconf 90' lang='lat' dir='ltr'>in</span> <span class='ocrx_word' id='word_1_139' title='bbox 935 1315 1014 1354; x_wconf 92' lang='lat' dir='ltr'>quo</span> <span class='ocrx_word' id='word_1_140' title='bbox 1033 1301 1173 1339; x_wconf 78' lang='lat' dir='ltr'>melius</span> <span class='ocrx_word' id='word_1_141' title='bbox 1193 1299 1300 1339; x_wconf 89' lang='lat' dir='ltr'>hunc</span> <span class='ocrx_word' id='word_1_142' title='bbox 1320 1300 1545 1339; x_wconf 89' lang='lat' dir='ltr'>consumam</span> <span class='ocrx_word' id='word_1_143' title='bbox 1566 1300 1669 1337; x_wconf 92' lang='lat' dir='ltr'>diem</span> <span class='ocrx_word' id='word_1_144' title='bbox 1686 1300 1699 1336; x_wconf 90' lang='lat'>?</span> 
     </span>
    </p>

    <p class='ocr_par' dir='ltr' id='par_1_4' title="bbox 352 1366 1760 2542">
     <span class='ocr_line' id='line_1_17' title="bbox 392 1366 1755 1420; baseline -0.003 -13"><span class='ocrx_word' id='word_1_145' title='bbox 392 1369 610 1407; x_wconf 76' lang='lat' dir='ltr'><strong>MARCUS.</strong></span> <span class='ocrx_word' id='word_1_146' title='bbox 633 1367 743 1419; x_wconf 85' lang='lat' dir='ltr'>Qin</span> <span class='ocrx_word' id='word_1_147' title='bbox 758 1367 878 1420; x_wconf 89' lang='lat' dir='ltr'>igitur</span> <span class='ocrx_word' id='word_1_148' title='bbox 896 1368 949 1405; x_wconf 76' lang='lat' dir='ltr'>ad</span> <span class='ocrx_word' id='word_1_149' title='bbox 963 1367 1029 1405; x_wconf 90' lang='lat' dir='ltr'>illa</span> <span class='ocrx_word' id='word_1_150' title='bbox 1047 1367 1165 1420; x_wconf 88' lang='lat' dir='ltr'>spatia</span> <span class='ocrx_word' id='word_1_151' title='bbox 1182 1366 1318 1412; x_wconf 88' lang='lat' dir='ltr'>nostra,</span> <span class='ocrx_word' id='word_1_152' title='bbox 1336 1366 1515 1420; x_wconf 90' lang='lat' dir='ltr'>sedesque</span> <span class='ocrx_word' id='word_1_153' title='bbox 1533 1366 1755 1419; x_wconf 83' lang='lat' dir='ltr'>pergimus?</span> 
     </span>
     <span class='ocr_line' id='line_1_18' title="bbox 352 1431 1757 1486; baseline -0.003 -13"><span class='ocrx_word' id='word_1_154' title='bbox 352 1435 436 1480; x_wconf 80' lang='lat' dir='ltr'>ubi,</span> <span class='ocrx_word' id='word_1_155' title='bbox 466 1447 558 1473; x_wconf 91' lang='lat' dir='ltr'>cum</span> <span class='ocrx_word' id='word_1_156' title='bbox 590 1433 676 1472; x_wconf 88' lang='lat' dir='ltr'>satis</span> <span class='ocrx_word' id='word_1_157' title='bbox 706 1433 780 1471; x_wconf 88' lang='lat' dir='ltr'>erit</span> <span class='ocrx_word' id='word_1_158' title='bbox 810 1433 1117 1479; x_wconf 87' lang='lat' dir='ltr'>deambulatum,</span> <span class='ocrx_word' id='word_1_159' title='bbox 1149 1432 1446 1486; x_wconf 86' lang='lat' dir='ltr'>requiescemus.</span> <span class='ocrx_word' id='word_1_160' title='bbox 1478 1433 1565 1471; x_wconf 91' lang='lat' dir='ltr'>Nec</span> <span class='ocrx_word' id='word_1_161' title='bbox 1586 1431 1757 1486; x_wconf 64' lang='lat' dir='ltr'>profasto</span> 
     </span>
     <span class='ocr_line' id='line_1_19' title="bbox 352 1500 1754 1554; baseline -0.001 -16"><span class='ocrx_word' id='word_1_162' title='bbox 352 1500 466 1538; x_wconf 87' lang='lat' dir='ltr'>nobis</span> <span class='ocrx_word' id='word_1_163' title='bbox 492 1500 693 1539; x_wconf 59' lang='lat' dir='ltr'>delectatio</span> <span class='ocrx_word' id='word_1_164' title='bbox 721 1501 854 1546; x_wconf 89' lang='lat' dir='ltr'>deerit,</span> <span class='ocrx_word' id='word_1_165' title='bbox 877 1501 981 1539; x_wconf 84' lang='lat' dir='ltr'>aliud</span> <span class='ocrx_word' id='word_1_166' title='bbox 1015 1514 1062 1538; x_wconf 86' lang='lat' dir='ltr'>ex</span> <span class='ocrx_word' id='word_1_167' title='bbox 1093 1501 1168 1539; x_wconf 84' lang='lat' dir='ltr'>alio</span> <span class='ocrx_word' id='word_1_168' title='bbox 1202 1501 1476 1554; x_wconf 85' lang='lat' dir='ltr'>quaerentibus.</span> <span class='ocrx_word' id='word_1_169' title='bbox 1522 1502 1754 1551; x_wconf 71' lang='lat' dir='ltr'>ATT1cus.</span> 
     </span>
     <span class='ocr_line' id='line_1_20' title="bbox 354 1564 1754 1619; baseline 0 -16"><span class='ocrx_word' id='word_1_170' title='bbox 354 1565 443 1604; x_wconf 92' lang='lat' dir='ltr'>Nos</span> <span class='ocrx_word' id='word_1_171' title='bbox 463 1579 551 1603; x_wconf 88' lang='lat' dir='ltr'>vero</span> <span class='ocrx_word' id='word_1_172' title='bbox 563 1584 575 1610; x_wconf 64' lang='grc' dir='ltr'><strong><em>ς</em></strong></span> <span class='ocrx_word' id='word_1_173' title='bbox 607 1574 644 1603; x_wconf 93' lang='lat' dir='ltr'>et</span> <span class='ocrx_word' id='word_1_174' title='bbox 664 1564 735 1603; x_wconf 89' lang='lat' dir='ltr'>hac</span> <span class='ocrx_word' id='word_1_175' title='bbox 755 1566 915 1617; x_wconf 89' lang='lat' dir='ltr'>quidem</span> <span class='ocrx_word' id='word_1_176' title='bbox 936 1565 1051 1610; x_wconf 83' lang='lat' dir='ltr'>adire,</span> <span class='ocrx_word' id='word_1_177' title='bbox 1069 1566 1094 1604; x_wconf 90' lang='lat' dir='ltr'>fi</span> <span class='ocrx_word' id='word_1_178' title='bbox 1115 1567 1254 1619; x_wconf 88' lang='lat' dir='ltr'>placet,</span> <span class='ocrx_word' id='word_1_179' title='bbox 1272 1579 1337 1618; x_wconf 92' lang='lat' dir='ltr'>per</span> <span class='ocrx_word' id='word_1_180' title='bbox 1357 1566 1480 1618; x_wconf 87' lang='lat' dir='ltr'>ripam</span> <span class='ocrx_word' id='word_1_181' title='bbox 1501 1574 1539 1602; x_wconf 93' lang='lat' dir='ltr'>et</span> <span class='ocrx_word' id='word_1_182' title='bbox 1560 1565 1754 1603; x_wconf 86' lang='lat' dir='ltr'>umbram.</span> 
     </span>
     <span class='ocr_line' id='line_1_21' title="bbox 356 1629 1754 1683; baseline -0.001 -14"><span class='ocrx_word' id='word_1_183' title='bbox 356 1631 431 1669; x_wconf 89' lang='lat' dir='ltr'>Sed</span> <span class='ocrx_word' id='word_1_184' title='bbox 454 1632 537 1683; x_wconf 87' lang='lat' dir='ltr'>jam</span> <span class='ocrx_word' id='word_1_185' title='bbox 567 1631 692 1669; x_wconf 84' lang='lat' dir='ltr'>ordire</span> <span class='ocrx_word' id='word_1_186' title='bbox 721 1631 912 1683; x_wconf 87' lang='lat' dir='ltr'>explicare</span> <span class='ocrx_word' id='word_1_187' title='bbox 927 1648 940 1675; x_wconf 70' lang='grc' dir='ltr'><strong><em>ς</em></strong></span> <span class='ocrx_word' id='word_1_188' title='bbox 972 1631 1110 1683; x_wconf 87' lang='lat' dir='ltr'>quaeso,</span> <span class='ocrx_word' id='word_1_189' title='bbox 1142 1631 1189 1668; x_wconf 89' lang='lat' dir='ltr'>de</span> <span class='ocrx_word' id='word_1_190' title='bbox 1217 1632 1303 1681; x_wconf 91' lang='lat' dir='ltr'>jure</span> <span class='ocrx_word' id='word_1_191' title='bbox 1333 1630 1440 1668; x_wconf 89' lang='lat' dir='ltr'>civili</span> <span class='ocrx_word' id='word_1_192' title='bbox 1473 1630 1579 1682; x_wconf 91' lang='lat' dir='ltr'>quod</span> <span class='ocrx_word' id='word_1_193' title='bbox 1605 1629 1754 1668; x_wconf 86' lang='lat' dir='ltr'>sentias.</span> 
     </span>
     <span class='ocr_line' id='line_1_22' title="bbox 355 1695 1758 1749; baseline -0.002 -13"><span class='ocrx_word' id='word_1_194' title='bbox 355 1698 572 1736; x_wconf 78' lang='lat' dir='ltr'>MARCUS.</span> <span class='ocrx_word' id='word_1_195' title='bbox 605 1698 741 1749; x_wconf 88' lang='lat' dir='ltr'>Egone</span> <span class='ocrx_word' id='word_1_196' title='bbox 757 1697 769 1733; x_wconf 93' lang='lat'>?</span> <span class='ocrx_word' id='word_1_197' title='bbox 798 1696 969 1735; x_wconf 88' lang='lat' dir='ltr'>summos</span> <span class='ocrx_word' id='word_1_198' title='bbox 988 1695 1098 1735; x_wconf 88' lang='lat' dir='ltr'>fuiffe</span> <span class='ocrx_word' id='word_1_199' title='bbox 1117 1696 1157 1734; x_wconf 91' lang='lat' dir='ltr'>in</span> <span class='ocrx_word' id='word_1_200' title='bbox 1178 1696 1332 1734; x_wconf 89' lang='lat' dir='ltr'>civitate</span> <span class='ocrx_word' id='word_1_201' title='bbox 1351 1696 1475 1735; x_wconf 89' lang='lat' dir='ltr'>nostra</span> <span class='ocrx_word' id='word_1_202' title='bbox 1493 1697 1608 1741; x_wconf 87' lang='lat' dir='ltr'>viros,</span> <span class='ocrx_word' id='word_1_203' title='bbox 1629 1696 1698 1748; x_wconf 90' lang='lat' dir='ltr'>qui</span> <span class='ocrx_word' id='word_1_204' title='bbox 1717 1695 1758 1733; x_wconf 90' lang='lat' dir='ltr'>id</span> 
     </span>
     <span class='ocr_line' id='line_1_23' title="bbox 354 1761 1758 1816; baseline -0.001 -15"><span class='ocrx_word' id='word_1_205' title='bbox 354 1762 592 1816; x_wconf 76' lang='lat' dir='ltr'>interpretari</span> <span class='ocrx_word' id='word_1_206' title='bbox 626 1762 786 1815; x_wconf 90' lang='lat' dir='ltr'>populo,</span> <span class='ocrx_word' id='word_1_207' title='bbox 817 1771 855 1800; x_wconf 92' lang='lat' dir='ltr'>et</span> <span class='ocrx_word' id='word_1_208' title='bbox 888 1762 1130 1815; x_wconf 87' lang='lat' dir='ltr'>responfitare</span> <span class='ocrx_word' id='word_1_209' title='bbox 1164 1762 1265 1800; x_wconf 89' lang='lat' dir='ltr'>soliti</span> <span class='ocrx_word' id='word_1_210' title='bbox 1299 1762 1370 1800; x_wconf 88' lang='lat' dir='ltr'>fint</span> <span class='ocrx_word' id='word_1_211' title='bbox 1386 1780 1397 1807; x_wconf 77' lang='lat'>3</span> <span class='ocrx_word' id='word_1_212' title='bbox 1430 1761 1490 1799; x_wconf 90' lang='lat' dir='ltr'>sed</span> <span class='ocrx_word' id='word_1_213' title='bbox 1525 1775 1588 1800; x_wconf 90' lang='lat' dir='ltr'>eos</span> <span class='ocrx_word' id='word_1_214' title='bbox 1619 1774 1758 1814; x_wconf 87' lang='lat' dir='ltr'>magna</span> 
     </span>
     <span class='ocr_line' id='line_1_24' title="bbox 354 1827 1756 1882; baseline -0.002 -15"><span class='ocrx_word' id='word_1_215' title='bbox 354 1827 551 1882; x_wconf 81' lang='lat' dir='ltr'>profeffOS,</span> <span class='ocrx_word' id='word_1_216' title='bbox 582 1829 623 1866; x_wconf 89' lang='lat' dir='ltr'>in</span> <span class='ocrx_word' id='word_1_217' title='bbox 643 1828 766 1881; x_wconf 84' lang='lat' dir='ltr'>parvis</span> <span class='ocrx_word' id='word_1_218' title='bbox 786 1827 858 1866; x_wconf 85' lang='lat' dir='ltr'>effe</span> <span class='ocrx_word' id='word_1_219' title='bbox 877 1827 1053 1866; x_wconf 89' lang='lat' dir='ltr'>versatos.</span> <span class='ocrx_word' id='word_1_220' title='bbox 1104 1827 1214 1878; x_wconf 82' lang='lat' dir='ltr'>Qid</span> <span class='ocrx_word' id='word_1_221' title='bbox 1233 1828 1339 1865; x_wconf 87' lang='lat' dir='ltr'>enim</span> <span class='ocrx_word' id='word_1_222' title='bbox 1359 1827 1411 1865; x_wconf 89' lang='lat' dir='ltr'>est</span> <span class='ocrx_word' id='word_1_223' title='bbox 1431 1837 1599 1872; x_wconf 87' lang='lat' dir='ltr'>tantum,</span> <span class='ocrx_word' id='word_1_224' title='bbox 1631 1841 1756 1879; x_wconf 90' lang='lat' dir='ltr'>quan-</span> 
     </span>
     <span class='ocr_line' id='line_1_25' title="bbox 354 1892 1757 1947; baseline -0.002 -14"><span class='ocrx_word' id='word_1_225' title='bbox 354 1905 442 1933; x_wconf 84' lang='lat' dir='ltr'>tum</span> <span class='ocrx_word' id='word_1_226' title='bbox 457 1897 522 1947; x_wconf 88' lang='lat' dir='ltr'>jus</span> <span class='ocrx_word' id='word_1_227' title='bbox 544 1894 738 1932; x_wconf 86' lang='lat' dir='ltr'>civitatis?</span> <span class='ocrx_word' id='word_1_228' title='bbox 769 1893 865 1945; x_wconf 91' lang='lat' dir='ltr'>quid</span> <span class='ocrx_word' id='word_1_229' title='bbox 894 1902 1025 1931; x_wconf 89' lang='lat' dir='ltr'>autem</span> <span class='ocrx_word' id='word_1_230' title='bbox 1044 1902 1124 1931; x_wconf 88' lang='lat' dir='ltr'>tam</span> <span class='ocrx_word' id='word_1_231' title='bbox 1151 1893 1352 1945; x_wconf 85' lang='lat' dir='ltr'>exiguum,</span> <span class='ocrx_word' id='word_1_232' title='bbox 1383 1906 1500 1944; x_wconf 89' lang='lat' dir='ltr'>quam</span> <span class='ocrx_word' id='word_1_233' title='bbox 1531 1892 1583 1930; x_wconf 90' lang='lat' dir='ltr'>est</span> <span class='ocrx_word' id='word_1_234' title='bbox 1614 1905 1757 1930; x_wconf 88' lang='lat' dir='ltr'>munus</span> 
     </span>
     <span class='ocr_line' id='line_1_26' title="bbox 354 1956 1756 2012; baseline -0.003 -13"><span class='ocrx_word' id='word_1_235' title='bbox 354 1960 430 1999; x_wconf 92' lang='lat' dir='ltr'>hoc</span> <span class='ocrx_word' id='word_1_236' title='bbox 451 1973 600 2004; x_wconf 88' lang='lat' dir='ltr'>eorum,</span> <span class='ocrx_word' id='word_1_237' title='bbox 615 1959 684 2012; x_wconf 92' lang='lat' dir='ltr'>qui</span> <span class='ocrx_word' id='word_1_238' title='bbox 704 1958 982 2004; x_wconf 66' lang='lat' dir='ltr'>consuluntur,</span> <span class='ocrx_word' id='word_1_239' title='bbox 1005 1971 1227 2011; x_wconf 87' lang='lat' dir='ltr'>quanquam</span> <span class='ocrx_word' id='word_1_240' title='bbox 1242 1958 1296 1996; x_wconf 92' lang='lat' dir='ltr'>est</span> <span class='ocrx_word' id='word_1_241' title='bbox 1311 1958 1457 2011; x_wconf 92' lang='lat' dir='ltr'>populo</span> <span class='ocrx_word' id='word_1_242' title='bbox 1478 1956 1724 1995; x_wconf 71' lang='lat' dir='ltr'>necessarium</span> <span class='ocrx_word' id='word_1_243' title='bbox 1742 1958 1756 1995; x_wconf 85' lang='lat'>?</span> 
     </span>
     <span class='ocr_line' id='line_1_27' title="bbox 353 2023 1758 2079; baseline -0.003 -14"><span class='ocrx_word' id='word_1_244' title='bbox 353 2027 442 2065; x_wconf 91' lang='lat' dir='ltr'>Nec</span> <span class='ocrx_word' id='word_1_245' title='bbox 459 2040 547 2065; x_wconf 88' lang='lat' dir='ltr'>vero</span> <span class='ocrx_word' id='word_1_246' title='bbox 577 2039 654 2071; x_wconf 88' lang='lat' dir='ltr'>eos,</span> <span class='ocrx_word' id='word_1_247' title='bbox 684 2026 752 2079; x_wconf 94' lang='lat' dir='ltr'>qui</span> <span class='ocrx_word' id='word_1_248' title='bbox 771 2025 806 2063; x_wconf 91' lang='lat' dir='ltr'>ei</span> <span class='ocrx_word' id='word_1_249' title='bbox 837 2025 990 2064; x_wconf 89' lang='lat' dir='ltr'>muneri</span> <span class='ocrx_word' id='word_1_250' title='bbox 1010 2023 1257 2078; x_wconf 69' lang='lat' dir='ltr'>praefuerunt,</span> <span class='ocrx_word' id='word_1_251' title='bbox 1289 2024 1450 2062; x_wconf 80' lang='lat' dir='ltr'>univerfi</span> <span class='ocrx_word' id='word_1_252' title='bbox 1466 2025 1564 2076; x_wconf 89' lang='lat' dir='ltr'>juris</span> <span class='ocrx_word' id='word_1_253' title='bbox 1586 2033 1758 2077; x_wconf 83' lang='lat' dir='ltr'>expertes</span> 
     </span>
     <span class='ocr_line' id='line_1_28' title="bbox 356 2090 1758 2143; baseline -0.003 -12"><span class='ocrx_word' id='word_1_254' title='bbox 356 2091 465 2131; x_wconf 88' lang='lat' dir='ltr'>fuiffe</span> <span class='ocrx_word' id='word_1_255' title='bbox 481 2093 683 2138; x_wconf 82' lang='lat' dir='ltr'>existimo;</span> <span class='ocrx_word' id='word_1_256' title='bbox 715 2092 777 2130; x_wconf 90' lang='lat' dir='ltr'>sed</span> <span class='ocrx_word' id='word_1_257' title='bbox 796 2090 886 2137; x_wconf 91' lang='lat' dir='ltr'>hoc,</span> <span class='ocrx_word' id='word_1_258' title='bbox 919 2091 1036 2129; x_wconf 84' lang='lat' dir='ltr'>civile</span> <span class='ocrx_word' id='word_1_259' title='bbox 1064 2091 1168 2143; x_wconf 91' lang='lat' dir='ltr'>quod</span> <span class='ocrx_word' id='word_1_260' title='bbox 1203 2099 1354 2135; x_wconf 88' lang='lat' dir='ltr'>vocant,</span> <span class='ocrx_word' id='word_1_261' title='bbox 1390 2100 1542 2128; x_wconf 85' lang='lat' dir='ltr'>eatenus</span> <span class='ocrx_word' id='word_1_262' title='bbox 1576 2103 1758 2128; x_wconf 84' lang='lat' dir='ltr'>exercue-</span> 
     </span>
     <span class='ocr_line' id='line_1_29' title="bbox 357 2156 1759 2211; baseline -0.003 -14"><span class='ocrx_word' id='word_1_263' title='bbox 357 2167 460 2204; x_wconf 90' lang='lat' dir='ltr'>runt,</span> <span class='ocrx_word' id='word_1_264' title='bbox 482 2159 609 2211; x_wconf 91' lang='lat' dir='ltr'>quoad</span> <span class='ocrx_word' id='word_1_265' title='bbox 626 2158 818 2211; x_wconf 90' lang='lat' dir='ltr'>populum</span> <span class='ocrx_word' id='word_1_266' title='bbox 834 2157 1005 2210; x_wconf 86' lang='lat' dir='ltr'>praestare</span> <span class='ocrx_word' id='word_1_267' title='bbox 1024 2157 1242 2195; x_wconf 89' lang='lat' dir='ltr'>voluerunt.</span> <span class='ocrx_word' id='word_1_268' title='bbox 1289 2156 1333 2194; x_wconf 93' lang='lat' dir='ltr'>Id</span> <span class='ocrx_word' id='word_1_269' title='bbox 1354 2165 1483 2194; x_wconf 89' lang='lat' dir='ltr'>autern</span> <span class='ocrx_word' id='word_1_270' title='bbox 1513 2157 1759 2208; x_wconf 89' lang='lat' dir='ltr'>incognitum</span> 
     </span>
     <span class='ocr_line' id='line_1_30' title="bbox 357 2223 1757 2278; baseline -0.003 -14"><span class='ocrx_word' id='word_1_271' title='bbox 357 2226 424 2271; x_wconf 89' lang='lat' dir='ltr'>est,</span> <span class='ocrx_word' id='word_1_272' title='bbox 456 2225 661 2278; x_wconf 89' lang='lat' dir='ltr'>minusque</span> <span class='ocrx_word' id='word_1_273' title='bbox 681 2225 722 2262; x_wconf 89' lang='lat' dir='ltr'>in</span> <span class='ocrx_word' id='word_1_274' title='bbox 742 2224 811 2262; x_wconf 89' lang='lat' dir='ltr'>usu</span> <span class='ocrx_word' id='word_1_275' title='bbox 831 2223 1092 2262; x_wconf 73' lang='lat' dir='ltr'>necessarium.</span> <span class='ocrx_word' id='word_1_276' title='bbox 1137 2223 1404 2275; x_wconf 86' lang='lat' dir='ltr'>Qamobrem</span> <span class='ocrx_word' id='word_1_277' title='bbox 1425 2236 1503 2275; x_wconf 90' lang='lat' dir='ltr'>quo</span> <span class='ocrx_word' id='word_1_278' title='bbox 1521 2235 1583 2260; x_wconf 90' lang='lat' dir='ltr'>me</span> <span class='ocrx_word' id='word_1_279' title='bbox 1614 2235 1723 2260; x_wconf 91' lang='lat' dir='ltr'>vocas</span> <span class='ocrx_word' id='word_1_280' title='bbox 1743 2223 1757 2259; x_wconf 89' lang='lat'>?</span> 
     </span>
     <span class='ocr_line' id='line_1_31' title="bbox 356 2287 1760 2344; baseline -0.004 -14"><span class='ocrx_word' id='word_1_281' title='bbox 356 2301 422 2330; x_wconf 86' lang='lat' dir='ltr'>aut</span> <span class='ocrx_word' id='word_1_282' title='bbox 441 2291 536 2344; x_wconf 90' lang='lat' dir='ltr'>quid</span> <span class='ocrx_word' id='word_1_283' title='bbox 556 2290 719 2329; x_wconf 87' lang='lat' dir='ltr'>hortaris</span> <span class='ocrx_word' id='word_1_284' title='bbox 739 2289 752 2327; x_wconf 91' lang='lat'>?</span> <span class='ocrx_word' id='word_1_285' title='bbox 784 2299 827 2327; x_wconf 93' lang='lat' dir='ltr'>ut</span> <span class='ocrx_word' id='word_1_286' title='bbox 856 2289 1007 2327; x_wconf 90' lang='lat' dir='ltr'>libellos</span> <span class='ocrx_word' id='word_1_287' title='bbox 1028 2287 1233 2327; x_wconf 89' lang='lat' dir='ltr'>conficiam</span> <span class='ocrx_word' id='word_1_288' title='bbox 1264 2289 1310 2326; x_wconf 92' lang='lat' dir='ltr'>de</span> <span class='ocrx_word' id='word_1_289' title='bbox 1336 2288 1622 2326; x_wconf 87' lang='lat' dir='ltr'>stillicidiorum</span> <span class='ocrx_word' id='word_1_290' title='bbox 1642 2301 1685 2325; x_wconf 92' lang='lat' dir='ltr'>ac</span> <span class='ocrx_word' id='word_1_291' title='bbox 1713 2287 1760 2325; x_wconf 91' lang='lat' dir='ltr'>de</span> 
     </span>
     <span class='ocr_line' id='line_1_32' title="bbox 359 2353 1758 2410; baseline -0.003 -15"><span class='ocrx_word' id='word_1_292' title='bbox 359 2359 547 2410; x_wconf 86' lang='lat' dir='ltr'>parietum</span> <span class='ocrx_word' id='word_1_293' title='bbox 573 2358 690 2410; x_wconf 88' lang='lat' dir='ltr'>jure?</span> <span class='ocrx_word' id='word_1_294' title='bbox 732 2366 798 2395; x_wconf 89' lang='lat' dir='ltr'>aut</span> <span class='ocrx_word' id='word_1_295' title='bbox 829 2365 872 2394; x_wconf 94' lang='lat' dir='ltr'>ut</span> <span class='ocrx_word' id='word_1_296' title='bbox 903 2356 1208 2409; x_wconf 89' lang='lat' dir='ltr'>stipulationum,</span> <span class='ocrx_word' id='word_1_297' title='bbox 1241 2366 1278 2394; x_wconf 91' lang='lat' dir='ltr'>et</span> <span class='ocrx_word' id='word_1_298' title='bbox 1304 2355 1543 2408; x_wconf 88' lang='lat' dir='ltr'>judiciorum</span> <span class='ocrx_word' id='word_1_299' title='bbox 1573 2353 1758 2392; x_wconf 86' lang='lat' dir='ltr'>formulas</span> 
     </span>
     <span class='ocr_line' id='line_1_33' title="bbox 360 2418 1760 2476; baseline -0.002 -16"><span class='ocrx_word' id='word_1_300' title='bbox 360 2434 592 2476; x_wconf 84' lang='lat' dir='ltr'>componam</span> <span class='ocrx_word' id='word_1_301' title='bbox 611 2424 624 2461; x_wconf 87' lang='lat'>?</span> <span class='ocrx_word' id='word_1_302' title='bbox 656 2437 740 2476; x_wconf 85' lang='lat' dir='ltr'>quae</span> <span class='ocrx_word' id='word_1_303' title='bbox 760 2432 798 2460; x_wconf 88' lang='lat' dir='ltr'>et</span> <span class='ocrx_word' id='word_1_304' title='bbox 817 2422 1030 2475; x_wconf 89' lang='lat' dir='ltr'>conscripta</span> <span class='ocrx_word' id='word_1_305' title='bbox 1050 2421 1136 2460; x_wconf 91' lang='lat' dir='ltr'>sunt</span> <span class='ocrx_word' id='word_1_306' title='bbox 1156 2435 1176 2459; x_wconf 88' lang='lat' dir='ltr'>a</span> <span class='ocrx_word' id='word_1_307' title='bbox 1196 2421 1331 2459; x_wconf 91' lang='lat' dir='ltr'>multis</span> <span class='ocrx_word' id='word_1_308' title='bbox 1359 2418 1576 2473; x_wconf 87' lang='lat' dir='ltr'>diligenter,</span> <span class='ocrx_word' id='word_1_309' title='bbox 1608 2430 1645 2458; x_wconf 87' lang='lat' dir='ltr'>et</span> <span class='ocrx_word' id='word_1_310' title='bbox 1672 2420 1760 2457; x_wconf 88' lang='lat' dir='ltr'>sunt</span> 
     </span>
     <span class='ocr_line' id='line_1_34' title="bbox 361 2487 1421 2542; baseline -0.001 -16"><span class='ocrx_word' id='word_1_311' title='bbox 361 2487 581 2535; x_wconf 90' lang='lat' dir='ltr'>humiliora,</span> <span class='ocrx_word' id='word_1_312' title='bbox 600 2503 717 2542; x_wconf 87' lang='lat' dir='ltr'>quam</span> <span class='ocrx_word' id='word_1_313' title='bbox 738 2490 816 2535; x_wconf 86' lang='lat' dir='ltr'>illa,</span> <span class='ocrx_word' id='word_1_314' title='bbox 836 2503 920 2542; x_wconf 88' lang='lat' dir='ltr'>quae</span> <span class='ocrx_word' id='word_1_315' title='bbox 941 2503 962 2526; x_wconf 91' lang='lat' dir='ltr'>a</span> <span class='ocrx_word' id='word_1_316' title='bbox 981 2489 1088 2527; x_wconf 80' lang='lat' dir='ltr'>vobis</span> <span class='ocrx_word' id='word_1_317' title='bbox 1109 2489 1296 2541; x_wconf 53' lang='lat' dir='ltr'>expectari</span> <span class='ocrx_word' id='word_1_318' title='bbox 1312 2497 1421 2541; x_wconf 93' lang='lat' dir='ltr'>puto.</span> 
     </span>
    </p>

    <p class='ocr_par' dir='ltr' id='par_1_5' title="bbox 363 2551 1760 2675">
     <span class='ocr_line' id='line_1_35' title="bbox 416 2551 1758 2608; baseline -0.003 -16"><span class='ocrx_word' id='word_1_319' title='bbox 416 2554 468 2592; x_wconf 92' lang='lat' dir='ltr'>V.</span> <span class='ocrx_word' id='word_1_320' title='bbox 487 2555 717 2594; x_wconf 77' lang='lat' dir='ltr'>A‘r‘rlcus.</span> <span class='ocrx_word' id='word_1_321' title='bbox 737 2556 875 2608; x_wconf 89' lang='lat' dir='ltr'>Atqui,</span> <span class='ocrx_word' id='word_1_322' title='bbox 892 2556 917 2594; x_wconf 85' lang='lat' dir='ltr'>fi</span> <span class='ocrx_word' id='word_1_323' title='bbox 934 2569 1093 2608; x_wconf 84' lang='lat' dir='ltr'>quaeres,</span> <span class='ocrx_word' id='word_1_324' title='bbox 1111 2569 1181 2608; x_wconf 86' lang='lat' dir='ltr'>ego</span> <span class='ocrx_word' id='word_1_325' title='bbox 1203 2555 1298 2607; x_wconf 89' lang='lat' dir='ltr'>quid</span> <span class='ocrx_word' id='word_1_326' title='bbox 1315 2555 1512 2607; x_wconf 62' lang='lat' dir='ltr'>expectem</span> <span class='ocrx_word' id='word_1_327' title='bbox 1528 2571 1540 2597; x_wconf 61' lang='grc' dir='ltr'>ς</span> <span class='ocrx_word' id='word_1_328' title='bbox 1573 2551 1758 2605; x_wconf 88' lang='lat' dir='ltr'>quoniam</span> 
     </span>
     <span class='ocr_line' id='line_1_36' title="bbox 363 2616 1760 2675; baseline -0.001 -17"><span class='ocrx_word' id='word_1_329' title='bbox 363 2620 550 2674; x_wconf 86' lang='lat' dir='ltr'>scriptum</span> <span class='ocrx_word' id='word_1_330' title='bbox 578 2620 630 2660; x_wconf 89' lang='lat' dir='ltr'>est</span> <span class='ocrx_word' id='word_1_331' title='bbox 663 2634 683 2659; x_wconf 88' lang='lat' dir='ltr'>a</span> <span class='ocrx_word' id='word_1_332' title='bbox 711 2630 749 2660; x_wconf 84' lang='lat' dir='ltr'>te</span> <span class='ocrx_word' id='word_1_333' title='bbox 782 2621 829 2659; x_wconf 90' lang='lat' dir='ltr'>de</span> <span class='ocrx_word' id='word_1_334' title='bbox 854 2623 1004 2675; x_wconf 89' lang='lat' dir='ltr'>optimo</span> <span class='ocrx_word' id='word_1_335' title='bbox 1031 2621 1252 2675; x_wconf 85' lang='lat' dir='ltr'>reipublicae</span> <span class='ocrx_word' id='word_1_336' title='bbox 1286 2620 1395 2665; x_wconf 88' lang='lat' dir='ltr'>statu,</span> <span class='ocrx_word' id='word_1_337' title='bbox 1424 2618 1658 2672; x_wconf 85' lang='lat' dir='ltr'>consequens</span> <span class='ocrx_word' id='word_1_338' title='bbox 1688 2616 1760 2656; x_wconf 79' lang='lat' dir='ltr'>effe</span> 
     </span>
    </p>
   </div>
  </div>
 </body>
</html>
