2223 3003
451 347 531 397 246
844 340 952 380 DE
1030 339 1458 380 OFFICIIS

443 445 657 499 jucundius
678 442 731 481 est
746 460 758 487 ς
790 450 917 481 tamen
938 440 1020 480 haec
1040 441 1082 480 in
1102 442 1294 495 posterum
1314 442 1491 496 gratiora.
1528 439 1712 488 Theatra,
1732 443 1858 497 porti-

449 525 531 556 cus,
554 524 650 549 nova
670 508 815 562 templa
841 509 1095 547 verecundius
1126 508 1374 563 reprehendo,
1406 518 1560 563 propter
1591 510 1855 563 Pompeium:

449 577 512 616 sed
531 576 737 615 doetiffimi
758 589 836 614 non
855 576 1035 629 probant,
1066 586 1111 614 ut
1132 586 1171 615 et
1190 575 1256 615 hic
1277 576 1355 630 ipse
1375 577 1578 621 Panaetius,
1610 589 1729 630 quem
1749 577 1857 615 mul-

447 652 534 681 tum
555 643 595 681 in
629 642 690 681 his
710 643 820 681 libris
841 642 991 680 secutus
1012 642 1112 686 sum,
1141 657 1217 681 non
1250 644 1548 696 interpretatus;
1579 653 1618 681 et
1649 642 1856 682 Phalereus

448 710 687 754 Demetrius,
720 710 789 762 qui
822 709 1027 754 Periclem,
1058 709 1275 763 principem
1307 710 1480 755 Graeciae,
1512 711 1716 762 vituperat,
1752 708 1859 761 quod

446 785 594 814 tantam
613 776 820 830 pecuniam
840 776 881 814 in
897 776 1074 829 praeclara
1093 775 1159 813 illa
1178 776 1369 828 propylaea
1389 776 1610 827 conjecerit.
1632 775 1702 812 Sed
1719 775 1765 812 de
1780 773 1856 812 hoc

446 856 584 895 genere
606 853 702 888 toto,
724 843 764 880 in
785 843 832 880 iis
852 841 976 886 libris,
1007 853 1106 893 quos
1127 841 1173 878 de
1193 841 1392 894 republica
1411 842 1553 895 scripsi,
1574 841 1786 894 deligenter
1805 840 1859 878 est

446 910 699 965 disputatum.
727 911 833 947 Tota
851 908 972 960 igitur
991 907 1087 945 ratio
1106 906 1243 946 talium
1265 907 1531 961 largitionum,
1552 921 1704 962 genere,
1725 906 1859 946 vitiosa

446 978 498 1016 est
511 996 522 1023 3
556 976 810 1030 temporibus,
834 973 1057 1018 necessaria,
1088 982 1128 1012 et
1147 982 1232 1012 tum
1255 974 1333 1027 ipsa
1351 983 1389 1014 et
1412 975 1458 1013 ad
1477 973 1678 1014 facultates
1698 987 1855 1013 accom-

444 1045 650 1090 modanda,
671 1052 709 1082 et
729 1042 996 1082 mediocritate
1014 1041 1246 1080 moderanda
1265 1041 1330 1081 est.

501 1113 656 1152 XVIII.
689 1112 735 1150 In
756 1110 826 1148 illo
845 1117 976 1147 autem
995 1108 1113 1147 altero
1132 1121 1270 1162 genere
1296 1108 1497 1162 largiendi,
1520 1108 1627 1161 quod
1646 1121 1667 1146 a
1686 1106 1856 1146 liberali-

445 1189 522 1218 tate
543 1177 812 1233 proficiscitur,
846 1189 925 1215 non
945 1187 1024 1214 uno
1044 1175 1163 1214 modo
1187 1175 1228 1214 in
1248 1175 1461 1229 disparibus
1482 1174 1600 1214 causis
1631 1173 1759 1214 affeeti
1784 1173 1857 1213 effe

445 1246 648 1284 debemus.

499 1311 591 1351 Alia
609 1309 719 1349 causa
737 1309 790 1347 est
809 1309 904 1361 ejus,
933 1307 1002 1361 qui
1021 1306 1238 1345 calamitate
1268 1307 1470 1360 premitur,
1502 1315 1540 1345 et
1570 1308 1665 1359 ejus,
1698 1307 1767 1360 qui
1798 1321 1855 1346 res

444 1379 624 1419 meliores
644 1375 796 1430 quaerit,
819 1375 936 1413 nullis
957 1374 1032 1412 suis
1053 1374 1166 1412 rebus
1187 1374 1360 1412 adverfis.
1394 1374 1619 1427 Propenfior
1639 1374 1855 1428 benignitas

444 1446 515 1484 esse
536 1445 693 1484 debebit
711 1443 752 1481 in
772 1440 1028 1485 calamitosos,
1059 1440 1129 1478 nisi
1149 1439 1249 1478 forte
1269 1449 1383 1478 erunt
1401 1440 1512 1493 digni
1531 1440 1762 1479 calamitate.
1809 1443 1856 1480 In

444 1512 491 1550 iis
512 1521 656 1555 tamen,
690 1509 758 1562 qui
790 1507 826 1546 se
846 1506 1014 1560 adjuvari
1034 1507 1179 1551 volent,
1213 1520 1291 1544 non
1323 1515 1366 1544 ut
1387 1519 1434 1543 ne
1464 1505 1698 1559 affligantur,
1729 1505 1792 1545 sed
1813 1515 1856 1545 ut

444 1578 621 1616 altiorem
634 1576 799 1630 gradum
820 1573 1036 1618 ascendant,
1058 1573 1219 1611 restricti
1238 1572 1403 1611 omnino
1425 1572 1495 1611 esse
1517 1573 1627 1612 nullo
1647 1573 1766 1612 modo
1785 1573 1855 1612 de-

444 1645 582 1683 bemus
599 1661 610 1689 ;
643 1643 705 1681 sed
725 1643 765 1680 in
789 1640 1003 1693 deligendis
1023 1639 1171 1678 idoneis
1197 1639 1395 1692 judicium
1422 1648 1460 1677 et
1479 1639 1723 1693 diligentiam
1741 1639 1855 1679 adhi-

445 1711 545 1749 bere.
579 1710 686 1749 Nam
707 1707 884 1762 praeclare
904 1706 1057 1745 Ehnius
1070 1725 1083 1752 ς

582 1775 781 1829 Bencfiffla
798 1774 889 1813 male
906 1774 1037 1819 locata,
1067 1773 1260 1826 malefae'la
1276 1772 1456 1812 arbitror.

443 1842 563 1894 Qod
582 1850 711 1878 autem
733 1840 926 1878 tributum
946 1839 1000 1877 est
1019 1839 1124 1877 bono
1154 1839 1237 1877 viro
1255 1848 1294 1877 et
1313 1848 1436 1891 grato,
1467 1838 1508 1877 in
1530 1851 1576 1877 eo
1594 1850 1687 1876 cum
1707 1850 1754 1876 ex
1775 1837 1857 1891 ipso

443 1907 589 1945 fruftus
609 1905 674 1948 est,
697 1914 781 1942 tum
802 1903 919 1940 etiam
939 1915 987 1940 ex
1007 1904 1165 1941 caeteris.
1197 1903 1437 1941 Temeritate
1457 1904 1562 1940 enim
1584 1912 1745 1947 remota,
1765 1916 1855 1954 gra-

443 1973 584 2012 tissima
598 1971 651 2009 est
667 1969 896 2014 liberalitas;
918 1981 1041 2022 eoque
1061 1982 1146 2006 eam
1164 1968 1363 2007 studiosius
1385 1968 1558 2022 plerique
1578 1968 1734 2006 laudant
1749 1969 1855 2020 quod

443 2039 585 2079 summi
606 2036 792 2090 cujusque
812 2036 962 2074 bonitas
983 2049 1193 2075 commune
1213 2034 1436 2089 perfugium
1452 2035 1505 2073 est
1524 2035 1721 2074 omnium.
1743 2035 1854 2074 Dan-

442 2107 490 2146 da
509 2106 628 2159 igitur
647 2116 761 2158 opera
780 2102 847 2148 est,
881 2111 924 2140 ut
944 2101 1015 2141 hos
1036 2102 1234 2141 beneficiis
1263 2115 1382 2155 quam
1413 2102 1592 2155 plurimis
1624 2101 1852 2147 afficiamus,

442 2185 612 2225 quorum
634 2169 822 2209 memoria
841 2168 969 2207 liberis
990 2168 1223 2221 posterisque
1243 2168 1439 2222 prodatur,
1476 2178 1518 2206 ut
1540 2168 1584 2206 iis
1607 2168 1763 2221 ingratis
1782 2167 1855 2206 effe

443 2253 520 2277 non
541 2239 666 2276 liceat.
711 2237 862 2275 Omnes
893 2235 1000 2273 enim
1022 2235 1297 2274 immemorem
1325 2234 1503 2274 beneficii
1524 2235 1716 2278 oderunt3
1746 2247 1854 2272 eam-

442 2319 517 2358 que
538 2303 719 2357 injuriam
742 2304 780 2341 in
801 2302 1023 2341 deterrenda
1042 2302 1269 2340 liberalitate
1290 2302 1358 2340 fibi
1386 2302 1503 2340 etiam
1524 2301 1635 2346 fieri,
1666 2313 1852 2353 eumque,

442 2371 511 2425 qui
533 2370 662 2415 faciat,
683 2383 938 2408 communem
960 2368 1108 2408 hostem
1130 2369 1353 2407 tenuiorum
1375 2378 1525 2421 putant.

497 2440 628 2490 Atque
649 2435 729 2475 haec
751 2437 965 2489 benignitas
987 2427 1103 2475 etiam
1125 2435 1344 2489 reipublicae
1365 2435 1470 2473 utilis
1486 2435 1552 2479 est,
1572 2434 1709 2473 redimi
1731 2447 1750 2472 e
1775 2433 1851 2472 ser-

440 2505 565 2542 vitute
584 2513 729 2556 captos,
753 2503 978 2556 locupletari
999 2503 1215 2541 tenuiores:
1249 2501 1351 2555 quod
1373 2501 1532 2554 quidem
1554 2501 1672 2554 vulgo
1693 2501 1851 2540 solitum

442 2570 523 2609 fieri
544 2569 591 2608 ab
611 2570 742 2608 ordine
760 2569 885 2608 nostro
907 2570 944 2607 in
965 2570 1135 2608 oratione
1151 2568 1267 2608 Crasti
1284 2568 1468 2622 scriptum
1490 2568 1641 2621 copiose
1657 2568 1855 2607 videmus

441 2637 556 2676 Hanc
573 2651 663 2690 crgo
683 2636 1002 2677 consuetudinem
1020 2636 1266 2690 benignitatis
1288 2636 1482 2690 largitioni
1505 2649 1714 2676 munerum
1735 2633 1850 2686 longe
