2223 3003
728 198 1006 239 LIBER
1070 199 1432 238 PRIMUS.
1706 215 1787 256 207

380 313 452 340 nec
472 299 609 338 rationi
628 308 775 353 parent,
806 299 870 337 cui
904 299 992 337 sunt
1022 298 1181 352 subjeeti
1200 299 1284 352 lege
1304 308 1470 338 naturae:
1502 312 1522 336 a
1542 300 1683 352 quibus
1705 315 1784 340 non

378 366 497 405 modo
530 367 651 405 animi
684 365 971 419 perturbantur,
1001 365 1064 403 sed
1094 366 1212 404 etiam
1246 379 1417 419 corpora.
1469 365 1582 404 Licet
1614 379 1679 404 ora
1707 367 1786 419 ipsa

380 447 533 472 cernere
552 433 753 477 iratorum,
783 441 849 470 aut
867 445 1017 477 eorum,
1048 432 1117 484 qui
1136 441 1202 470 aut
1231 431 1394 470 libidine
1414 432 1554 486 aliqua,
1590 442 1656 471 aut
1675 443 1786 471 metu

380 501 573 540 commoti
593 500 694 544 sunt,
728 507 795 536 aut
825 498 1021 550 voluptate
1039 498 1159 536 nimia
1189 499 1382 551 gestiunt,
1415 512 1583 551 quorum
1604 500 1785 538 omnium

380 567 526 612 vultus,
547 579 675 610 voces,
695 573 841 608 motuS,
863 563 1054 615 statusque
1074 573 1289 602 mutantur.

437 634 500 672 Ex
519 633 662 685 quibus
681 630 780 668 illud
800 629 1033 682 intelligitur
1055 629 1116 680 (ut
1136 629 1182 667 ad
1201 630 1321 668 officii
1341 629 1507 669 formam
1532 618 1783 684 revertamur)

381 700 572 753 appetitus
592 709 727 736 ornnes
747 694 1026 734 contrahendos
1061 695 1332 748 sedandosque,
1360 698 1680 751 excitandamque
1701 700 1785 737 ani-

381 765 684 804 madverfionem
714 771 753 800 et
783 762 1041 815 diligentiam,
1072 771 1116 800 ut
1148 776 1198 801 ne
1231 763 1328 816 quid
1361 771 1505 801 temere
1531 777 1573 801 ac
1605 763 1785 811 fortuitu,

380 831 666 874 inconfiderate,
697 828 1013 881 negligenterque
1042 842 1215 881 agamus.
1260 829 1401 882 Neque
1421 830 1526 868 enim
1548 830 1600 867 ita
1619 832 1788 883 generati

380 912 401 937 a
420 907 554 937 natura
573 897 720 941 sumus,
751 906 795 934 ut
814 895 861 933 ad
880 895 1020 933 ludum
1039 904 1078 933 et
1102 896 1240 947 jocum
1265 895 1356 934 facti
1376 896 1448 934 effe
1468 897 1667 934 videamur
1681 915 1693 942 ;
1725 897 1788 935 sed

379 964 426 1003 ad
445 963 682 1002 severitatem
713 962 858 1015 potius,
888 970 926 999 et
955 961 1002 999 ad
1031 961 1207 1014 quaedam
1237 961 1358 1000 studia
1376 963 1549 1015 graviora
1567 972 1681 1014 atque
1701 976 1787 1000 ma-

375 1031 473 1083 jora.
505 1030 621 1069 Ludo
640 1038 770 1067 autem
789 1038 827 1067 et
841 1029 933 1081 joco
953 1027 1011 1066 uti
1031 1027 1101 1066 illo
1120 1028 1280 1081 quidem
1301 1029 1392 1067 licet
1407 1047 1419 1074 3
1442 1028 1519 1074 sed,
1537 1029 1633 1067 ficut
1652 1029 1790 1068 somno

381 1106 419 1135 et
438 1097 633 1150 quietibus
654 1095 813 1140 caeteris,
845 1104 946 1139 tum,
979 1092 1070 1132 cum
1090 1095 1269 1148 gravibus
1300 1094 1477 1147 seriisque
1508 1096 1619 1134 rebus
1639 1094 1787 1133 satisfe-

381 1165 564 1203 cerimus.
599 1163 810 1216 Ipsumque
829 1175 949 1215 genus
964 1162 1122 1214 jocandi
1140 1176 1218 1201 non
1238 1161 1455 1215 profusum,
1486 1176 1555 1201 nec
1575 1162 1788 1201 immodes-

381 1240 484 1276 tum,
515 1230 577 1268 sed
612 1231 827 1282 ingenuum
846 1238 885 1266 et
904 1228 1075 1267 facetum
1095 1228 1166 1267 effe
1186 1229 1311 1267 debet.
1344 1230 1401 1267 Ut
1427 1230 1533 1268 enim
1561 1229 1688 1282 pueris
1708 1243 1789 1267 non

381 1309 540 1335 ornnem
574 1294 732 1333 ludendi
760 1294 959 1332 licentiam
996 1294 1149 1339 damus,
1191 1294 1254 1332 sed
1288 1307 1388 1339 eam,
1428 1308 1514 1346 quae
1547 1294 1594 1332 ab
1621 1293 1788 1331 honestis

382 1363 595 1401 actionibus
616 1375 693 1400 non
715 1361 760 1400 fit
778 1361 900 1399 aliena
914 1379 927 1406 ς
959 1360 1008 1399 fic
1040 1361 1082 1399 in
1112 1360 1193 1414 ipso
1214 1361 1306 1412 joco
1326 1360 1482 1413 aliquod
1509 1360 1620 1414 probi
1641 1360 1792 1413 ingenii.

383 1430 516 1467 lumen
536 1429 697 1467 eluceat.

438 1495 597 1546 Duplex
617 1495 780 1532 omnino
799 1493 851 1532 est
865 1493 1023 1545 jocandi
1043 1498 1163 1547 genus
1182 1509 1190 1531 :
1224 1507 1347 1532 unum
1368 1494 1568 1539 illiberale,
1596 1493 1787 1547 petulans,

384 1560 631 1613 flagitiosum,
660 1560 914 1605 obscoenum,
947 1561 1125 1605 alterum,
1163 1561 1328 1613 elegans,
1370 1562 1577 1606 urbanum,
1608 1562 1788 1613 ingenio-

385 1628 483 1672 sum,
515 1626 699 1665 facetum.
734 1627 826 1677 Qo
859 1640 997 1679 genere
1028 1641 1106 1665 non
1128 1628 1245 1665 modo
1273 1628 1430 1665 Plautus
1452 1628 1589 1672 noster,
1620 1637 1657 1664 et
1678 1627 1788 1664 Atti-

384 1708 519 1733 corum
549 1694 708 1745 antiqua
737 1693 942 1737 comoedia,
980 1692 1042 1730 sed
1071 1693 1188 1731 etiam
1219 1691 1541 1745 philosophorum
1573 1694 1788 1732 Socratico-

384 1774 471 1798 rum
492 1760 582 1798 libri
603 1758 732 1797 referti
751 1759 836 1796 sunt
855 1773 864 1796 ε
897 1758 1097 1811 multaque
1117 1759 1335 1797 multorum
1356 1758 1476 1797 facete
1502 1759 1628 1804 dictam
1662 1769 1704 1797 ut
1731 1773 1788 1804 ea,

384 1840 469 1879 quae
489 1839 508 1863 a
529 1825 613 1863 sene
634 1826 780 1863 Catone
801 1824 960 1862 colleffim
987 1824 1087 1869 sunt,
1120 1839 1206 1877 quae
1235 1835 1373 1863 vocant
1391 1821 1662 1871 ἀποφθέγματα,
1712 1825 1788 1863 Fa-

384 1893 469 1931 cilis
489 1893 609 1945 igitur
628 1891 679 1929 est
699 1891 892 1929 distinctio
921 1891 1095 1942 ingenui,
1126 1899 1165 1928 et
1189 1890 1385 1928 illiberalis
1400 1891 1496 1941 joci.
1534 1890 1645 1928 Alter
1665 1891 1730 1935 est,
1762 1891 1789 1929 fi

383 1966 556 2010 tempore
586 1957 644 2001 fit,
676 1969 718 1993 ac
739 1955 890 1994 remiffo
910 1956 1054 2001 animo,
1085 1954 1246 1994 homine
1279 1956 1418 2008 dignus
1435 1973 1446 2000 ;
1479 1955 1573 1993 alter
1602 1970 1649 1993 ne
1669 1956 1791 1994 libero

382 2023 557 2076 quidem,
588 2023 615 2061 fi
647 2036 776 2061 rerum
809 2022 1045 2075 turpitudini
1076 2021 1280 2060 adhibetur
1305 2022 1511 2060 verborum
1544 2022 1789 2061 obscoenitas.

384 2090 561 2129 Ludendi
581 2090 698 2128 etiam
718 2089 771 2127 est
791 2089 951 2142 quidam
972 2089 1111 2128 modus
1132 2089 1368 2134 retinendus,
1391 2097 1434 2126 ut
1455 2102 1502 2126 ne
1522 2089 1639 2126 nimis
1660 2089 1792 2126 omnia

383 2155 679 2210 profundamus,
702 2156 869 2208 elatique
894 2155 1091 2208 voluptate
1111 2156 1151 2193 in
1179 2154 1349 2206 aliquam
1379 2154 1662 2206 turpitudinem
1684 2155 1789 2192 dela-

384 2223 534 2261 bamur.
568 2221 822 2274 Suppeditant
841 2230 972 2259 autem
991 2231 1030 2259 et
1051 2233 1210 2273 campus
1241 2219 1377 2265 noster,
1411 2230 1448 2257 et
1469 2219 1591 2258 studia
1609 2221 1791 2266 venandi,

384 2287 540 2326 honesta
559 2287 736 2340 exempla
755 2286 928 2324 ludendi.

438 2355 571 2393 XXX.
604 2354 675 2392 Sed
695 2353 860 2406 pertinet
890 2352 935 2390 ad
955 2364 1114 2390 omnem
1135 2351 1254 2390 officii
1275 2352 1538 2404 quaestionem‚
1567 2352 1715 2405 semper
1748 2353 1790 2391 in

385 2430 569 2473 promptu
589 2419 743 2465 habere,
765 2428 954 2473 quantum
976 2430 1109 2456 natura
1128 2417 1300 2456 hominis
1320 2418 1535 2471 pecudibus
1557 2419 1790 2471 reliquisque

387 2485 524 2524 belluis
540 2487 751 2525 antecedat.
786 2485 866 2524 Illae
887 2484 985 2523 nihil
1007 2485 1189 2529 sentiunt,
1212 2485 1281 2523 nis1
1302 2485 1541 2537 voluptatem
1563 2485 1608 2522 ad
1628 2496 1791 2535 eamque

384 2549 561 2590 feruntur
580 2553 690 2592 omni
709 2553 884 2606 impetu:
915 2551 1087 2590 hominis
1115 2561 1244 2590 autem
1265 2564 1372 2589 mens
1393 2550 1573 2589 discendo
1594 2551 1720 2595 alitur,
1752 2558 1790 2588 et
