2223 3003
686 256 980 298 VARIAE
1065 252 1631 295 LECTIONES.

429 357 450 385 p
522 347 532 375 1

1275 345 1285 374 1

433 368 484 415 lix
511 397 546 425 25
568 386 740 415 inscientiam
757 386 780 414 E
790 387 946 423 sententiam
960 385 985 419 ψ
994 384 1131 421 seientiam
1184 356 1244 423 ¹1²13
1271 366 1306 413 1⁵8
1328 383 1418 422 pulsa,
1433 383 1512 422 quod
1525 382 1666 423 reliquum
1680 381 1718 412 est
1731 381 1756 411 E
1770 381 1798 420 ψ
1809 384 1838 414 d.

511 435 549 493 i}
571 426 741 493 ffliogalsum
756 426 1004 503 {Qtsscfafim

507 519 549 526 -
569 505 657 542 potest
672 505 695 532 Ε
711 516 758 532 mm
768 507 844 543 poles?

510 553 548 581 34
568 544 710 573 censerent
725 544 748 573 E
763 546 905 581 censue-unt

509 593 546 621 45
570 583 658 612 fatum
677 584 814 622 Esaaum

433 631 488 652 112
531 632 547 651 2
570 623 734 652 viderentur
748 624 772 652 E
786 625 912 653 videmur

531 672 546 701 3
569 662 653 692 ferire
672 663 793 692 voluisse
820 665 844 693 E
859 668 938 703 serre
960 663 1048 693 voluit
1063 665 1095 702 st
1108 664 1134 699 ψ

599 705 678 741 firre
689 704 796 741 voluff

532 753 546 781 5
571 742 704 772 liberatos
719 742 745 778 ψ
758 743 850 773 liberos

507 797 548 806 —
567 791 661 811 autem
677 783 700 812 E
713 792 760 812 au:

509 837 550 845 --
571 822 715 852 delabitur
728 824 751 851 Ε
766 823 893 852 dilabitur

530 872 548 900 7
571 862 600 890 in
615 862 810 891 affenfionibus
826 864 850 891 E
867 865 898 892 ln
913 865 946 891 iis
959 861 1132 900 affertionibus

600 902 625 935 ψ
638 905 667 929 in
679 902 854 940 afflrn'onibus

529 943 546 969 8
569 941 695 969 oratione
708 943 731 970 E
747 940 774 976 ψ
783 950 864 979 parte

514 990 548 1008 12
570 980 648 1017 iique
662 980 702 1009 ita
717 982 778 1018 Est
789 984 876 1019 imque

509 1035 550 1041 —
569 1019 666 1048 omnia
682 1020 751 1049 fiunt
767 1020 869 1058 Efiunt

513 1068 523 1087 1
532 1069 547 1097 3
570 1059 754 1089 antecedente
768 1060 792 1088 Ε
806 1060 958 1089 antecedenti

508 1113 550 1122 ·—
571 1099 724 1137 sequuntur
738 1100 761 1128 E
775 1102 936 1139 afflquumur

512 1148 551 1176 ¹4
570 1140 612 1167 At
626 1140 649 1168 E
674 1141 710 1168 Ee

512 1188 523 1208 ι
531 1188 546 1217 5
570 1189 605 1207 ne
619 1179 643 1207 E
656 1190 700 1208 nec
716 1203 721 1206 .

513 1228 524 1247 1
533 1220 548 1247 8
570 1228 622 1247 nee
635 1219 658 1248 E
672 1229 747 1258 neque

509 1268 546 1296 23
568 1259 724 1297 praepofitis
739 1260 762 1288 E
772 1261 906 1299 propofitis

509 1308 550 1335 24
570 1307 602 1327 ut
615 1308 644 1328 et
656 1299 678 1328 E
692 1307 721 1328 ue

510 1348 545 1376 25
568 1338 656 1373 enim,
671 1339 766 1378 inquit
780 1339 803 1368 E
818 1340 871 1374 hic,
885 1341 981 1378 inquit,
996 1342 1062 1367 enim

509 1380 548 1407 28
570 1378 669 1416 Itaque
683 1394 765 1402 --—
779 1387 808 1408 et
821 1379 958 1417 proximis
975 1380 997 1408 E
1013 1381 1041 1408 d.

510 1427 549 1455 29
569 1419 692 1446 occurrit
707 1419 732 1454 ψ
745 1422 889 1448 occurritur

509 1466 541 1495 31
568 1465 596 1486 et
609 1458 635 1493 ψ
647 1460 726 1497 caufis
739 1468 764 1488 et

510 1507 547 1534 3²
571 1497 623 1526 {int
637 1499 660 1526 E
666 1500 731 1534 sunt

507 1551 548 1558 —
569 1546 625 1565 non
640 1538 664 1565 E
679 1547 725 1566 aut
738 1549 786 1566 non

507 1591 549 1599 —
569 1586 604 1604 ne
619 1577 642 1605 E
656 1587 700 1605 net

510 1627 549 1654 34
570 1616 725 1645 diceremus
739 1617 763 1645 E
778 1616 805 1653 ψ
818 1618 962 1647 dicerentur

509 1666 545 1695 35
569 1656 654 1685 effent
669 1658 691 1686 E
706 1659 750 1695 effi
962 1688 964 1690 .

506 1711 549 1720 —
568 1706 604 1724 ne
713 1698 848 1735 potestate
860 1698 884 1727 E
899 1697 926 1734 ψ
940 1699 968 1726 d.

433 1746 485 1775 ¹¹³
531 1747 545 1774 3
568 1736 665 1765 dicent
679 1738 801 1766 Edicune

529 1787 548 1813 4
569 1777 656 1814 Qod
671 1777 694 1806 E
708 1777 733 1810 ψ
748 1781 793 1815 qui

507 1831 548 1839 ——
569 1817 701 1845 dicantur
715 1817 738 1845 E
752 1820 840 1845 dicant
853 1819 875 1846 E
891 1817 976 1844 dicunt

507 1871 548 1878 —
569 1856 730 1894 antepositis
746 1857 769 1885 E
785 1857 811 1892 ψ
824 1856 1024 1886 antecedentibus

528 1896 547 1923 6
568 1895 626 1923 viso
642 1896 663 1923 E
678 1897 746 1934 ‘visio

508 1950 549 1958 —
570 1935 598 1963 id
616 1936 637 1963 E
652 1937 690 1963 ad

530 1985 546 2012 7
569 1974 656 2003 habet
670 1975 692 2003 E
708 1975 803 2004 habea!

513 2024 548 2044 ιο
567 2014 727 2052 cylindrum
745 2016 767 2043 E
781 2015 937 2045 tbtlindram

512 2064 521 2082 1
535 2064 543 2083 1
570 2054 605 2082 ad
623 2055 645 2082 Ε
661 2055 688 2083 d.

509 2109 549 2117 —
569 2093 694 2132 incipere
709 2094 732 2123 E
745 2095 771 2123 d.

509 2150 550 2157 —
572 2144 628 2162 non
642 2134 753 2172 possunt
769 2135 791 2164 E
806 2137 836 2165 d.

515 2184 549 2203 12
572 2183 637 2202 cum
654 2174 677 2202 E
693 2177 760 2212 quod

516 2224 548 2252 13
573 2213 673 2242 versari
690 2216 712 2242 Ε
729 2213 755 2248 ψ
769 2217 796 2243 d.

518 2256 550 2282 ib
573 2254 648 2291 quasi
662 2255 684 2282 Ε
700 2266 774 2293 quam

517 2303 548 2328 ις·
573 2294 691 2330 speciem
712 2295 810 2333 Espm

513 2348 550 2356 —
572 2343 660 2371 caque
676 2334 698 2362 Γ,
712 2336 738 2362 d.

1268 434 1306 454 20
1325 424 1423 452 omnia
1437 425 1460 452 E
1475 426 1573 452 omnino

1269 474 1305 502 23
1327 473 1360 492 ac
1375 464 1398 492 E
1412 472 1436 492 et

1269 513 1303 543 25
1327 513 1372 532 eas
1387 504 1413 538 ψ
1425 515 1468 532 eas
1478 515 1526 532 non

1270 553 1306 582 33
1329 543 1388 572 viso
1401 543 1425 571 E
1439 545 1504 580 visu

1266 598 1308 606 —
1327 582 1529 612 affentiendum
1545 582 1568 611 E
1575 582 1733 619 sentiendum

1270 633 1302 662 3¹
1328 623 1425 651 omnia
1439 623 1507 651 fiant
1521 623 1544 650 E
1559 623 1662 662 defient

1272 673 1309 701 34
1329 663 1378 692 nisi
1402 662 1592 701 praegreffione
1616 661 1640 690 E
1661 660 1756 700 defin
1774 659 1895 700 progres-

1360 704 1433 740 stone

1194 752 1251 781 ¹¹4
1295 752 1304 771 1
1331 741 1522 771 confitendum
1538 742 1561 771 E
1576 743 1773 780 constectudinem

1289 793 1310 821 4
1329 782 1514 820 Omninoque
1528 791 1593 811 cum
1617 783 1640 811 E
1655 781 1683 819 ψ
1696 783 1806 811 Omnino
1819 789 1894 821 que-

1371 834 1417 851 cun
1436 833 1465 851 ue

1287 877 1329 885 —
1348 835 1517 900 quibinsdam
1533 862 1556 890 E
1570 861 1664 901 quibus

1290 913 1304 940 5
1328 902 1406 939 poffit
1420 901 1443 929 E
1453 901 1530 938 poffet

1289 944 1304 970 8
1326 941 1404 970 aliud
1419 942 1441 969 E
1456 940 1529 968 illud

1288 991 1308 1019 9
1328 980 1410 1010 alteri
1425 981 1448 1009 E
1463 980 1488 1014 ψ
1502 980 1582 1009 aliter

1267 1036 1308 1043 —
1328 1021 1380 1054 ita.
1396 1027 1426 1048 ut
1442 1021 1464 1048 E
1478 1020 1503 1054 ψ
1517 1021 1544 1050 d.

1272 1070 1309 1090 10
1330 1061 1362 1089 fit
1375 1060 1398 1089 E
1412 1061 1500 1098 drſsm

1270 1116 1311 1123 —
1330 1100 1394 1129 illas
1409 1101 1432 1128 E
1444 1111 1487 1128 eas

1240 1137 1242 1139 ¹
1272 1155 1313 1163 -—-
1333 1140 1424 1168 abess'e
1438 1141 1462 1168 E
1477 1138 1505 1175 ψ
1517 1150 1585 1168 omne
1598 1139 1712 1180 relegari

1277 1189 1311 1209 12
1333 1189 1389 1208 non
1404 1179 1440 1208 ab
1454 1179 1477 1207 E
1493 1191 1553 1208 nam

1275 1229 1307 1258 ¹3
1331 1219 1466 1248 Declinat
1480 1220 1504 1248 E
1520 1219 1662 1249 Declinant

1274 1269 1310 1298 ¹4
1330 1267 1452 1289 atomus.
1479 1259 1606 1288 Primum
1635 1262 1707 1289 cur?
1744 1260 1768 1288 E
1787 1261 1898 1290 albona}

1366 1303 1477 1338 primum
1491 1300 1516 1333 ψ
1528 1309 1635 1329 atomus.
1659 1301 1775 1330 Primum

1274 1339 1310 1369 16
1330 1339 1380 1368 ille
1395 1339 1520 1377 appellat
1534 1340 1558 1375 ψ
1571 1341 1600 1369 d.

1274 1389 1308 1417 ¹7
1332 1389 1404 1408 nova
1420 1380 1441 1407 E
1457 1380 1481 1412 ψ
1496 1380 1522 1407 d.

1269 1435 1310 1441 —
1330 1428 1396 1447 num
1414 1420 1436 1447 E
1451 1420 1476 1453 ψ
1490 1431 1536 1447 non

1275 1469 1284 1487 1
1295 1461 1310 1488 8
1331 1459 1454 1487 declinet
1470 1459 1492 1487 E
1508 1458 1627 1488 declinent

1275 1508 1309 1537 ¹9
1332 1508 1386 1527 non
1404 1500 1426 1526 E
1442 1498 1468 1533 ψ
1484 1502 1580 1528 nomine

1275 1548 1310 1567 20
1331 1538 1385 1566 hoc
1401 1538 1424 1566 E
1436 1538 1461 1572 ψ
1475 1539 1502 1566 d.

1273 1587 1309 1607 22
1331 1578 1420 1611 inani,
1445 1587 1493 1616 per
1507 1578 1586 1617 quod
1609 1580 1632 1609 E
1648 1580 1673 1614 ᾧ
1687 1590 1787 1609 manere
1797 1579 1899 1618 simper

1387 1620 1436 1647 uid
1911 1624 1914 1626 ⁷

1274 1668 1309 1696 23
1332 1629 1442 1686 atoqmus
1458 1658 1481 1686 E
1496 1656 1523 1692 ψ
1534 1661 1624 1686 atomis

1269 1714 1310 1720 —
1332 1698 1451 1726 ferretur
1466 1699 1488 1726 E
1495 1700 1609 1736 feratur

1273 1748 1308 1777 25
1333 1746 1438 1767 teneret
1455 1739 1477 1766 Ε
1494 1744 1558 1766 tenet

1273 1779 1309 1807 26
1331 1779 1436 1806 nullam
1454 1778 1476 1806 Ε
1491 1786 1514 1806 et
1528 1777 1626 1806 nullam
1648 1808 1650 1811 ,

1268 1833 1310 1840 -
1329 1828 1393 1856 quae
1407 1819 1428 1846 E
1445 1829 1521 1856 quam

1269 1872 1310 1879 —
1329 1858 1549 1887 declinationem
1565 1858 1587 1886 E
1601 1857 1768 1887 dulinazioxe

1271 1912 1310 1919 —-
1331 1905 1423 1926 tamen
1440 1899 1463 1926 Ε
1479 1904 1532 1927 tm

1273 1939 1308 1965 28
1330 1947 1362 1965 ac
1382 1938 1403 1965 Ε
1416 1947 1440 1966 et

1272 1986 1310 2014 30
1331 1985 1359 2005 et
1375 1977 1431 2005 vim
1447 1975 1474 2010 ψ
1488 1978 1516 2004 d.

1269 2031 1310 2038 -—
1330 2016 1516 2054 sustuliffeque
1532 2016 1746 2055 Esustulzfftqne

1273 2065 1309 2094 32
1332 2056 1378 2084 has
1394 2056 1417 2084 E
1432 2058 1459 2084 d.

1275 2106 1308 2134 33
1333 2096 1410 2124 Nam
1425 2111 1504 2119 —
1517 2096 1725 2135 explicarentur
1744 2096 1766 2124 Ε
1782 2096 1805 2130 ψ
1819 2099 1845 2125 d.

1197 2146 1248 2176 ¹¹5
1295 2145 1309 2173 3
1332 2135 1403 2164 illud
1419 2147 1532 2175 quoque
1546 2138 1567 2166 Ε
1585 2137 1655 2164 ullum
1670 2148 1815 2176 quanqum·

1271 2191 1311 2198 —
1331 2176 1473 2204 declinare
1490 2179 1512 2205 E
1527 2177 1652 2206 dnh-ari

1293 2227 1306 2256 5
1332 2216 1427 2244 Multa
1453 2216 1643 2245 desiderantur
1669 2217 1691 2245 F,
1720 2215 1833 2251 (nllu-
1852 2217 1895 2244 ie-

1361 2258 1449 2294 fmus
1463 2258 1603 2291 indiarum)
1623 2258 1647 2292 ψ
1663 2258 1714 2285 Hoc
1728 2265 1784 2294 epu
1800 2268 1846 2285 nen
1859 2259 1895 2294 est

1368 2295 1438 2325 ultra
1452 2305 1584 2335 repertun.
