2223 3003
423 217 498 259 168
830 212 934 252 DE
1002 209 1407 249 LEGIBUS

416 318 614 372 gestimus,
637 323 679 353 ut
697 327 774 353 non
794 311 976 350 omnibus
997 319 1125 363 gratus
1145 308 1236 348 effet
1247 327 1260 355 ;
1288 317 1328 347 et
1346 307 1374 347 fi
1393 321 1463 347 nos
1479 307 1742 350 multitudinis
1760 313 1818 352 vis

418 385 581 424 furentis
602 379 840 420 inflammat&
859 376 1004 416 invidia
1022 375 1223 430 pepulisset
1237 394 1250 422 5
1281 375 1309 414 fi
1339 375 1518 415 tribunus
1537 375 1676 429 aliquis
1696 377 1738 415 in
1757 391 1822 417 me

415 450 624 503 populum,
653 447 748 484 ficut
769 442 969 482 Gracchus
990 442 1031 481 in
1053 443 1263 488 Laenatem,
1285 442 1511 482 Saturninus
1530 443 1572 481 in
1591 442 1846 489 Metellum,-

418 513 606 554 incitasset
621 530 633 558 ς
665 511 866 556 ferremus,
887 511 911 548 ὃ
975 510 1082 548 uinte
1101 508 1230 555 frater,
1261 508 1623 562 consolarenturque
1642 522 1712 548 nos
1741 522 1821 548 non

418 590 498 619 tam
530 576 766 632 philosophi,
801 577 870 630 qui
900 574 1066 615 Athenis
1101 574 1273 621 fuerunt,
1309 576 1378 628 qui
1408 574 1484 614 hoc
1515 574 1640 614 facere
1664 574 1820 620 debent,

417 659 537 699 quarn
557 643 752 683 clariffimi
772 643 858 688 viri,
889 643 958 695 qui
978 642 1045 680 illa
1064 642 1157 681 urbe
1190 641 1301 696 pulfi,
1336 655 1461 680 carere
1485 642 1633 694 ingrata
1652 641 1821 686 civitate,

418 726 537 765 quam
558 724 710 750 manere
730 710 769 748 in
791 709 981 762 improba,
1003 709 1235 747 maluerunt.
1259 709 1492 762 Pompeium
1512 721 1602 747 vero
1621 707 1728 760 quod
1748 720 1823 746 una

419 779 487 817 ista
505 779 545 816 in
566 791 604 816 re
624 791 701 816 non
722 777 775 814 ita
794 775 902 814 valde
921 775 1073 829 probas,
1105 775 1170 813 vix
1190 774 1276 813 satis
1296 773 1398 814 mihi
1417 774 1515 814 illud
1535 774 1674 813 videris
1695 783 1822 812 atten-

418 845 520 890 dere,
557 858 634 883 non
654 843 778 882 solum
808 843 857 887 ei,
890 841 985 894 quid
1014 841 1103 881 effet
1123 841 1336 894 optimum,
1368 841 1580 880 videndum
1606 839 1730 885 fuisse,
1759 839 1822 878 sed

419 911 537 949 etiam
558 909 654 962 quid
673 907 935 947 neceffarium.
974 907 1091 945 Senfit
1111 907 1216 945 enim
1236 906 1366 945 deberi
1386 921 1463 946 non
1490 907 1593 960 poffe
1610 906 1704 945 huic
1723 905 1822 944 civi-

417 977 488 1014 tati
519 975 627 1013 illam
662 973 901 1027 potestatem.
947 973 1107 1025 Qippe
1126 985 1245 1025 quam
1277 981 1472 1026 tantopere
1503 972 1670 1027 populus
1699 971 1823 1011 noster

418 1043 592 1094 ignotam
622 1039 834 1093 expetisset,
869 1039 938 1092 qui
967 1039 1087 1093 poffet
1108 1051 1233 1078 carere
1265 1040 1452 1092 cognita?
1485 1039 1672 1092 Sapientis
1692 1048 1823 1077 autem

418 1108 514 1146 civis
534 1106 625 1151 fuit,
647 1106 797 1144 causam
818 1119 889 1144 nec
909 1104 1176 1158 perniciosam,
1197 1114 1236 1143 et
1254 1104 1307 1143 ita
1326 1104 1552 1158 popularem
1572 1114 1616 1143 ut
1635 1117 1714 1143 non
1734 1102 1823 1157 pos-

419 1174 472 1212 set
492 1173 632 1218 obsisti,
664 1172 873 1226 perniciose
904 1172 1078 1226 populari
1109 1172 1186 1210 civi
1216 1185 1294 1210 non
1324 1172 1554 1225 relinquere.
1591 1171 1672 1210 Scis
1692 1170 1823 1215 solere,

419 1239 549 1285 frater,
569 1240 609 1277 in
625 1237 848 1290 hujusmodi
868 1237 1054 1283 sermone,
1073 1246 1115 1276 ut
1136 1237 1281 1276 transiri
1300 1237 1376 1276 alio
1395 1237 1522 1290 poffit,
1545 1250 1607 1276 AD
1632 1250 1822 1282 MODUM,

418 1305 512 1343 dici.

474 1371 569 1409 XII.
602 1371 833 1409 ATTlcus.
869 1368 1023 1408 Prorsus
1054 1368 1107 1407 ita
1135 1367 1202 1407 est.
1248 1369 1480 1421 QmTus.
1503 1369 1623 1408 Haud
1641 1368 1824 1423 equidem

418 1436 594 1476 assentior
613 1451 621 1475 :
646 1446 688 1475 tu
709 1446 838 1475 tamen
857 1435 904 1474 ad
923 1435 1070 1488 reliqua
1088 1448 1220 1488 pergas
1241 1435 1373 1474 velim.
1403 1435 1621 1475 MARCUS.
1645 1435 1824 1475 Perseve-

418 1516 477 1541 ras
498 1512 541 1541 tu
561 1503 735 1555 quidem,
767 1511 805 1540 et
830 1502 871 1540 in
893 1511 958 1540 tua
976 1511 1101 1539 vetere
1120 1501 1304 1539 sententia
1324 1513 1538 1554 permanes.
1584 1501 1824 1553 erus.

419 1569 541 1608 Nunc
562 1568 797 1607 mehercule.
820 1570 1053 1608 ATT1cus.
1071 1568 1158 1621 Ego
1178 1567 1263 1607 sane
1282 1581 1304 1606 a
1318 1567 1471 1619 Qinto
1491 1567 1618 1607 nostro
1633 1566 1823 1607 diffentio.

419 1636 491 1675 Sed
511 1649 566 1681 ea,
588 1649 674 1688 quae
694 1634 845 1680 restant,
867 1634 1082 1674 audiamus.
1127 1634 1348 1674 MARcus.
1370 1634 1568 1689 Deinceps
1589 1634 1708 1689 igitur
1735 1649 1825 1675 om-

418 1703 533 1741 nibus
554 1702 837 1756 magistratibus
869 1701 1036 1755 auspicia
1065 1710 1103 1740 et
1117 1701 1266 1754 judicia
1285 1701 1451 1742 dantur:
1478 1702 1641 1755 judicia,
1674 1711 1717 1740 ut
1735 1701 1825 1741 esset

419 1769 556 1823 populi
588 1768 764 1822 potestaS,
785 1769 832 1808 ad
851 1783 970 1822 quam
991 1778 1263 1822 provocaretur
1277 1787 1290 1815 5
1321 1768 1501 1822 auspiCia,
1534 1778 1577 1807 ut
1597 1769 1743 1808 multos
1761 1768 1824 1806 in-

419 1835 533 1874 utiles
553 1836 789 1880 comitiatus‚
807 1835 1024 1887 probabiles
1040 1835 1274 1887 impedirent
1289 1849 1429 1876 morae:
1453 1835 1547 1889 saepe
1566 1836 1672 1875 enim
1689 1834 1824 1889 populi

419 1902 616 1954 impetum
637 1900 823 1952 injustum
844 1900 1021 1953 auspiciis
1043 1901 1111 1937 Dii
1132 1900 1370 1939 immortales
1391 1901 1652 1954 represserunt.
1687 1903 1747 1940 Ex
1764 1901 1824 1940 his

415 1977 564 2012 autem,
596 1966 663 2019 qui
686 1965 949 2018 magistratum
970 1974 1166 2018 ceperunt,
1200 1967 1305 2018 quod
1326 1966 1474 2005 senatus
1493 1967 1674 2011 efficitur,
1696 1980 1824 2020 popu-

418 2033 537 2072 larem
559 2033 642 2071 sane
664 2032 860 2070 neminem
881 2032 920 2070 in
943 2031 1142 2071 summum
1165 2032 1310 2077 locum,
1347 2033 1414 2071 nisi
1436 2047 1502 2086 per
1522 2033 1728 2086 populum,
1757 2045 1823 2070 ve-

418 2100 516 2144 nire,
539 2099 682 2137 sublata
702 2099 946 2151 cooptatione
963 2098 1144 2138 censoria.
1177 2099 1249 2138 Sed
1267 2100 1398 2152 praesto
1415 2100 1466 2138 est
1488 2099 1604 2152 hujus
1620 2099 1703 2138 vitii
1723 2108 1824 2138 tem-

418 2167 578 2219 peratio,
601 2165 705 2219 quod
727 2164 873 2204 senatus
896 2164 978 2217 lege
999 2165 1122 2203 nostra
1142 2165 1393 2205 confirmatur
1412 2167 1629 2205 annositas.

476 2233 655 2285 Sequitur
675 2232 779 2270 enim
800 2246 808 2270 :
842 2231 931 2283 Ejus
957 2231 1100 2270 decreta
1119 2241 1206 2270 rata
1210 2233 1339 2285 sunto.
1374 2233 1480 2271 Nam
1497 2232 1548 2270 ita
1569 2232 1603 2270 se
1621 2246 1677 2271 res
1696 2231 1824 2275 habet,

420 2307 477 2342 ut,
512 2299 534 2336 sl
559 2298 703 2337 senatus
735 2298 916 2337 dominus
950 2298 992 2336 sit
1013 2297 1160 2351 publici
1182 2299 1354 2343 concilii,
1386 2299 1570 2352 quodque
1598 2299 1629 2338 is
1649 2299 1823 2341 creverit,

418 2364 627 2403 defendant
647 2379 809 2409 omnes;
838 2375 889 2410 et,
923 2366 946 2404 li
963 2379 1098 2405 omncs
1125 2365 1262 2419 reliqui
1286 2366 1470 2419 principis
1501 2365 1646 2404 ordinis
1667 2365 1825 2403 consilio

420 2432 704 2485 rempublicam
726 2433 928 2484 gubernari
950 2433 1083 2477 velint,
1102 2433 1225 2486 pollit,
1242 2447 1289 2471 ex
1311 2433 1586 2486 temperatione
1600 2433 1712 2484 juris,
1731 2445 1823 2471 cum

420 2498 580 2550 potestas
601 2499 638 2536 in
661 2499 819 2551 populo,
853 2500 1053 2538 aut‘loritas
1075 2500 1114 2538 in
1137 2498 1265 2538 senatu
1287 2499 1344 2543 sit,
1374 2500 1491 2537 teneri
1515 2500 1577 2537 illc
1607 2499 1824 2537 moderatus

417 2574 457 2601 et
478 2577 637 2602 concors
670 2565 834 2604 civitatis
855 2565 983 2611 status,
1016 2565 1222 2619 praescrtim
1245 2566 1269 2606 si
1301 2566 1488 2619 proximas
1516 2565 1590 2618 legi
1614 2565 1821 2618 parebitur.
