2223 3003
709 209 1310 249 FRAGMENTA.
1634 229 1709 266 4³9

365 310 488 355 enim,
510 309 615 348 verbi
636 309 758 355 caus-51,
781 310 954 349 Stoicum
974 309 1094 348 adesse
1114 311 1348 364 sapientem:
1381 324 1468 350 nam
1499 320 1630 351 contra
1649 326 1712 353 cos

365 373 607 429 potissimhm
627 375 952 414 Academicorum
973 377 1106 415 exarfit
1126 377 1342 430 ingenium.
1375 377 1481 431 Ergo
1502 379 1625 424 Zeno,
1653 379 1713 417 vel

367 441 604 495 Chryfippus
624 442 650 480 fi
670 441 968 494 interrogentur,
991 444 1076 494 quis
1096 443 1140 481 fit
1159 443 1318 496 sapiens,
1339 444 1594 497 respondebit,
1622 458 1713 484 eum

366 507 452 553 effe,
474 521 592 560 quem
622 507 700 560 ipse
726 507 976 560 descripserit.
1008 509 1155 547 'Contra
1186 510 1391 561 Epicurus,
1423 511 1482 549 vel
1512 511 1598 563 quis
1618 512 1713 549 alius

366 573 677 617 adversariorum,
710 573 878 625 negabit,
912 573 1102 626 suumque
1122 575 1251 627 potius
1282 576 1553 628 peritiffimum
1574 577 1713 630 volup-

367 647 492 676 tatum
511 650 715 690 aucupem,
746 638 955 690 sapientem
975 639 1045 676 effe
1064 640 1284 678 contendet.
1331 642 1426 679 Inde
1456 643 1502 679 ad
1521 643 1713 695 jurgium.

369 703 522 742 Clamat
557 703 680 746 Zeno,
726 711 765 740 et
793 711 874 740 tota
905 703 971 740 illa
1000 704 1171 755 porticus
1202 706 1476 751 tumultuatur,
1513 707 1716 747 hominem

366 779 503 807 natum
531 768 578 806 ad
597 766 698 806 nihil
731 767 837 806 aliud
857 781 975 821 quam
994 767 1232 808 honestatem
1251 785 1260 809 ε
1292 770 1413 824 ipsam
1434 771 1500 810 suo
1521 772 1718 825 splendore

366 835 408 873 in
428 835 464 873 se
483 835 634 874 animos
654 834 808 880 ducere,
829 834 939 874 nullo
958 835 1340 888 prorsus'commodo
1359 838 1592 877 extrinsecus
1615 840 1716 892 posi-

365 910 420 946 to,
453 911 492 940 et
511 901 614 954 quafi
634 901 877 940 lenocinante
907 902 1082 940 mercede
1097 920 1110 948 5
1141 901 1460 957 voluptatemque
1478 904 1588 943 illam
1617 906 1716 959 Epi-

367 968 451 1006 curi
470 968 557 1007 solis
578 968 678 1006 inter
698 967 731 1006 se
746 968 948 1021 pecoribus
969 968 1040 1007 effe
1060 982 1329 1016 communem,
1352 971 1392 1009 in
1412 985 1579 1024 quorum
1597 971 1717 1011 socie-

366 1043 486 1073 tatem
520 1043 558 1073 et
587 1033 806 1080 hominem,
835 1044 873 1073 et
903 1035 1112 1088 sapientem
1134 1035 1282 1075 trudere
1303 1035 1406 1075 nefas
1438 1037 1522 1076 esse.
1574 1040 1719 1078 Contra

366 1101 449 1146 ille,
480 1110 690 1139 convocata
719 1101 766 1139 de
798 1101 964 1140 hortulis
995 1102 1035 1140 in
1055 1102 1245 1141 auxilium
1267 1103 1372 1155 quafi
1391 1103 1509 1143 libera
1529 1104 1640 1143 turba
1660 1113 1717 1143 te-

367 1168 649 1213 mulentorum,
682 1168 938 1221 quaerentium
960 1166 1126 1214 tantum,
1148 1177 1265 1222 quem
1285 1170 1496 1223 incomptis
1523 1171 1718 1224 unguibus

367 1234 598 1273 bacchantes
617 1234 822 1288 asperoque
844 1248 908 1274 ore
928 1235 1155 1289 discerpant,
1177 1236 1386 1289 voluptatis
1406 1245 1565 1283 nomen,
1595 1237 1719 1276 suavi·

367 1310 502 1345 tatem,
531 1301 701 1354 quietem
722 1301 813 1339 teste
832 1302 979 1355 populo
998 1315 1244 1355 exaggerans,
1272 1303 1384 1341 instat
1403 1304 1552 1348 acriter,
1575 1313 1619 1342 ut
1644 1303 1721 1342 fine

368 1381 412 1406 ea
431 1368 562 1406 beatus
585 1381 701 1406 nemo
720 1367 791 1405 esse
810 1367 912 1420 poffe
932 1368 1117 1406 videatur.
1161 1369 1207 1406 In
1228 1382 1397 1421 quorum
1419 1370 1542 1407 rixam
1570 1369 1596 1407 fi
1618 1372 1720 1407 Aca-

367 1434 543 1473 demicus
563 1434 781 1479 incurrerit,
798 1433 977 1486 utrosque
996 1434 1126 1473 audiet
1147 1433 1338 1473 trahentes
1355 1435 1390 1474 se
1410 1436 1456 1473 ad
1476 1435 1556 1474 suas
1577 1445 1720 1489 partes:

369 1499 432 1537 sed
452 1499 478 1537 fi
499 1500 540 1536 in
560 1499 662 1543 illos,
683 1507 749 1536 aut
769 1499 810 1536 in
829 1499 916 1536 istos
937 1499 1172 1544 concesserit,
1199 1500 1247 1538 ab
1267 1500 1334 1545 eis,
1355 1514 1452 1553 quos
1473 1501 1623 1548 deserit,
1658 1502 1722 1540 in-

369 1565 493 1610 sanus,
515 1564 734 1617 imperitus,
769 1564 1067 1616 temerariusque
1100 1564 1343 1603 clamabitur.
1395 1567 1529 1618 Itaque
1558 1580 1650 1605 cum
1684 1577 1722 1606 et

369 1629 449 1669 huc
469 1639 508 1668 et
527 1629 623 1668 illuc
641 1643 772 1668 aurem
803 1629 1009 1682 diligenter
1033 1630 1259 1676 admoverit,
1290 1631 1542 1684 interrogatus
1564 1632 1658 1684 quid
1687 1634 1723 1672 ei

370 1697 558 1741 videatur,
579 1695 755 1734 dubitare
775 1695 811 1734 se
831 1695 946 1734 dicet.
979 1697 1090 1749 Roga
1109 1710 1214 1734 nunc
1236 1697 1424 1742 Stoicum,
1455 1697 1542 1749 quis
1572 1699 1616 1736 s1t
1636 1713 1721 1738 me-

369 1763 458 1808 lior,
491 1762 746 1815 Epicurusne,
783 1763 852 1815 qui
883 1762 1040 1801 delirare
1071 1763 1186 1801 illum
1226 1763 1394 1808 clamat,
1432 1777 1479 1801 an
1510 1765 1722 1804 Academi·

371 1843 454 1874 cus,
488 1829 555 1881 qui
577 1828 646 1866 fibi
665 1826 791 1866 adhuc
822 1828 868 1866 de
899 1842 938 1866 re
958 1837 1062 1867 tanta
1081 1828 1372 1867 deliberandum
1393 1828 1464 1867 effe
1482 1831 1720 1882 pronuntiat.

371 1896 505 1934 Nemo
524 1895 677 1934 dubitat
696 1895 978 1933 Academicum
998 1895 1200 1947 praelatum
1221 1897 1282 1935 iri.
1315 1896 1462 1935 Rursus
1484 1906 1520 1936 te
1539 1898 1585 1936 ad
1608 1899 1724 1938 illum

370 1971 564 2007 converte,
586 1970 624 1999 et
644 1974 783 2014 quaere,
806 1975 925 2014 quem
946 1961 1068 2016 magis
1089 1971 1205 2005 amet,
1230 1963 1446 2008 Zenonem,
1468 1978 1488 2002 a
1510 1978 1587 2016 quo
1608 1965 1724 2003 bestia

372 2029 609 2073 nominatur,
631 2041 678 2066 an
695 2028 919 2073 Arcesilam,
936 2040 956 2065 a
976 2041 1055 2080 quo
1070 2028 1190 2074 audit,
1206 2029 1272 2066 Tu
1291 2028 1441 2067 fortaffe
1461 2043 1594 2068 verum
1609 2031 1721 2077 dicis,

373 2095 436 2133 sed
455 2095 648 2147 requiram
668 2094 916 2148 diligentius:
943 2108 1071 2132 nonne
1091 2104 1267 2147 apertum
1288 2094 1340 2132 est
1361 2103 1480 2132 totam
1501 2095 1609 2134 illam
1630 2111 1722 2150 por-

373 2161 515 2206 ticum,
535 2160 718 2204 insanam,
741 2161 994 2198 Academicos
1015 2169 1144 2197 autem
1164 2173 1240 2212 prae
1260 2160 1337 2198 illis
1363 2160 1552 2200 modestos
1573 2164 1722 2202 cautos-

373 2241 449 2280 que
468 2226 662 2271 homines,
684 2225 807 2264 visum
830 2226 876 2263 iri
898 2226 1098 2278 Epicuro?

320 2294 375 2334 D.
397 2295 516 2332 Auo.
539 2292 600 2332 lib.
622 2306 680 2331 11.
702 2302 830 2332 contra
849 2291 989 2345 Acad]
1021 2293 1134 2330 Talia
1155 2291 1253 2331 mihi
1274 2292 1453 2332 videntur
1471 2295 1617 2340 omnia,
1639 2310 1724 2348 quae

374 2359 603 2412 probabilia,
642 2358 701 2397 vel
723 2359 941 2397 verisimilia
975 2359 1107 2413 putavi
1131 2359 1365 2398 nominanda
1380 2377 1391 2405 ς
1423 2374 1508 2413 quae
1529 2371 1571 2400 tu
1602 2362 1628 2400 si
1649 2363 1725 2401 alio

374 2427 534 2465 nomine
553 2427 609 2465 vis
630 2440 777 2472 vocare,
799 2425 898 2464 nihil
920 2440 1092 2483 repugno
1108 2444 1120 2472 3
1152 2426 1238 2465 satis
1259 2427 1364 2465 enim
1385 2427 1486 2466 mihi
1506 2428 1573 2474 est,
1594 2438 1631 2467 te
1640 2430 1723 2481 jam

377 2492 474 2530 bene
493 2492 687 2546 accepisse,
709 2493 804 2546 quid
824 2493 951 2532 dicam
964 2512 977 2540 3
1009 2494 1049 2532 id
1068 2493 1134 2539 est,
1165 2494 1307 2546 quibus
1333 2494 1445 2533 rebus
1464 2494 1546 2534 haec
1567 2497 1724 2535 nomina

423 2559 462 2597 T
477 2572 501 2597 o
518 2571 570 2597 M.
602 2559 677 2598 111.
1301 2561 1331 2598 F
1353 2559 1375 2598 f
1388 2560 1412 2598 f
