2223 3003
414 215 465 255 90
701 204 803 242 DE
861 201 1513 244 DIVINATIONE

413 302 525 341 nobis
559 301 796 354 praescribere
828 313 896 352 per
914 299 1109 337 somnium
1128 300 1367 337 curationem
1395 299 1624 339 valetudinis
1639 319 1652 346 3
1687 302 1802 356 Nep·

414 377 529 406 tunus
548 366 850 419 gubernantibus
869 377 947 402 non
966 363 1088 417 potest
1105 364 1118 401 ?
1150 364 1216 410 Et,
1243 364 1268 402 fi
1289 364 1364 402 fine
1383 365 1536 403 medico
1567 366 1803 405 medicinam

413 433 518 470 dabit
538 432 715 469 Minerva
731 448 742 475 ς
766 429 890 468 Mufae
909 429 1110 475 scribendi,
1132 430 1299 483 legendi,
1328 439 1549 469 caeterarum
1568 431 1710 469 artium
1729 431 1803 469 sci-

413 498 554 535 entiam
575 495 851 534 somniantibus
883 509 959 534 non
981 496 1126 534 dabunt
1144 497 1157 533 ?
1188 498 1243 535 At
1268 496 1292 534 fi
1313 498 1458 535 curatio
1478 497 1628 535 daretur
1655 497 1803 535 valetu-

411 563 527 608 dinis,
549 562 630 601 haec
651 576 820 615 quoque,
851 576 936 614 quae
955 562 1051 607 dixi,
1072 562 1275 601 darentur:
1304 577 1389 615 quae
1409 565 1593 616 quoniam
1613 577 1691 602 non
1708 563 1802 601 dan-

412 639 488 676 tur,
512 630 702 668 medicina
732 643 810 668 non
840 629 972 668 datur:
1005 643 1080 681 qua
1100 629 1258 675 sublata,
1290 630 1440 669 tollitur
1457 631 1584 669 omnis
1604 631 1802 670 auotoritas

412 696 664 734 somniorum.

468 763 556 801 LX.
603 761 674 800 Sed
706 760 787 799 haec
819 775 974 814 quoque
1006 761 1046 799 in
1077 771 1262 816 promptu
1292 761 1435 801 fuerint
1453 778 1462 802 ε
1494 775 1598 801 nunc
1624 761 1805 800 interiora

409 828 620 868 videamus.
665 829 748 865 Aut
768 828 873 866 enim
890 827 1018 866 divina
1038 828 1094 867 vis
1114 829 1303 881 quaedam,
1334 829 1534 868 consulens
1555 829 1679 874 nobis,
1700 828 1804 866 som-

410 895 566 933 niorum
587 892 880 946 significationes
899 892 992 931 facit
1006 912 1018 938 ;
1051 903 1116 932 aut
1148 895 1380 946 conjectores
1401 907 1448 933 ex
1467 895 1633 948 quadam
1661 906 1803 932 conve-

411 959 554 997 nientia
586 968 624 996 et
656 958 927 1010 conjunctione
947 967 1102 1004 naturae,
1133 972 1251 1011 quam
1281 968 1419 998 vocant
1450 956 1679 1008 συμπάθειαν,
1710 959 1805 1012 quid

411 1025 552 1077 cuique
572 1024 625 1062 rei
645 1024 861 1069 conveniat,
878 1037 925 1062 ex
943 1023 1114 1069 somniis,
1133 1033 1171 1063 et
1186 1024 1281 1077 quid
1296 1037 1492 1077 quamque
1510 1037 1593 1061 rem
1612 1025 1804 1077 sequatur,

409 1090 635 1143 intelligunt
646 1109 658 1135 5
681 1099 745 1128 aut
764 1103 896 1128 eorum
917 1098 1098 1129 neutrum
1119 1091 1187 1136 est,
1208 1090 1270 1128 sed
1289 1091 1464 1143 quaedam
1483 1089 1692 1129 observatio
1710 1103 1807 1130 con-

412 1156 507 1195 stans
527 1164 642 1208 atque
661 1155 842 1194 diuturna
859 1155 926 1201 est,
953 1169 1046 1194 cum
1066 1156 1161 1208 quid
1180 1155 1304 1195 visum
1324 1154 1534 1195 secundum
1553 1156 1725 1208 quietem
1745 1156 1807 1202 fit,

409 1221 505 1273 quid
524 1221 686 1266 evenire,
706 1229 743 1258 et
762 1220 856 1273 quid
877 1220 981 1274 sequi
1001 1220 1130 1260 soleat.

469 1289 649 1330 Primum
669 1291 967 1344 intelligendum
987 1291 1053 1337 est,
1086 1291 1234 1330 nullam
1253 1292 1335 1331 vim
1361 1292 1431 1331 effe
1449 1292 1621 1332 divinam
1640 1292 1805 1332 effectri-

408 1370 495 1395 cem
515 1356 769 1395 somniorum.
807 1358 939 1409 Atque
958 1357 1055 1396 illud
1076 1358 1234 1410 quidem
1254 1358 1499 1412 perspicuum
1519 1359 1584 1405 est,
1607 1359 1712 1397 nulla
1731 1359 1808 1397 visa

409 1422 649 1461 somniorum
668 1421 857 1476 proficisci
877 1437 897 1460 a
916 1423 1077 1462 numine
1103 1424 1278 1462 Deorum
1299 1439 1307 1462 :
1340 1424 1465 1463 nostra
1483 1425 1589 1463 enim
1607 1424 1715 1462 causa
1735 1425 1807 1462 Dii

408 1488 450 1526 id
469 1487 651 1533 facerent,
674 1497 716 1526 ut
735 1488 932 1541 providere
952 1488 1080 1527 futura
1098 1489 1302 1542 possemus.
1326 1490 1480 1542 Qotus
1494 1491 1614 1542 igitur
1632 1489 1685 1527 est
1700 1489 1806 1542 quis-

408 1567 500 1606 que,
518 1555 587 1607 qui
606 1555 765 1593 somniis
785 1556 938 1607 pareat?
968 1555 1036 1607 qui
1056 1555 1247 1607 intelligat
1266 1557 1279 1592 ?
1310 1557 1379 1608 qui
1400 1556 1621 1595 meminerit
1638 1556 1651 1592 ?
1674 1555 1807 1607 Qam

410 1619 526 1657 multi
557 1633 659 1665 vero,
701 1619 770 1672 qui
796 1627 1060 1665 contemnant,
1091 1633 1252 1672 eamque
1278 1620 1583 1674 superstitionem
1616 1621 1806 1660 imbecilli

409 1684 530 1723 animi
550 1693 664 1738 atque
684 1684 794 1723 anilis
814 1686 982 1737 putent?
1014 1685 1123 1736 Qid
1152 1685 1205 1724 est
1223 1685 1356 1738 igitur,
1389 1699 1457 1724 cur
1486 1685 1546 1724 his
1578 1685 1805 1724 hominibus

408 1751 608 1790 consulens
641 1751 764 1795 Deus,
796 1750 952 1789 somniis
982 1760 1138 1790 moneat
1167 1764 1244 1797 eos,
1275 1752 1343 1804 qui
1369 1751 1435 1790 illa
1465 1765 1542 1790 non
1563 1751 1681 1790 modo
1700 1751 1806 1797 cusai,

410 1817 471 1855 sed
492 1829 538 1853 ne
558 1816 745 1854 memoria
764 1816 937 1867 quidem,
955 1817 1071 1869 digna
1089 1816 1259 1855 ducant?
1281 1817 1367 1855 Nec
1387 1817 1492 1855 enim
1513 1817 1684 1870 ignorare
1699 1819 1806 1857 Deus

411 1881 547 1935 potest,
580 1895 656 1933 qua
685 1890 814 1919 mente
846 1881 1007 1934 quisque
1039 1882 1107 1927 fit;
1139 1895 1208 1920 nec
1228 1880 1376 1927 frustra,
1407 1896 1448 1921 ac
1480 1883 1555 1921 sme
1586 1884 1694 1921 causa
1713 1884 1807 1937 quid

411 1946 548 1991 facere,
584 1947 747 1999 dignum
768 1947 855 1985 Deo
873 1946 952 1985 est:
984 1947 1089 1999 quod
1109 1946 1286 1986 abhorret
1305 1949 1421 1986 etiam
1442 1949 1488 1987 ab
1510 1948 1679 1987 hominis
1710 1963 1806 1988 con-

412 2014 558 2052 stantia.
592 2014 662 2058 Ita,
690 2012 715 2051 s1
737 2012 915 2066 pleraque
936 2013 1082 2052 somnia
1101 2023 1165 2052 aut
1185 2015 1422 2067 ignorantur,
1444 2024 1507 2052 aut
1529 2015 1805 2067 negliguntur,

412 2090 477 2119 aut
498 2079 614 2118 nescit
634 2078 708 2117 hoc
731 2079 852 2124 Deus,
873 2088 937 2118 aut
957 2079 1091 2118 frustra
1111 2080 1348 2120 somniorum
1371 2081 1644 2134 significatione
1670 2082 1805 2120 utitur.

414 2145 485 2183 Sed
506 2144 645 2183 horum
667 2153 845 2183 neutrum
867 2145 907 2183 in
929 2145 1060 2183 Deum
1080 2146 1182 2184 cadit
1201 2161 1210 2184 :
1242 2145 1340 2184 nihil
1368 2146 1484 2199 igitur
1504 2160 1524 2183 a
1544 2147 1630 2184 Deo
1649 2146 1806 2186 somniis

413 2211 611 2263 significari
632 2209 831 2249 fatendum
851 2211 917 2250 est.

470 2278 578 2315 LXI.
611 2277 713 2315 Illud
743 2278 859 2316 etiam
881 2278 1046 2329 requiro,
1068 2291 1150 2323 cur,
1183 2278 1208 2317 si
1230 2280 1336 2317 Deus
1367 2279 1433 2317 ista
1452 2279 1528 2317 visa
1547 2279 1656 2318 nobis
1678 2280 1805 2332 provi-

414 2343 526 2381 dendi
547 2342 652 2381 causa
671 2342 748 2387 dat,
770 2356 846 2381 non
868 2342 1113 2395 vigilantibus
1132 2345 1258 2396 potius
1277 2344 1354 2388 det,
1371 2358 1487 2396 quam
1510 2344 1805 2382 dormientibus.

414 2408 498 2447 Sive
524 2409 629 2447 enim
659 2417 835 2447 externus
866 2418 903 2447 ct
934 2409 1162 2448 adventitius
1190 2409 1317 2463 pulsus
1350 2411 1498 2449 animos
1529 2410 1806 2449 dormientium

414 2483 650 2520 commovet,
670 2474 739 2513 live
754 2488 820 2528 per
840 2474 873 2512 sc
895 2475 959 2527 ipsu
982 2475 1099 2514 animi
1113 2485 1327 2520 moventur,
1344 2476 1415 2514 sive
1429 2490 1512 2529 quae
1529 2477 1635 2514 causa
1651 2477 1723 2515 alia
1737 2477 1803 2521 cst,

414 2554 482 2579 cur
510 2539 721 2580 secundum
751 2541 924 2594 quictem
944 2541 1090 2594 aliquid
1120 2541 1258 2586 videre,
1290 2542 1432 2587 audire,
1464 2555 1572 2595 agere
1597 2541 1806 2587 videamur,
