2223 3003
672 189 966 235 VARIAE
1052 194 1607 239 LECTIONES.

498 290 509 319 1

412 311 471 369 3·ςὸ
496 310 530 359 (8
551 329 702 369 magnilica
714 330 729 358 1
741 330 879 368 magnifica
892 330 1014 360 domorum

495 379 530 408 ¹9
551 369 614 398 sunt
624 371 650 405 ψ
662 370 688 398 d.

489 425 531 431 —
551 409 636 438 rebus
655 410 677 438 E
692 410 718 438 d.

492 458 529 478 20
550 449 602 477 ess'e
615 462 639 482 η,
654 450 679 482 ψ
691 449 737 486 ff
750 450 912 478 numerandis

489 504 531 511 —
551 489 634 517 rebus
650 490 672 517 E
688 489 701 516 1
715 490 740 517 N
761 490 790 518 U
804 490 830 524 ψ
843 490 954 518 homines
967 489 1043 517 rebus

488 543 528 551 —
550 528 812 558 circumfluentibus
830 530 859 558 U
882 529 1086 566 clrcumflutntes
1104 542 1122 558 e

597 569 780 605 confluentibus

493 617 526 636 21
551 608 815 642 eaEd.1e‚sbn

488 662 530 670 —
548 647 702 676 defiderare
716 648 729 675 Ι
742 649 882 687 dfiderare
893 659 925 679 ea
935 647 964 676 U
973 647 997 684 ψ
1010 647 1066 677 illut
1078 650 1120 677 de-

587 689 706 725 fiderare

489 736 528 756 22
551 727 666 756 satiatur
679 727 841 764 Isamralur

489 780 531 789 —-
550 766 607 795 fitis
623 767 739 804 Efhnus
753 767 852 805 slestnit

490 817 507 836 2
513 816 527 844 3
550 807 601 844 qui
617 807 639 835 Ε
654 819 712 845 quae

488 861 530 869 -
549 847 710 875 cruciantur
725 846 748 874 E
762 850 894 875 cruciatur

491 896 530 923 ²4
548 886 848 915 continentiffimorum
870 887 896 921 ψ
919 888 1120 925 convenientiffi‘-

596 938 691 955 'librum

487 981 528 989 —
548 965 695 995 hominum
710 965 737 1000 ψ
750 966 776 993 A.
793 966 978 1004 (cumspatio)

488 1021 530 1028 —-
550 1006 687 1041 majorum
703 1005 727 1033 E
742 1019 755 1036 n
769 1009 940 1045 majorumque

493 1056 527 1084 ²3
551 1046 620 1084 saepe
637 1047 660 1074 E
676 1045 728 1074 IN
744 1046 772 1074 U
786 1047 920 1084 slestmpcr

488 1101 528 1108 —
549 1086 600 1123 qui
615 1086 643 1114 N
659 1087 725 1123 quod

486 1141 528 1148 —
545 1125 692 1154 imbecilla
705 1125 728 1153 E
744 1124 772 1153 U
787 1125 811 1159 ψ
825 1124 961 1154 imbecillia

489 1166 527 1194 26
548 1165 635 1194 verbo
649 1167 672 1194 E
688 1178 712 1198 η,
725 1165 751 1199 ψ
764 1164 845 1193 verbo
848 1164 904 1199 salo

487 1220 528 1273 -—8
549 1206 719 1273 apspegalzda
732 1204 954 1281 -E'Zrappdlanda
968 1207 1010 1243 ff

490 1255 506 1274 2
549 1254 564 1272 e
587 1255 602 1272 e
698 1258 711 1276 η
726 1256 766 1273 me
786 1254 800 1272 e

490 1294 527 1323 29
550 1284 640 1312 bonus
656 1283 681 1318 ψ
699 1285 816 1312 bonorum

489 1334 527 1362 30
547 1323 640 1352 obfint
654 1324 677 1352 E
692 1323 705 1351 I
720 1325 745 1357 ψ
759 1332 787 1352 ut
804 1323 882 1361 obsint

486 1379 528 1386 —
548 1363 645 1401 probis
659 1363 690 1391 N
706 1363 732 1397 ψ
746 1364 816 1392 bonis

488 1418 529 1425 —
549 1403 618 1432 licet
632 1404 654 1431 E
670 1403 684 1430 Ι
698 1403 757 1431 lim
771 1414 807 1430 me
817 1403 861 1431 boc
869 1410 976 1442 propter
989 1404 1055 1442 quod
1065 1405 1120 1432 dito

495 1452 527 1481 3¹
553 1451 647 1471 tamen
665 1452 733 1471 vera
747 1443 760 1470 1
773 1443 800 1471 d.

410 1494 467 1524 337
513 1492 524 1511 ι
549 1482 624 1511 bona
638 1482 651 1510 Ι
663 1483 688 1517 ψ
700 1483 773 1510 illum
786 1483 852 1511 bona

512 1533 528 1552 2
550 1532 636 1560 pecus
650 1522 663 1550 Ι
673 1525 807 1560 pecuniam

487 1577 528 1587 -—
549 1563 750 1600 supelleftilem
773 1563 796 1591 E
813 1561 968 1600 fipelleffile
985 1561 1016 1590 N
1033 1562 1119 1600 susd-

596 1603 688 1631 In‘ldes

488 1657 528 1665 —-
549 1652 640 1681 neque
655 1651 711 1670 non
727 1643 749 1671 E
765 1653 808 1670 nte
820 1654 885 1671 vero
902 1642 916 1670 1
934 1643 961 1671 U
978 1657 1002 1677 n,
1017 1643 1042 1676 ᾧ
1062 1655 1117 1672 nec-

598 1695 646 1711 nan

512 1732 526 1759 3
551 1730 582 1751 ut
593 1724 705 1761 opinor,
725 1723 775 1762 qui
789 1722 804 1750 I
818 1726 873 1761 qui,
895 1732 923 1751 ut
937 1727 1022 1760 opincr

487 1777 528 1786 ·-·
548 1762 577 1790 in
593 1763 696 1800 septem
714 1763 725 1791 1
740 1777 764 1797 κ,
779 1776 807 1796 cr,
823 1762 850 1798 ψ
864 1766 931 1791 inm
939 1764 1033 1801 septem
1041 1764 1119 1802 fhpi-

593 1812 658 1831 entes
673 1803 702 1831 N
720 1803 745 1831 U
762 1805 932 1841 interstplem

509 1852 528 1880 4
550 1842 667 1871 Prienen
682 1844 705 1872 E
722 1843 750 1872 N
766 1843 790 1877 ψ
803 1843 904 1880 plenam
920 1856 938 1871 ο·
952 1843 976 1871 d.

487 1897 527 1905 —-
547 1883 587 1911 ita
603 1883 624 1910 E
640 1886 704 1912 tnim
718 1886 759 1911 ita

511 1933 522 1959 ς
548 1922 630 1951 rebus
645 1923 735 1952 secum
751 1937 779 1958 e,
794 1921 820 1958 ψ
834 1924 862 1951 d.

486 1977 525 1985 —
545 1963 610 1992 ess'et
624 1976 637 1993 η
651 1963 676 1991 d.

508 2012 523 2037 ’,-
547 2012 581 2031 ne
596 2002 643 2031 sua
656 2003 773 2041 quidem
787 2004 809 2032 E
823 2004 897 2040 nfisa
909 2004 1008 2042 quidem
1019 2015 1066 2033 non
1076 2006 1120 2043 effi

509 2043 525 2070 8
547 2051 597 2070 nos
612 2042 641 2071 U
655 2045 681 2072 d.

486 2095 529 2104 -—
550 2082 629 2120 Qid
646 2095 663 2110 σ
676 2085 732 2120 quis
745 2083 771 2118 ᾧ
783 2085 852 2121 quod

488 2136 528 2144 ¹·—
549 2122 586 2150 est
601 2123 624 2150 E
639 2121 653 2150 Ῑ
668 2136 680 2153 η
686 2124 725 2160 fi!

508 2171 526 2199 9
547 2161 651 2190 virtute
667 2162 680 2189 Ι
696 2165 798 2190 virtute
810 2163 843 2198 est
857 2161 883 2195 ψ
895 2165 1011 2192 veritate

491 2210 526 2230 10
547 2201 576 2229 id
593 2201 663 2229 bene
748 2203 852 2230 virtute
866 2201 903 2229 est
917 2201 930 2228 I
942 2202 968 2230 d.

493 2250 527 2270 12
548 2240 710 2270 obscuriora
721 2242 746 2270 E
759 2243 867 2279 cbscura
880 2254 907 2274 e,
923 2240 951 2277 ψ
964 2243 1085 2281 odifiora

487 2294 528 2303 —
547 2290 611 2310 cum
627 2281 651 2309 E
666 2281 679 2309 1
694 2282 721 2310 N
739 2282 767 2311 U
792 2295 805 2312 η
822 2293 877 2310 cum
888 2281 947 2318 stae
966 2284 1118 2321 appqfitione

485 2373 527 2383 ——
546 2321 778 2390 Ιεηῖιξῖῗιῖζιῖα
793 2361 823 2390 U
838 2375 850 2392 n
864 2361 956 2390 lentius
969 2363 995 2398 ψ
1008 2361 1072 2393 lente

485 2414 526 2422 —
546 2399 724 2438 disputantur
738 2401 751 2429 1
767 2402 796 2430 U
810 2402 943 2440 daspueane

491 2447 526 2479 ις
550 2440 637 2470 ullam
651 2441 674 2470 E
691 2441 719 2471 U
734 2441 808 2471 illam

1263 291 1272 318 l

1194 311 1230 369 ⁸57
1256 311 1290 366 ¹}
1311 338 1359 360 aut
1373 331 1434 361 auri
1456 332 1479 361 E
1493 332 1507 361 1
1523 332 1672 364 UauriN
1686 348 1709 371 η,
1725 348 1753 370 e,
1769 337 1836 373 ψά-

1251 385 1293 432 ῑ.
1312 371 1436 440 Ξὲθείι

1258 451 1290 478 18
1312 449 1492 520 supltgtjgtjlis
1513 454 1527 483 I
1544 455 1738 494 stepellavilium
1757 455 1784 493 ψ
1797 456 1885 496 stapel·

1252 542 1293 550 —
1311 529 1345 557 ad
1362 530 1477 561 delicias
1493 533 1523 561 N
1536 535 1560 562 d.
1582 534 1607 569 ψ
1621 535 1661 563 od
1670 536 1787 565 divitias

1257 578 1292 606 19
1314 578 1380 598 ante
1395 584 1412 598 ι·
1425 572 1503 600 vobi:
1516 583 1576 602 ante

1256 617 1294 636 20
1314 609 1438 639 Romulo
1453 613 1476 640 E
1489 613 1501 640 Ι
1517 614 1545 642 U
1557 627 1582 647 n,
1598 612 1625 649 ψ
1637 614 1741 644 Romulo
1755 618 1864 653 incipere

1252 662 1292 669 —
1312 649 1399 677 vultis
1411 651 1433 679 E
1448 653 1532 681 vultis
1539 657 1612 691 prius

1256 696 1288 715 21
1313 697 1374 716 eam
1390 703 1417 723 σ,
1430 691 1455 725 ψ
1468 693 1491 719 d.

1256 737 1293 755 22
1315 727 1382 756 iisne
1397 731 1419 757 E
1432 732 1502 766 hisne

1252 781 1294 788 —
1313 768 1394 806 gestis
1410 769 1433 797 E
1449 770 1509 800 bene
1517 774 1596 810 gestis

1253 821 1294 827 —
1314 816 1399 845 atque
1413 811 1436 838 E
1452 822 1487 839 an

1254 855 1290 884 23
1314 847 1418 877 Numae
1435 849 1570 888 Pompilii
1585 853 1608 880 E
1624 852 1638 880 Ι
1654 853 1885 885 UnNumaPom-

1357 888 1440 925 pilius
1455 889 1486 917 N
1500 904 1528 924 σ,
1543 890 1581 926 ψ,
1597 906 1608 920 ο
1622 893 1710 922 Numa
1724 894 1865 933 Pompilius

1254 934 1292 962 24
1314 927 1427 957 urnulas
1443 929 1561 968 *lafialas

1253 980 1294 988 -—
1313 965 1430 996 filicatas
1444 969 1466 997 E
1482 970 1495 999 I
1510 971 1539 999 N
1556 971 1585 1000 U
1605 985 1618 1002 n
1633 972 1756 1002 delicatas
1775 975 1800 1010 ψ
1812 975 1884 1014 fili-

1360 1017 1433 1037 (alas

1256 1053 1290 1082 ²5
1314 1045 1484 1077 arbitramur
1498 1063 1509 1081 η
1520 1052 1547 1078 d.

1255 1084 1292 1112 26
1314 1085 1472 1124 Superbum
1490 1090 1503 1118 Ι
1519 1103 1532 1120 η
1547 1090 1681 1128 Superbum
1694 1090 1866 1132 Tarquinium

1254 1139 1294 1146 —
1316 1126 1385 1163 quid
1400 1129 1490 1166 egerit
1505 1143 1522 1157 σ
1535 1132 1563 1158 d.

1256 1172 1292 1200 27
1315 1166 1382 1194 item
1398 1169 1422 1201 ψ
1436 1172 1513 1198 etiam

1253 1218 1294 1225 —
1313 1206 1437 1248 {eliquos
1452 1209 1465 1236 Ι
1480 1219 1568 1238 ceteros

1255 1245 1292 1272 28
1315 1247 1497 1282 lpcstaverint
1517 1251 1540 1279 E
1556 1249 1570 1278 I
1585 1250 1615 1278 N
1631 1251 1660 1280 U
1676 1265 1703 1286 σ,
1718 1253 1744 1288 ψ
1765 1257 1882 1292 expeHa-

1362 1290 1452 1315 verint

1255 1337 1298 1345 -
1318 1323 1404 1354 secuti
1421 1328 1443 1354 E
1462 1329 1473 1356 Ι
1489 1329 1518 1356 N
1533 1344 1560 1363 η,
1573 1331 1599 1364 ψ
1611 1332 1731 1366 conseculi

1251 1378 1294 1385 —-
1314 1364 1377 1402 quis
1395 1366 1422 1394 U
1437 1368 1463 1396 d.

1252 1418 1293 1425 —
1313 1403 1360 1432 cui
1375 1406 1507 1444 voluptas
1522 1422 1540 1437 σ
1551 1411 1579 1437 d.

1254 1452 1285 1480 31
1313 1443 1350 1471 C.
1373 1445 1646 1486 EINUmxlaQ

1255 1491 1292 1519 3²
1314 1483 1453 1514 Coclitem
1471 1487 1494 1515 E
1508 1487 1522 1514 1
1538 1488 1566 1516 U
1582 1490 1705 1518 Oratium
1720 1490 1838 1521 Coclitem

1255 1531 1291 1560 33
1316 1523 1388 1560 Qae
1403 1525 1426 1552 E
1442 1526 1498 1555 IN
1514 1527 1542 1556 U
1556 1540 1614 1566 quet
1628 1532 1675 1557 vis

1253 1576 1293 1583 —
1314 1572 1378 1600 quae
1393 1564 1406 1591 Ι
1419 1566 1517 1605 ejusque

1252 1616 1293 1624 ·—-
1313 1604 1457 1634 devotavit
1481 1607 1504 1635 E
1530 1607 1559 1635 U
1577 1610 1689 1638 devovit
1710 1612 1725 1639 Ι
1743 1613 1887 1641 devotavit

1362 1645 1425 1679 (sed
1434 1657 1489 1675 cum
1497 1651 1601 1684 paneis
1615 1651 1802 1689 tasubpfitis)

1253 1696 1295 1703 —
1315 1690 1400 1721 atque
1415 1686 1437 1713 E
1454 1686 1482 1714 U
1497 1697 1520 1715 et
1535 1701 1562 1721 σ,
1575 1689 1600 1722 ψ
1615 1690 1641 1717 d.

1254 1736 1294 1742 —
1314 1722 1429 1753 immifit
1445 1725 1456 1753 I
1472 1729 1617 1765 immisrqae
1632 1729 1660 1757 U
1674 1730 1738 1766 miste

1255 1770 1293 1798 34
1313 1762 1349 1790 C·
1365 1776 1390 1797 2»
1403 1765 1428 1799 Φ
1443 1766 1481 1802 Q

1177 1802 1235 1840 358
1279 1811 1293 1838 3
1316 1801 1563 1845 intercludendum
1578 1808 1603 1840 ψ
1617 1812 1666 1836 iter
1677 1809 1844 1840 claeadtndum

1274 1851 1294 1877 4
1314 1844 1476 1880 mterjessus
1491 1847 1513 1874 E
1527 1850 1676 1885 intemptm

1276 1891 1290 1918 5
1314 1882 1491 1913 abundamus
1508 1886 1536 1913 N
1552 1887 1730 1916 habundamus

1274 1921 1292 1948 6
1314 1923 1445 1961 cogitasse
1527 1929 1714 1964 expetendum
1738 1929 1760 1957 E
1785 1929 1814 1958 U
1831 1938 1883 1968 pu-

1361 1965 1424 1998 tefire
1436 1964 1492 1992 1llos
1506 1969 1639 2003 quicquam
1653 1980 1681 1995 m
1693 1971 1757 1996 vita
1767 1969 1822 2006 fibi
1841 1973 1884 2007 effi

1361 2007 1519 2039 expandam
1531 2010 1645 2044 cognoſse
1659 2007 1672 2034 I
1687 2021 1699 2038 η
1709 2016 1827 2045 pedam-u!
1841 2022 1882 2038 nos

1366 2043 1423 2070 illex
1441 2046 1555 2082 cogitaffl
1569 2057 1618 2083 qun.
1627 2058 1701 2085 quom
1715 2051 1741 2075 in
1755 2049 1803 2076 hac
1818 2059 1882 2078 ‘vna

1351 2082 1408 2120 fibi
1420 2085 1461 2121 ff
1477 2087 1636 2121 expetendum
1658 2087 1687 2114 N
1706 2095 1825 2124 putamus
1844 2101 1882 2117 cos

1360 2126 1496 2161 quicquam
1506 2128 1620 2163 cogimffl
1632 2129 1765 2164 quisquam
1778 2140 1805 2155 ιη
1820 2132 1883 2157 vita

1357 2162 1414 2190 orbi
1427 2163 1471 2200 effi
1483 2173 1641 2202 expetenaum
1656 2167 1680 2199 ᾧ
1694 2178 1729 2194 an
1745 2178 1883 2205 cognanum

1361 2213 1404 2230 ms
1427 2203 1483 2231 illos
1498 2207 1597 2242 puraffi
1615 2210 1748 2244 quicquam
1768 2211 1797 2236 in
1817 2213 1888 2236 vna

1350 2242 1405 2279 fib!
1419 2247 1577 2280 expetendum

1275 2290 1291 2318 7
1313 2281 1673 2323 effeINUn,c·,slafft

1274 2323 1291 2350 8
1313 2321 1356 2349 isti
1370 2322 1395 2356 ψ
1409 2325 1482 2360 tstim

1251 2376 1292 2384 —-·
1311 2361 1395 2398 hujus
1410 2361 1436 2396 ψ
1451 2364 1478 2391 d.

1251 2416 1292 2425 —
1312 2400 1453 2431 sementim
1469 2403 1491 2431 E
1500 2403 1636 2439 samntiae
1648 2415 1709 2433 meae

1272 2450 1291 2480 9
1311 2441 1409 2479 etjam
1424 2441 1447 2470 Ε
1462 2442 1476 2471 Ι
1494 2443 1521 2472 U
1537 2456 1549 2475 η
1563 2446 1708 2474 etiamed.
