2223 3003
718 239 996 280 LIBER
1053 240 1467 280 TERTIUS.
1720 242 1797 294 289

392 337 437 377 id
457 351 534 378 non
554 337 705 378 feceris.
749 339 856 378 Nam
877 340 997 392 pirata
1018 352 1094 377 non
1115 338 1167 377 est
1197 338 1454 392 perduellium
1476 350 1637 378 numero
1658 338 1797 376 defini-

395 414 472 451 tus,
502 403 565 444 sed
594 405 815 444 communis
845 404 963 444 hostis
994 405 1202 444 omnium:
1234 419 1327 444 cum
1355 404 1430 445 hoc
1462 418 1531 444 nec
1551 404 1645 443 fides
1671 404 1798 449 debet,

396 484 469 510 nec
483 472 754 525 jusjurandum
784 471 855 510 effe
874 485 1097 510 commune.
1144 472 1239 511 Non
1270 473 1375 511 enim
1396 472 1535 511 falsum
1549 473 1690 524 jurare,
1711 484 1799 524 per-

388 537 519 589 jurare
539 538 591 577 est
605 557 618 584 ;
650 538 726 583 sed,
760 537 864 590 quod
885 551 931 575 ex
963 537 1082 575 animi
1103 537 1161 575 tui
1182 537 1364 576 sententia
1378 539 1530 590 juraris,
1560 537 1655 576 ficut
1675 536 1800 575 verbis

396 604 618 657 concipitur
636 616 743 642 more
763 602 904 647 nostro,
926 603 965 640 id
985 616 1062 640 non
1084 601 1220 648 facere,
1243 604 1455 656 perjurium
1476 604 1541 642 est.
1575 604 1674 642 Scite
1695 603 1801 641 enim

396 669 601 723 Euripides
618 687 630 714 3

534 735 689 789 Juravi
703 734 840 788 linguei,
859 743 1007 774 mentem
1027 734 1225 787 injuratum
1239 749 1339 789 gero.

398 803 574 856 Regulus
605 816 694 841 vero
735 816 812 840 non
844 802 979 841 debuit
1009 803 1248 841 conditiones
1282 803 1550 856 pastionesque
1585 805 1738 843 bellicas
1765 814 1803 844 et

394 869 550 908 hostiles
570 867 791 922 perturbare
816 869 1010 921 perjurio:
1041 882 1135 907 cum
1162 869 1266 921 justo
1284 870 1392 908 enim
1425 879 1463 908 et
1489 870 1667 923 legitimo
1697 870 1803 909 hoste

398 947 455 972 res
476 935 676 988 gerebatur
691 953 703 980 3
735 933 905 973 adversus
926 948 1044 986 quem
1064 943 1102 972 et
1122 943 1250 973 totum
1264 935 1329 986 jus
1350 934 1496 981 feciale,
1519 946 1557 975 et
1577 937 1700 975 multa
1719 937 1806 975 sunt

391 1001 482 1053 jura
501 1001 740 1040 communia.
773 1001 891 1052 Qod
912 1002 951 1039 ni
972 1002 1024 1040 ita
1043 1000 1144 1046 esset,
1178 1015 1378 1055 nunquam
1399 1003 1519 1042 claros
1539 1004 1638 1042 viros
1659 1004 1805 1043 senatus

399 1068 548 1106 νίηξὶοε
567 1066 741 1105 hostibus
761 1066 971 1105 dedidisset.

456 1135 590 1173 XXX.
622 1137 678 1172 At
707 1147 795 1172 vero
818 1135 871 1173 T.
894 1134 1078 1173 Veturius
1109 1143 1147 1173 et
1182 1136 1246 1188 Sp.
1270 1135 1503 1182 Postumius,
1538 1150 1631 1175 cum
1663 1138 1806 1177 iterum

403 1200 590 1240 Consules
610 1199 740 1244 efferit,
761 1200 865 1252 quia,
898 1213 990 1238 cum
1011 1200 1110 1238 male
1129 1211 1345 1254 pugnatum
1366 1203 1467 1255 apud
1488 1204 1684 1242 Caudium
1705 1204 1807 1250 ess‘et,

401 1266 621 1320 legionibus
655 1265 790 1304 nostris
825 1265 894 1304 sub
922 1267 1066 1318 jugum
1101 1267 1233 1313 mistis,
1275 1281 1410 1321 pacem
1443 1282 1535 1307 cum
1571 1271 1809 1308 Samnitibus

402 1331 584 1377 fecerant,
616 1332 736 1370 dediti
767 1331 853 1370 sunt
873 1331 962 1377 his;
994 1331 1134 1384 injuffu
1161 1334 1266 1371 enim
1296 1334 1432 1387 populi
1463 1335 1685 1388 senatusque
1706 1335 1810 1374 fece-

403 1409 501 1438 rant.
534 1399 764 1451 Eodemque
784 1408 956 1452 tempore
974 1399 1071 1438 Tib.
1094 1399 1323 1446 Numicius,
1351 1400 1599 1452 QMaelius,
1635 1402 1702 1455 qui
1725 1411 1812 1441 tum

402 1465 553 1506 tribuni
584 1466 708 1520 plebis
739 1476 858 1511 erant,
891 1466 995 1519 quod
1015 1480 1150 1505 eorum
1171 1467 1394 1506 auetoritate
1411 1482 1486 1521 pax
1507 1479 1585 1508 erat
1605 1468 1715 1515 faeta,
1744 1471 1812 1508 de-

405 1533 480 1572 diti
510 1533 610 1577 sunt,
643 1541 687 1570 ut
717 1545 791 1585 pax
826 1533 1061 1571 Samnitium
1083 1533 1358 1586 repudiaretur.
1401 1536 1532 1587 Atque
1558 1535 1674 1588 hujus
1701 1536 1812 1575 dedi-

406 1599 524 1638 tionis
544 1598 622 1652 ipse
642 1597 877 1643 Postumius,
899 1599 967 1651 qui
988 1599 1210 1645 dedebatur,
1231 1599 1354 1637 suasor
1373 1610 1410 1638 et
1430 1602 1560 1639 auCtor
1580 1601 1669 1640 fuit.
1694 1602 1816 1653 Qod

406 1665 513 1704 idem
534 1665 669 1703 multis
686 1665 794 1702 annis
815 1665 897 1717 post
919 1666 966 1702 C.
990 1665 1229 1710 Mancinus;
1261 1666 1344 1718 qui,
1366 1675 1410 1704 ut
1430 1667 1702 1713 Numantinis,
1724 1669 1814 1721 qui-

407 1732 573 1771 buscum
607 1731 684 1770 fine
718 1730 864 1769 senatus
896 1731 1116 1769 auctoritate
1149 1731 1276 1771 foedus
1310 1731 1465 1779 fecerat,
1502 1733 1714 1781 dederetur,
1750 1749 1815 1775 ro-

409 1800 606 1854 gationem
626 1797 735 1836 suafit
755 1811 854 1844 eam,
873 1812 990 1851 quam
1012 1799 1060 1837 L.
1086 1799 1240 1845 Furius,
1262 1808 1301 1837 et
1322 1800 1408 1839 Sex.
1432 1801 1578 1840 Atilius
1598 1816 1645 1841 ex
1666 1803 1815 1842 senatus

408 1865 585 1904 consulto
604 1863 802 1910 ferebant,
835 1878 910 1917 qua
929 1873 1096 1917 accepta,
1129 1865 1181 1903 est
1207 1864 1380 1904 hostibus
1398 1866 1562 1906 deditus.
1604 1868 1816 1907 Honestius

407 1932 488 1977 hic,
520 1945 638 1985 quam
660 1932 960 1984 QPompeius,
984 1945 1075 1984 quo,
1098 1945 1190 1970 cum
1212 1933 1251 1970 in
1272 1934 1404 1971 eadem
1424 1933 1532 1971 causa
1551 1933 1651 1980 esset,
1681 1936 1815 1989 depre-

409 2007 534 2044 cante,
556 2007 710 2052 accepta
728 1997 790 2037 lex
811 2012 887 2036 non
909 1999 974 2037 est.
1022 1999 1102 2037 Hic
1123 2013 1178 2045 ea,
1211 2013 1296 2052 quae
1315 2000 1515 2039 videbatur
1535 2001 1694 2046 utilitas,
1731 2003 1818 2055 plus

409 2065 543 2110 valuit,
572 2079 692 2118 quam
711 2063 909 2104 honestas:
933 2065 1034 2118 apud
1055 2065 1278 2118 superiores,
1301 2067 1477 2104 utilitatis
1500 2066 1640 2119 species
1661 2066 1750 2106 falsa
1771 2070 1817 2108 ab

411 2129 618 2169 honestatis
638 2131 861 2169 auctoritate
881 2131 1051 2184 superata
1070 2132 1135 2170 est.

467 2198 522 2236 At
542 2211 620 2235 non
641 2197 777 2235 debuit
796 2206 920 2235 ratum
943 2198 1027 2243 effe,
1061 2198 1164 2250 quod
1186 2206 1262 2236 erat
1296 2200 1425 2236 actum
1456 2213 1524 2252 per
1554 2201 1648 2239 vim.
1701 2202 1819 2254 Qasl

412 2277 501 2303 vero
532 2261 624 2302 forti
651 2263 733 2301 viro
764 2263 820 2300 vis
851 2263 961 2316 poffit
993 2262 1178 2301 adhiberi.
1226 2265 1308 2302 Cur
1328 2265 1447 2317 igitur
1466 2266 1512 2304 ad
1533 2266 1705 2306 senatum
1727 2283 1818 2321 pro·

413 2330 668 2375 ficiscebatur‚
700 2343 792 2368 cum
813 2329 1019 2382 praesertim
1051 2330 1096 2367 de
1116 2330 1276 2383 captivis
1304 2331 1529 2371 dissuasurus
1550 2334 1637 2372 esset
1657 2335 1668 2371 ?
1703 2335 1820 2386 Qod

415 2397 632 2435 maximum
654 2397 693 2434 in
714 2409 759 2434 eo
778 2395 844 2441 est,
877 2395 917 2433 id
938 2395 1237 2449 reprehenditis:
1271 2411 1348 2436 non
1369 2399 1474 2437 enim
1497 2399 1562 2438 suo
1576 2401 1726 2453 judicio
1748 2402 1818 2438 ste—

415 2462 477 2507 tit,
499 2461 561 2500 sed
581 2462 743 2516 suscepit
763 2462 928 2507 causam,
960 2473 1003 2500 ut
1022 2462 1112 2500 esset
1138 2463 1333 2514 judicium
1355 2465 1528 2511 senatus;
1560 2467 1623 2504 cui
1656 2467 1723 2504 nisi
1745 2466 1821 2519 ipse

417 2529 546 2565 auctor
565 2527 705 2573 fuiss‘et,
735 2530 877 2582 captivi
909 2528 1081 2582 profefm
1103 2530 1230 2567 Poenis
1252 2530 1388 2569 redditi
1408 2531 1552 2571 essent:
1584 2533 1636 2571 ita
1667 2533 1821 2571 incolu-

409 2593 494 2633 snis
525 2593 564 2631 in
594 2596 713 2646 patria
748 2596 922 2648 Regulus
958 2595 1171 2635 restitifi‘ct:
1211 2597 1316 2649 quod
1347 2598 1437 2650 quia
1457 2600 1586 2650 patriae
1620 2612 1696 2638 non
1728 2599 1823 2637 utile

495 2661 627 2700 ΤοΜ.
660 2661 734 2702 111.
1443 2666 1479 2703 O
1502 2678 1525 2703 o
