2223 3003
419 307 499 344 204
817 290 920 328 DE
993 288 1420 328 OFFICIIS

418 391 560 429 finibus
581 388 821 427 continerent
838 405 849 431 ;
881 395 946 425 aut
965 386 1154 439 interjecti
1179 387 1279 425 inter
1299 386 1565 440 philosophos,
1595 397 1634 426 et
1653 400 1730 433 eos,
1751 390 1822 441 qui

417 454 698 507 rempublicam
728 451 1047 497 administrarent,
1077 451 1354 490 delectarentur
1373 465 1411 490 re
1431 451 1495 490 sua
1514 451 1708 498 familiari,
1741 467 1818 492 non

417 534 500 558 eam
531 518 690 571 quidem
721 517 830 556 omni
862 517 1007 555 ratione
1036 527 1319 571 exaggerantes,
1351 531 1475 571 neque
1505 518 1753 558 excludentes
1772 520 1820 558 ab

414 587 496 638 ejus
530 584 597 623 usu
617 584 726 629 suos;
758 583 962 637 potiusque
991 593 1029 622 et
1048 585 1183 622 amicis
1213 585 1492 638 impertientes,
1523 594 1560 623 et
1587 585 1820 638 reipublicae‚

415 652 441 689 fi
462 651 617 704 quando
648 650 735 689 usus
767 650 867 689 efi‘et.
912 651 1011 701 Qae
1030 648 1202 703 primum
1224 651 1321 689 bene
1347 659 1453 704 parta
1473 651 1532 695 fit,
1562 651 1671 690 nullo
1697 665 1821 704 neque

414 719 519 772 turpi
539 718 698 771 quaestu,
730 731 853 770 neque
874 717 1029 762 odioso,
1062 726 1147 755 tum
1179 731 1296 770 quam
1318 717 1511 770 plurimis,
1539 717 1656 756 modo
1677 718 1819 771 dignis,

413 784 451 823 se
471 785 609 824 utilem
629 784 818 838 praebeat,
850 783 986 821 deinde
1006 793 1188 836 augeatur
1210 784 1369 828 ratione,
1400 784 1614 837 diligentia,
1635 781 1821 837 parsimo-

413 854 478 892 nia
495 867 505 891 :
538 865 607 890 nec
625 851 780 889 libidini
800 850 930 902 potius
952 849 1205 901 luxuriaeque,
1236 863 1355 902 quam
1375 850 1594 888 liberalitati
1614 860 1653 888 et
1672 851 1821 889 benefi-

414 919 563 963 centiae,
585 925 724 970 pateat.
784 916 883 953 Haec
913 914 1129 968 praescripta
1148 914 1360 953 servantem
1380 915 1472 953 licet
1492 916 1712 969 magnifice,
1733 931 1821 970 gra-

412 986 523 1030 viter,
555 982 801 1035 animoseque
821 982 961 1028 vivere,
983 991 1096 1034 atque
1116 981 1233 1020 etiam
1252 981 1493 1035 fimpliciter‚
1513 982 1692 1028 fideliter,
1713 984 1824 1023 vitae·

413 1066 490 1105 que
509 1052 719 1091 hominum
739 1049 879 1088 amice.

470 1119 644 1158 XXVII.
663 1117 858 1170 Sequitur,
879 1125 923 1155 ut
939 1115 986 1154 de
1001 1129 1077 1155 una
1096 1116 1242 1169 reliqua
1262 1125 1367 1170 parte
1387 1114 1594 1155 honestatis
1614 1117 1826 1156 dicendum

413 1185 483 1225 fit:
516 1185 557 1223 in
577 1197 653 1237 qua
672 1182 914 1228 verecundia,
945 1191 982 1221 et
1003 1182 1107 1235 quafi
1127 1182 1287 1235 quidam
1308 1191 1463 1221 ornatus
1478 1183 1580 1228 vitae,
1603 1192 1827 1237 temperan-

413 1252 468 1290 tia
498 1260 536 1289 et
556 1249 751 1294 modestia,
787 1249 991 1302 omnisque
1011 1248 1151 1287 sedatio
1180 1248 1516 1302 perturbationum
1535 1250 1671 1294 animi,
1705 1259 1743 1287 et
1763 1263 1824 1288 re-

413 1332 504 1357 rum
535 1317 675 1357 modus
699 1316 883 1354 cernitur.
916 1316 1008 1354 Hoc
1028 1315 1115 1354 loco
1134 1315 1355 1354 continetur
1373 1315 1427 1360 id,
1449 1315 1555 1368 quod
1585 1315 1662 1353 dici
1684 1316 1824 1354 Latine

413 1384 576 1425 decorum
596 1382 744 1437 potest,
777 1382 912 1421 Graece
932 1381 1037 1420 enim
1056 1378 1184 1435 πρέπον
1204 1381 1361 1420 dicitur.
1393 1381 1525 1434 Hujus
1547 1381 1603 1420 vis
1623 1395 1665 1419 ea
1693 1382 1758 1427 est,
1781 1392 1825 1420 ut

413 1450 462 1489 ab
490 1449 650 1490 honesto
670 1463 748 1488 non
769 1457 884 1501 queat
903 1444 1075 1500 separari.
1127 1447 1233 1486 Nam
1261 1456 1300 1485 et
1330 1448 1435 1500 quod
1466 1447 1588 1492 decet,
1619 1446 1828 1486 honestum

413 1517 466 1555 est
480 1535 493 1562 ;
516 1525 555 1555 et
574 1516 679 1569 quod
698 1514 903 1553 honestum
923 1513 989 1559 est,
1021 1513 1143 1552 decet.

469 1583 608 1635 Qalis
628 1591 759 1620 autem
777 1579 992 1619 differentia
1011 1580 1057 1618 fit
1082 1579 1230 1619 honesti
1250 1588 1289 1618 et
1314 1579 1458 1625 decori,
1489 1578 1640 1619 facilius
1675 1580 1825 1619 intelli-

413 1649 468 1702 gi,
499 1662 616 1702 quam
638 1647 846 1701 explanari,
868 1640 1005 1701 potest.
1038 1646 1245 1698 Qidquid
1266 1646 1318 1685 est
1338 1647 1459 1691 enim,
1491 1647 1597 1699 quod
1617 1647 1762 1693 deceat,
1785 1647 1829 1685 id

414 1726 500 1754 tum
521 1725 688 1769 apparet,
720 1728 813 1752 cum
843 1712 1048 1767 antegressa
1067 1712 1120 1751 est
1150 1711 1338 1751 honestas.
1377 1714 1511 1765 Itaque
1531 1726 1608 1752 non
1629 1713 1754 1752 solum
1782 1713 1827 1751 in

414 1780 486 1819 hac
507 1790 611 1834 parte
629 1780 851 1825 honestatis,
882 1780 929 1817 de
952 1792 1028 1832 qua
1045 1778 1121 1817 hoc
1143 1779 1230 1817 loco
1249 1777 1507 1817 differendum
1529 1778 1595 1823 est,
1618 1778 1680 1816 sed
1706 1779 1828 1817 etiam

415 1847 455 1885 in
481 1847 602 1884 tribus
620 1845 891 1897 superioribus,
914 1845 1008 1896 quid
1030 1845 1175 1889 deceat,
1197 1855 1365 1897 apparet.
1397 1844 1506 1883 Nam
1525 1854 1563 1882 et
1584 1845 1728 1883 ratione
1748 1845 1822 1890 uti,

415 1922 529 1965 atque
549 1911 719 1950 oratione
738 1909 943 1963 prudenter
958 1927 970 1954 ;
1002 1919 1040 1947 et
1059 1923 1166 1961 agere
1185 1910 1289 1962 quod
1309 1923 1409 1961 agas,
1441 1910 1671 1947 considerate
1688 1929 1700 1954 ;
1731 1925 1823 1948 om—

415 1978 533 2030 nique
552 1977 591 2015 in
614 1990 652 2014 rc
672 1976 767 2029 quid
787 1975 830 2014 fit
847 1975 940 2020 veri,
971 1974 1098 2013 videre
1127 1984 1165 2012 et
1186 1975 1284 2012 tueri
1317 1975 1452 2012 decet:
1484 1984 1694 2027 contraque
1723 1974 1822 2020 falli,

414 2057 548 2089 errare,
580 2043 671 2087 labi,
703 2042 829 2095 decipi
865 2051 943 2080 tam
978 2041 1149 2086 dedecet,
1186 2055 1302 2093 quam
1335 2040 1493 2078 delirare
1523 2050 1560 2078 et
1592 2051 1722 2079 mente
1751 2041 1824 2080 effe

415 2119 587 2162 captum.
620 2110 672 2147 Et
687 2108 788 2160 justa
806 2108 951 2151 omnia,
979 2107 1113 2146 decora
1134 2106 1248 2151 sunt3
1281 2106 1418 2159 injusta
1443 2117 1588 2151 contra,
1618 2117 1659 2145 ut
1681 2108 1823 2161 turpia,

416 2177 464 2214 sic
500 2176 690 2214 indecora.
734 2174 879 2213 Similis
911 2183 950 2212 et
984 2173 1079 2211 ratio
1099 2172 1366 2211 fortitudinis:
1399 2173 1503 2226 quod
1535 2174 1641 2212 enim
1664 2174 1827 2213 viriliter

416 2243 622 2295 animoque
644 2255 784 2294 magno
806 2240 864 2286 fit,
895 2240 934 2278 id
955 2240 1118 2293 dignum
1140 2239 1223 2277 viro
1243 2248 1280 2277 et
1301 2239 1486 2278 decorum
1507 2240 1686 2286 videtur;
1717 2239 1824 2293 quod

415 2318 562 2351 contra,
585 2308 622 2345 id
645 2317 687 2345 ut
709 2316 830 2360 turpe,
853 2307 902 2345 fic
922 2306 1164 2345 indecorum.

471 2376 600 2426 Qarc
634 2375 797 2426 pertinet
829 2374 988 2426 quidem
1028 2373 1074 2411 ad
1108 2373 1289 2411 omnium
1317 2371 1552 2410 honestatem
1587 2371 1677 2417 hoc,
1715 2372 1823 2424 quod

414 2441 516 2485 dico,
548 2440 757 2483 dccorum;
789 2450 826 2477 ct
848 2441 898 2477 ita
920 2439 1098 2493 pertinet,
1132 2448 1174 2477 ut
1195 2452 1272 2476 non
1293 2438 1488 2476 recondita
1507 2438 1671 2491 quadam
1704 2439 1822 2477 ratio-

418 2522 462 2545 ne
482 2515 671 2549 cernatur,
692 2506 750 2543 scd
773 2506 815 2544 fit
836 2506 873 2544 in
900 2515 1097 2559 promptu.
1129 2504 1196 2543 Est
1215 2505 1321 2543 enim
1343 2504 1543 2556 quiddam,
1568 2505 1682 2557 idque
1704 2505 1822 2543 intel-

416 2574 550 2626 ligitur
584 2574 624 2613 in
658 2573 768 2613 omni
804 2573 956 2619 virtute,
994 2572 1099 2624 quod
1121 2572 1278 2618 deceat5
1311 2572 1414 2625 quod
1445 2573 1679 2627 cogitatione
1698 2571 1825 2625 magis
