2223 3003
392 264 470 291 200
791 248 893 287 DE
968 246 1395 286 OFFICIIS

391 351 493 396 sunt,
516 361 794 401 nonnunquam
813 347 928 384 etiam
961 346 1066 384 illata
1079 365 1092 391 ς
1124 355 1168 384 ut
1188 346 1251 384 M.
1275 345 1436 384 Catonis
1457 344 1607 384 bellum
1631 346 1791 387 tertium

391 418 602 460 Punicum,
624 415 662 452 in
684 427 762 465 quo
781 412 898 450 etiam
920 412 1066 450 mortui
1086 412 1206 450 valuit
1225 412 1441 450 auetoritas.

447 485 576 533 Qare
605 478 814 532 expetenda
844 477 1003 531 quidem
1032 479 1155 532 magis
1189 478 1242 517 est
1273 478 1501 516 decernendi
1535 478 1643 523 ratio,
1674 490 1793 531 quam

391 546 608 587 decertandi
628 545 840 584 fortitudo:
873 545 934 583 sed
965 545 1194 591 cavendum,
1216 558 1263 584 ne
1283 545 1322 583 id
1344 545 1512 583 bellandi
1533 545 1655 598 magis
1684 544 1792 598 fuga,

391 627 508 667 quam
529 612 708 651 utilitatis
740 612 899 657 ratione,
925 610 1125 650 faciamus.
1158 611 1313 650 Bellum
1332 621 1462 649 autern
1482 611 1535 648 ita
1554 610 1791 664 suscipiatur,

391 690 434 719 ut
453 679 554 720 nihil
586 678 704 723 aliud,
735 678 803 717 nifi
823 692 896 731 pax
920 678 1087 731 quaefita,
1107 678 1292 717 videatur.
1325 678 1453 716 Fortis
1480 691 1568 716 vero
1602 678 1722 716 animi
1753 687 1792 716 et

390 747 595 787 constantis
616 746 682 790 est,
706 759 782 784 non
803 745 1015 798 perturbari
1036 746 1076 783 in
1096 745 1208 783 rebus
1229 744 1381 797 asperis,
1398 758 1467 783 nec
1488 744 1793 782 tumultuantem

391 814 437 852 de
456 813 575 867 gradu
595 812 722 864 dejici,
754 820 797 849 ut
817 811 983 857 dicitur,
1015 811 1078 849 sed
1107 811 1280 864 praesenti
1305 811 1436 849 animo
1467 811 1524 849 uti
1555 820 1592 849 et
1619 810 1792 855 consilio,

392 893 462 918 nec
483 893 503 917 a
523 879 666 917 ratione
697 876 912 914 discedere:
944 890 1166 929 quanquam
1192 875 1269 915 hoc
1295 877 1430 922 animi,
1465 877 1563 915 illud
1583 877 1699 915 etiam
1729 877 1792 914 in-

390 946 496 999 genii
517 943 648 996 magni
678 942 744 987 est,
774 943 980 995 praecipere
999 943 1232 995 cogitatione
1251 941 1393 988 futura,
1424 951 1462 981 et
1480 943 1677 996 aliquanto
1706 952 1795 980 ante

390 1010 633 1054 constituere,
664 1007 760 1061 quid
792 1008 962 1046 accidere
992 1007 1105 1061 possit
1124 1008 1165 1046 in
1186 1017 1390 1060 utramque
1409 1018 1584 1061 parte1n3
1616 1017 1668 1053 et,
1699 1007 1795 1060 quid

391 1076 585 1130 agendum
605 1075 663 1119 fit,
684 1087 777 1112 cum
796 1073 892 1126 quid
909 1074 1078 1112 evenerit
1095 1092 1106 1119 ;
1139 1087 1209 1112 nec
1230 1074 1490 1119 committere,
1518 1084 1561 1111 ut
1588 1073 1794 1126 aliquando

391 1141 600 1180 dicendum
622 1140 679 1184 fit,
711 1141 797 1178 Non
820 1148 1011 1192 putaram.
1054 1140 1153 1178 Haec
1182 1139 1270 1178 sunt
1299 1152 1414 1192 opera
1439 1139 1572 1192 magni
1591 1139 1727 1184 animi,
1757 1146 1797 1177 et

391 1207 543 1252 excelfi,
574 1216 612 1244 et
631 1205 835 1259 prudentia
854 1205 1090 1258 consilioque
1110 1205 1276 1244 fidentis.
1318 1207 1484 1244 Temere
1504 1215 1634 1244 autem
1655 1206 1695 1244 in
1716 1205 1798 1243 acie

390 1273 542 1318 versari,
585 1281 623 1310 et
653 1285 772 1310 manu
809 1285 902 1310 cum
936 1270 1043 1310 hoste
1076 1271 1295 1324 confligere,
1331 1271 1503 1310 immane
1537 1271 1724 1324 quiddam
1756 1280 1795 1309 et

391 1340 610 1379 belluarum
642 1338 766 1377 simile
793 1337 860 1377 est.
920 1338 992 1376 Sed
1021 1351 1112 1377 cum
1137 1348 1290 1390 tempus
1316 1337 1583 1391 neceflitasque
1613 1338 1794 1391 postulat,

391 1405 666 1445 decertandum
686 1417 803 1443 manu
823 1403 890 1449 est,
920 1413 959 1442 et
986 1417 1090 1443 mors
1111 1404 1281 1443 servituti
1303 1404 1614 1458 turpitudinique
1634 1414 1796 1458 antepo-

389 1473 528 1511 nenda.
896 1508 903 1515 ,

433 1539 590 1589 XXIV„
610 1538 671 1576 De
691 1537 901 1576 evertendis
923 1547 1052 1576 autem
1073 1537 1372 1591 diripiendisque
1392 1537 1552 1576 urbibus
1572 1537 1680 1576 valde
1699 1551 1795 1576 con-

390 1604 630 1643 siderandum
650 1603 716 1648 est,
733 1618 778 1641 nc
799 1605 893 1656 quid
916 1614 1070 1649 temere,
1088 1618 1135 1642 ne
1155 1605 1249 1657 quid
1269 1604 1489 1642 crudeliter.
1513 1604 1635 1657 quue
1653 1604 1706 1642 est
1725 1604 1797 1643 viri

391 1671 538 1723 magni,
570 1670 681 1708 rebus
702 1669 867 1722 agitatis,
897 1670 1036 1723 punire
1056 1670 1208 1715 sontes;
1240 1670 1537 1709 multitudinem
1553 1670 1795 1716 conservare5

390 1736 430 1774 in
465 1736 574 1774 omni
594 1735 761 1780 fortuna,
794 1737 892 1773 resta
912 1745 1027 1787 atque
1057 1735 1213 1774 honesta
1244 1736 1420 1774 retinere.
1466 1737 1524 1773 Ut
1556 1736 1663 1774 enim
1694 1735 1794 1780 sunt,

391 1801 724 1855 quemadmodum
759 1801 867 1853 supra
898 1801 994 1846 dixi,
1026 1803 1095 1854 qui
1116 1803 1269 1841 urbanis
1305 1801 1417 1840 rebus
1450 1801 1606 1839 bellicas
1633 1812 1796 1854 antepo-

393 1877 513 1913 nant;
547 1868 596 1905 sic
623 1867 783 1919 reperies
816 1867 976 1911 multos,
1013 1869 1155 1919 quibus
1187 1868 1396 1920 periculosa
1429 1878 1468 1906 et
1487 1867 1609 1906 calida
1627 1867 1796 1913 confilia,

393 1934 534 1987 quietis
555 1943 593 1971 et
613 1932 790 1985 cogitatis
811 1942 848 1970 ct
869 1931 1134 1985 splendidiora,
1157 1943 1195 1970 et
1215 1934 1358 1984 majora
1379 1933 1592 1971 videantur.

449 2001 668 2052 Nunquam
701 1999 864 2037 omnino
898 1999 1058 2052 periculi
1088 1998 1181 2052 fugai
1201 1999 1531 2037 committendum
1557 1999 1623 2044 est,
1655 2010 1698 2038 ut
1718 2000 1797 2039 im-

394 2068 509 2105 belles
532 2066 737 2118 timidique
758 2066 969 2104 videamur.
1017 2066 1086 2104 Sed
1108 2065 1339 2119 fugiendum
1359 2067 1475 2104 etiam
1497 2066 1608 2111 illud,
1632 2080 1679 2105 ne
1699 2066 1796 2105 offe-

394 2148 520 2173 ramus
556 2147 623 2171 nos
658 2132 838 2185 periculis
874 2132 951 2170 sine
985 2132 1122 2177 causa;
1155 2146 1234 2185 quo
1253 2131 1351 2170 nihil
1383 2132 1505 2186 potest
1525 2132 1595 2171 effe
1632 2133 1797 2172 stultius.

393 2203 638 2253 Qapropter
671 2200 709 2237 in
745 2199 926 2237 adeundis
961 2199 1140 2252 periculis
1174 2198 1413 2237 consuetudo
1448 2200 1633 2237 imitanda
1673 2200 1799 2238 medi-

393 2281 528 2305 corum
563 2267 629 2311 est,
670 2267 736 2319 qui
772 2266 904 2303 leviter
938 2275 1162 2318 :egrotantes
1198 2265 1335 2304 leniter
1368 2276 1528 2311 curant;
1560 2265 1798 2319 gravioribus

392 2343 521 2372 autem
555 2333 700 2371 morbis
734 2332 960 2385 periculosas
995 2333 1209 2371 curationes
1244 2342 1282 2370 et
1315 2333 1500 2385 ancipites
1521 2331 1702 2370 adhibere
1729 2346 1798 2370 co-

393 2410 550 2454 guntur.
584 2401 713 2452 (Qarc
733 2399 772 2436 in
805 2399 1014 2451 tranquillo
1037 2399 1302 2452 tempestatem
1336 2396 1697 2451 adversansoptare,
1728 2399 1798 2436 de-

395 2467 536 2506 mentis
556 2467 635 2509 cst;
670 2465 865 2503 subvenire
899 2477 1028 2504 autem
1065 2465 1276 2519 tempestati
1296 2465 1428 2518 quavis
1461 2465 1617 2510 ratione,
1650 2465 1798 2519 sapien-

395 2534 469 2571 tis:
516 2546 637 2584 eoque
673 2532 808 2584 magis,
842 2531 865 2569 si
902 2533 987 2584 plus
1015 2531 1218 2585 adipiscare
1254 2545 1291 2569 rc
1319 2531 1507 2585 explicata
1542 2531 1649 2576 boni,
1680 2544 1799 2584 quam

395 2599 614 2638 addubitata
648 2598 754 2637 mali.
802 2597 1026 2638 Periculosa:
1060 2607 1190 2637 autem
1221 2611 1348 2637 rerum
1379 2598 1545 2638 actiones
1577 2597 1717 2651 partim
1752 2596 1798 2635 iis
