2223 3003
372 213 399 252 4
631 197 736 237 DE
822 190 1512 235 DIVINATIONE

375 295 535 341 notatis,
553 294 649 348 quid
670 294 814 347 cuique
835 291 1129 345 fignificaretur,
1153 290 1352 329 memoriae
1373 289 1646 343 prodiderunt.
1669 290 1762 347 Qia

374 361 416 399 in
439 362 595 399 natione
617 358 808 404 Chaldaei,
844 371 920 396 non
951 371 998 397 ex
1029 357 1137 401 artis,
1171 355 1232 393 sed
1255 369 1303 394 ex
1323 357 1451 408 gentis
1473 355 1665 394 vocabulo
1685 369 1760 394 no-

374 427 529 470 minati,
548 426 732 464 diuturna
749 423 1015 462 observatione
1032 421 1213 464 fiderum,
1237 421 1438 459 scientiam
1454 429 1645 474 putantur
1663 421 1760 460 effe-

375 491 479 536 cisse,
500 502 542 528 ut
562 490 718 543 praedici
738 487 872 542 posset,
891 487 989 539 quid
1009 487 1154 539 cuique
1169 495 1422 532 eventurum,
1440 497 1478 524 et
1496 500 1576 539 quo
1593 487 1761 540 quisque

378 555 457 594 fato
478 566 589 594 natus
621 554 726 592 esset.
772 553 949 592 Eandem
974 562 1097 590 artem
1117 552 1235 589 etiam
1256 553 1437 605 AEgyptii
1468 552 1761 605 longinquitate

377 630 600 672 temporum
637 617 991 657 innumerabilibus
1024 630 1132 669 paene
1163 616 1301 655 seculis
1323 617 1521 656 consecuti
1555 627 1758 670 putantur.

378 685 553 723 Cilicum
575 693 704 723 autern
726 693 764 722 et
787 682 999 721 Pisidarum
1020 695 1131 735 genS,
1169 692 1206 720 et
1234 681 1295 720 his
1318 682 1488 721 finitima
1510 682 1758 736 Pamphylia,

376 751 522 802 quibus
541 750 764 787 nationibus
784 747 1013 801 praefuimus
1031 747 1116 800 ipsi,
1129 747 1322 785 volatibus
1339 749 1468 785 avium
1486 748 1760 801 cantibusque,

379 825 423 852 ut
443 815 662 853 certissimis
684 814 816 867 signis,
847 813 1031 851 declarari
1053 826 1110 850 res
1133 811 1283 850 futuras
1306 823 1460 865 putant.
1504 814 1637 866 Qam
1669 827 1761 852 vero

379 880 533 918 Graecia
553 879 749 918 coloniam
773 878 877 916 misit
898 879 938 916 in
959 878 1147 923 AEoliam‚
1183 878 1350 923 Ioniam,
1383 879 1530 924 Asiam,
1567 879 1759 924 Siciliam,

379 945 548 989 Italiam,
582 945 658 983 fine
681 943 839 996 Pythio,
873 953 939 982 aut
960 943 1178 989 Dodonaeo,
1212 954 1278 982 aut
1299 944 1539 984 Hammonis
1566 945 1759 984 oraculo?

377 1020 443 1048 aut
463 1011 570 1063 quod
592 1010 741 1048 bellum
764 1009 983 1062 susceptum
1005 1009 1052 1047 ab
1072 1022 1115 1047 ea
1136 1010 1212 1047 sine
1233 1009 1396 1048 consilio
1416 1010 1579 1050 deorum
1601 1012 1686 1049 est?

433 1077 488 1114 11.
520 1077 608 1115 Nec
630 1089 754 1114 unum
783 1089 906 1128 genus
937 1075 991 1113 est
1020 1075 1272 1113 divinationis
1305 1075 1464 1128 publice
1493 1078 1760 1131 privatimque

377 1142 631 1180 celebratum.
682 1141 803 1186 Nam,
827 1151 869 1178 ut
890 1142 1073 1179 omittam
1098 1150 1256 1179 caeteros
1277 1142 1461 1194 populos,
1493 1141 1619 1182 noster
1639 1157 1760 1197 quam

374 1206 504 1245 multa
530 1219 671 1258 genera
697 1205 928 1258 complexus
957 1205 1040 1243 est?
1082 1206 1298 1259 Principio,
1335 1205 1454 1259 hujus
1483 1208 1590 1246 urbis
1621 1222 1759 1261 parens

376 1272 590 1317 Romulus,
607 1285 684 1309 non
702 1271 828 1310 solum
844 1271 1041 1324 auspicato
1059 1271 1196 1310 urbem
1212 1272 1439 1318 condidisse,
1459 1273 1520 1312 sed
1542 1274 1620 1327 ipse
1639 1275 1759 1314 etiam

375 1338 551 1390 optimus
573 1350 696 1389 augur
716 1335 827 1375 fuisse
850 1337 1029 1375 traditur.
1066 1337 1222 1375 Deinde
1242 1339 1455 1390 auguribus
1473 1348 1510 1378 et
1532 1340 1674 1393 reliqui
1695 1355 1758 1379 re-

374 1415 440 1455 ges
458 1402 533 1440 us1:
556 1411 594 1440 et
612 1402 755 1440 exactis
776 1401 949 1455 regibus,
968 1401 1069 1440 nihil
1091 1403 1251 1455 publice
1267 1403 1345 1442 fine
1360 1404 1541 1457 auspiciis
1560 1419 1630 1444 nec
1648 1406 1758 1445 domi

376 1480 447 1505 nec
468 1467 621 1505 militiae
641 1467 861 1519 gerebatur.
902 1468 1088 1521 Cumque
1108 1482 1249 1521 magna
1270 1469 1326 1507 vis
1348 1470 1544 1509 videretur
1562 1471 1634 1510 esse
1655 1482 1693 1510 et
1717 1473 1759 1510 in

320 1531 324 1536 '
378 1533 633 1585 impetrandis
649 1532 975 1586 consulendisque
992 1534 1122 1579 rebus,
1140 1535 1234 1572 etin
1257 1535 1438 1574 monstris
1456 1537 1758 1589 interpretandis

375 1611 417 1636 ac
451 1597 721 1651 procurandis,
755 1598 795 1636 in
829 1597 1080 1651 haruspicum
1116 1599 1347 1651 disciplina;
1385 1615 1544 1639 omnem
1577 1601 1678 1640 hanc
1710 1616 1759 1641 ex

374 1663 532 1700 Etruria
553 1663 754 1700 scientiam
774 1652 1028 1707 adhibebant,
1067 1676 1115 1701 ne
1134 1677 1257 1716 genus
1279 1665 1368 1702 esset
1392 1666 1520 1703 ullum
1541 1666 1756 1705 divinatio-

374 1728 450 1771 nis,
473 1726 580 1780 quod
602 1727 824 1778 neglectum
846 1727 894 1765 ab
914 1728 962 1765 iis
985 1728 1193 1767 videretur.
1239 1729 1306 1772 Et,
1337 1743 1428 1767 cum
1451 1730 1605 1768 duobus
1628 1732 1756 1770 modis

373 1793 494 1831 animi
526 1792 604 1830 sine
624 1791 772 1829 ratione
798 1800 836 1828 et
858 1791 1031 1836 scientia,
1068 1802 1179 1830 motu
1202 1793 1269 1844 ipsi
1293 1793 1374 1838 suo,
1413 1794 1540 1833 soluto
1559 1805 1598 1833 et
1630 1796 1755 1836 libero

375 1858 656 1900 incitarentur;
689 1869 782 1900 uno,
805 1855 984 1901 furente;
1007 1857 1142 1901 altero,
1166 1857 1405 1898 somniante:
1438 1859 1580 1900 furoris
1602 1862 1754 1901 divina-

375 1924 524 1962 tionem
559 1922 762 1974 Sibyllinis
796 1923 965 1961 maxime
986 1923 1155 1962 verfibus
1175 1924 1369 1963 contineri
1397 1926 1587 1972 arbitrati,
1618 1942 1755 1968 eorum

375 1989 510 2028 decem
534 1990 762 2041 interpretes
796 1987 964 2027 delectos
985 2003 1005 2027 e
1025 1990 1183 2028 civitate
1211 1990 1282 2029 effe
1309 1992 1532 2031 voluerunt.
1584 1995 1644 2033 Ex
1677 2009 1757 2048 quo

374 2069 513 2107 genere
536 2054 629 2106 saepe
645 2054 856 2092 ariolorum
879 2055 997 2093 etiam
1013 2065 1051 2094 et
1072 2065 1203 2093 vatum
1221 2055 1452 2097 furibundas
1471 2060 1754 2111 ρι’πάἰέὶὶοηεε,

376 2130 418 2158 ut
447 2120 663 2158 Octaviano
694 2119 799 2157 bello
830 2120 1005 2158 Cornelii
1035 2120 1223 2166 Culleoli,
1260 2123 1468 2162 audiendas
1501 2135 1751 2177 putaverunt.

376 2185 463 2224 Nec
484 2198 574 2222 vero
596 2184 743 2222 somnia
773 2185 961 2237 graviora,
993 2186 1018 2224 li
1050 2200 1136 2239 quae
1167 2186 1213 2224 ad
1242 2189 1528 2241 rempublicam
1561 2193 1755 2244 pertinere

375 2251 451 2289 visa
473 2250 575 2296 sunt,
599 2264 619 2288 a
640 2251 794 2290 summo
814 2251 976 2289 consilio
998 2252 1170 2304 neglee‘ta
1191 2252 1293 2292 sunt.
1325 2256 1435 2306 Qin
1457 2257 1575 2295 etiam
1598 2271 1752 2297 memo-

376 2317 430 2354 ria
467 2315 592 2353 nostra
626 2315 820 2368 templum
850 2316 1019 2366 Junonis
1053 2317 1211 2370 Sospitae
1239 2319 1286 2357 L.
1310 2320 1456 2370 Julius,
1487 2322 1556 2373 qui
1590 2335 1682 2362 cum
1708 2324 1752 2363 P.

374 2381 531 2419 Rutilio
551 2380 686 2419 consul
717 2380 809 2425 fuit,
840 2381 887 2419 de
918 2381 1070 2422 senatus
1100 2382 1288 2424 sententia
1323 2384 1460 2426 refecit
1489 2401 1537 2426 ex
1570 2388 1754 2436 Caeciliae,

375 2446 558 2487 Balearici
580 2445 684 2491 filias,
716 2446 881 2486 somnio.
