2223 3003
711 259 987 299 LIBER
1050 259 1412 299 PRIMth,
1707 273 1759 313 43

368 370 500 402 natura
519 360 647 400 divina
672 361 871 413 genuisset,
902 359 971 398 nifi
1001 359 1132 398 eadem
1152 359 1336 398 docuiss‘et
1365 357 1695 411 quemadmodum
1716 357 1762 395 ad

368 442 503 466 eorum
523 441 634 466 venas
657 427 940 479 perveniretur:
978 439 1047 462 nec
1066 425 1194 477 fruges
1227 434 1346 469 εει-ηε,
1378 424 1553 462 baccasve
1582 424 1763 462 arborum

369 507 463 532 cum
483 494 650 532 utilitate
669 492 748 529 ulla
766 491 895 543 generi
914 489 1088 527 humano
1121 490 1289 534 dedisset,
1319 491 1387 527 nifi
1418 504 1548 528 earum
1569 491 1696 528 cultus
1727 498 1764 526 et

370 559 608 598 conditiones
629 555 834 595 tradidiffet
851 569 860 592 :
893 555 1051 591 materia
1070 553 1207 591 deinde
1227 554 1322 605 quid
1337 555 1499 605 juvaret,
1522 556 1588 592 nifi
1607 554 1764 593 confec-

370 625 486 663 tionis
506 625 586 676 ejus
616 621 803 660 fabricam
823 619 1049 658 haberemus
1070 620 1082 657 ?
1113 619 1163 657 fic
1184 633 1276 657 curn
1307 620 1416 657 omni
1437 620 1617 664 utilitate,
1648 634 1767 671 quam

372 690 442 728 Dii
460 688 688 727 hominibus
708 687 907 731 dederunt,
939 698 995 723 ars
1016 685 1143 738 aliqua
1162 685 1366 737 conjuncta
1385 684 1450 729 est,
1481 698 1546 737 per
1565 698 1681 736 quam
1703 685 1768 722 illa

371 754 516 792 utilitas
554 753 701 806 percipi
733 751 859 805 poffit.
919 751 1020 789 Item
1055 751 1174 803 igitur
1208 750 1380 794 somniis,
1416 749 1767 794 vaticinationibus,

371 821 548 864 oraculis,
578 817 684 870 quod
704 826 810 855 erant
829 816 954 855 multa
972 816 1144 862 obscura,
1171 816 1295 855 multa
1315 815 1509 868 ambigua,
1530 815 1768 869 explanatio-

372 899 438 924 nes
458 884 639 924 adhibitae
659 883 747 922 sunt
766 884 1034 936 interpretum.

434 952 528 1003 Qo
569 950 688 989 modo
725 959 854 988 autem
892 959 958 988 aut
996 958 1111 994 vates,
1159 958 1223 987 aut
1256 949 1488 987 somniantes
1522 961 1564 986 ea
1603 948 1770 991 videant,

374 1031 458 1070 quae
479 1017 667 1070 nusquam
687 1017 802 1054 etiam
824 1025 917 1054 tunc
939 1015 1026 1060 fint,
1047 1029 1185 1068 magna
1204 1015 1361 1067 quaestio
1380 1016 1447 1054 est.
1490 1014 1560 1053 Sed
1580 1014 1774 1066 explorata

375 1084 401 1121 fi
423 1084 495 1122 fint
525 1097 581 1128 ea,
616 1096 701 1134 quae
720 1090 807 1119 ante
837 1082 956 1134 quaeri
986 1081 1148 1120 debeant
1164 1100 1176 1126 3
1208 1081 1280 1119 fint
1310 1080 1406 1126 haec,
1438 1094 1524 1133 quae
1549 1080 1772 1132 quaerimus,

374 1149 560 1187 faciliora.
607 1148 793 1186 Continet
812 1148 917 1185 enim
938 1156 1060 1185 totam
1080 1146 1179 1185 hanc
1199 1147 1449 1199 quaestionem
1475 1160 1517 1183 ea
1551 1146 1659 1190 ratio,
1690 1158 1775 1197 quae

375 1215 429 1252 est
448 1214 495 1252 de
514 1222 648 1252 natura
665 1214 860 1257 Deorum,
890 1226 975 1264 quae
995 1226 1015 1249 a
1045 1221 1082 1250 te
1103 1212 1268 1250 secundo
1287 1212 1388 1249 libro
1418 1211 1471 1248 est
1499 1212 1688 1263 explicata
1713 1210 1776 1248 di-

376 1280 531 1318 lucide:
565 1292 683 1331 quam
715 1278 741 1316 fi
776 1277 1012 1322 obtinemus,
1043 1276 1155 1315 stabit
1185 1277 1284 1315 illud
1305 1277 1478 1329 quidem,
1510 1275 1614 1327 quod
1644 1275 1777 1312 locum

377 1345 484 1384 hunc
504 1345 692 1389 continet,
726 1343 772 1382 de
792 1357 870 1396 quo
890 1343 1055 1396 agimus,
1086 1343 1173 1381 Effe
1201 1344 1319 1388 Deos,
1346 1352 1385 1381 et
1403 1356 1537 1380 eorum
1569 1341 1778 1394 providen-

378 1412 432 1449 tia
451 1411 646 1450 mundum
665 1409 933 1454 administrari,
963 1409 1192 1462 eosdemque
1212 1409 1409 1448 consulere
1441 1408 1552 1446 rebus
1581 1406 1778 1451 humanis,

380 1491 450 1515 nec
470 1477 595 1515 solum
615 1477 809 1522 univerfis,
826 1489 961 1514 verum
977 1476 1093 1514 etiam
1114 1475 1286 1529 fingulis.
1318 1476 1417 1513 Haec
1437 1475 1464 1513 fi
1483 1483 1672 1518 tenemus,
1695 1486 1781 1524 quae

382 1541 483 1580 mihi
514 1543 673 1594 quidem
704 1556 781 1580 non
809 1543 988 1580 videntur
1006 1541 1106 1594 poffe
1126 1541 1319 1586 convelli;
1352 1540 1523 1593 profesto
1552 1539 1780 1577 hominibus

383 1622 403 1645 a
421 1609 509 1646 Diis
529 1607 660 1645 futura
685 1608 887 1660 significari
918 1607 1061 1645 necesse
1081 1608 1147 1646 est.
1180 1607 1253 1644 Sed
1284 1606 1597 1658 distinguendum
1616 1604 1780 1647 videtur,

382 1687 553 1725 quonam
573 1673 703 1712 modo.

437 1740 528 1777 LII.
561 1739 656 1776 Non
689 1738 815 1790 placet
835 1738 985 1781 Stoicis,
1023 1737 1180 1788 singulis
1210 1738 1386 1789 jecorum
1421 1736 1524 1780 fiffis,
1561 1744 1625 1772 aut
1652 1734 1782 1772 avium

384 1806 561 1844 cantibus
596 1804 768 1842 intereffe
804 1804 936 1841 Deum
952 1821 964 1847 ς
996 1815 1121 1855 neque
1154 1803 1261 1840 enim
1290 1802 1473 1840 decorum
1503 1802 1570 1846 est,
1605 1814 1675 1838 nec
1694 1801 1782 1839 Diis

386 1873 565 1925 dignum,
597 1885 666 1909 nec
687 1870 769 1908 fieri
790 1869 870 1908 ullo
890 1871 1000 1922 pacto
1019 1869 1140 1923 potest
1158 1884 1167 1907 ε
1200 1869 1262 1907 sed
1281 1869 1334 1907 ita
1362 1882 1382 1907 a
1401 1868 1594 1921 principio
1622 1866 1785 1905 inchoa-

388 1948 474 1977 tum
508 1937 579 1976 effe
613 1937 821 1982 mundum,
867 1946 910 1975 ut
940 1938 1052 1974 certis
1087 1936 1199 1975 rebus
1234 1945 1335 1974 certa
1363 1935 1466 1988 signa
1501 1943 1784 1988 praecurrerent,

387 2005 460 2043 alia
488 2005 528 2042 in
548 2004 660 2048 extis,
690 2004 762 2041 alia
790 2004 830 2041 in
859 2003 1007 2047 avibus,
1038 2003 1109 2041 alia
1129 2003 1169 2041 in
1200 2001 1436 2055 fulguribus,
1461 2001 1534 2039 alia
1556 2001 1596 2039 in
1616 1999 1786 2044 ostentis,

388 2071 461 2108 alia
489 2071 528 2108 in
549 2071 677 2115 stellis,
708 2070 781 2108 alia
806 2070 846 2108 in
867 2069 1144 2108 somniantium
1173 2069 1273 2113 vifis,
1304 2068 1375 2106 alia
1405 2068 1445 2105 in
1475 2066 1690 2105 furentium
1717 2079 1787 2104 vo-

389 2137 514 2175 cibus.
546 2137 604 2174 Ea
619 2136 760 2188 quibus
782 2136 878 2174 bene
897 2144 1074 2188 percepta
1092 2135 1190 2180 sunt,
1209 2135 1236 2173 ii
1258 2147 1335 2172 non
1349 2134 1442 2187 saepe
1457 2132 1657 2171 falluntur.
1682 2131 1789 2170 Male

390 2204 575 2255 conjec'ta,
606 2203 782 2255 maleque
802 2203 1061 2255 interpretata,
1092 2201 1182 2239 falsa
1207 2201 1307 2246 sunt,
1338 2214 1415 2239 non
1438 2213 1564 2238 rerum
1586 2199 1695 2244 vitio,
1727 2197 1790 2236 sed

392 2269 648 2321 interpretum
683 2267 895 2306 inscientia.
946 2268 1038 2306 Hoc
1058 2276 1186 2305 autem
1217 2266 1338 2320 pofito
1358 2276 1471 2318 atque
1500 2263 1688 2308 concesso,
1719 2263 1790 2300 effe

393 2335 585 2385 quandam
605 2335 686 2373 vim
707 2335 892 2379 divinam,
914 2333 1124 2372 hominum
1143 2334 1263 2371 vitam
1283 2333 1568 2376 continentem,
1591 2344 1668 2369 non
1685 2329 1790 2367 diffi-

395 2399 469 2437 cile
486 2401 552 2446 est,
583 2415 668 2454 quae
688 2401 769 2439 fieri
799 2410 901 2439 certe
921 2401 1110 2445 videmus,
1141 2413 1184 2437 ea
1201 2413 1278 2453 qua
1297 2400 1441 2437 ratione
1461 2398 1566 2442 fiant,
1600 2395 1790 2449 suspicari.

404 2464 509 2502 Nam
528 2475 567 2504 et
585 2467 631 2505 ad
651 2466 814 2505 hostiam
835 2467 1076 2520 deligendam
1103 2465 1224 2519 potest
1244 2465 1322 2504 dux
1340 2465 1410 2503 effe
1436 2464 1492 2501 vis
1513 2463 1687 2515 quandam
1710 2461 1793 2499 sen-

399 2530 511 2573 tienS,
543 2543 627 2581 quae
646 2532 699 2569 est
729 2542 810 2571 toto
831 2533 988 2571 confusa
1019 2532 1194 2576 mund05
1227 2540 1264 2569 et
1299 2541 1398 2575 tum,
1435 2530 1554 2582 ipsam
1590 2541 1679 2565 cum
1715 2527 1792 2562 im-

399 2595 543 2634 molare
562 2596 668 2641 velis,
699 2606 878 2637 extorum
908 2599 988 2637 fieri
1009 2599 1173 2637 mutatio
1193 2597 1328 2649 potest,
1362 2606 1404 2634 ut
1435 2604 1498 2632 aut
1520 2595 1612 2632 absit
1632 2590 1791 2643 aliquid,

1408 2662 1438 2698 F
1473 2672 1493 2697 2
