2223 3003
682 289 959 328 LIBER
1016 289 1436 328 TERTIUS.
1679 292 1753 333 281

355 386 542 441 Capitalis
562 387 754 432 Eteocles,
787 388 848 426 vel
877 389 1005 441 potius
1038 389 1257 442 Euripides,
1301 390 1371 442 qui
1401 389 1441 428 id
1475 402 1612 436 unum,
1651 392 1757 444 quod

355 455 536 493 omnium
556 453 882 491 sceleratiffimum
901 453 1036 498 fuerat,
1058 456 1265 508 exceperit.

411 520 521 572 Qid
560 520 679 573 igitur
715 520 866 557 minuta
907 519 1158 572 colligimus,
1202 519 1455 568 haereditates,
1499 531 1755 568 mercaturas,

355 588 594 626 venditiones
628 585 924 625 fraudulentas?
956 587 1059 624 Ecce
1084 587 1172 631 tibi,
1203 588 1273 639 qui
1304 602 1370 626 rex
1402 591 1538 642 populi
1573 591 1756 636 Romani,

355 654 613 705 dominusque
644 652 827 717 oannium
859 651 1038 702 gentium
1068 651 1140 690 effe
1158 654 1413 706 concupierit,
1444 656 1561 708 idque
1586 657 1758 709 perfece-

356 722 418 759 rit.
478 719 594 757 Hanc
624 718 877 771 cupiditatem
896 718 921 755 fi
942 717 1140 757 honestam
1171 719 1258 771 quis
1279 719 1350 758 effe
1383 721 1492 766 dicit,
1527 736 1656 761 amens
1690 725 1757 763 est.

357 785 498 825 Probat
528 785 634 823 enim
663 784 797 837 legum
825 793 864 822 et
897 784 1083 824 libertatis
1118 785 1336 832 interitum,
1372 800 1579 840 earumque
1603 791 1757 841 oppres-

355 852 500 890 fionem
533 859 673 889 tetram
706 859 745 889 et
777 851 1055 897 detestabilem,
1099 851 1305 904 gloriosam
1338 863 1461 906 putat.
1513 855 1596 906 Qi
1630 865 1758 893 autem

355 915 510 962 fatetur,
540 915 746 956 honestum
764 931 843 955 non
863 917 934 956 effe
952 917 994 956 in
1021 931 1064 956 ea
1089 919 1258 964 civitate,
1289 933 1374 972 quae
1394 921 1513 959 libera
1532 920 1621 965 fuit,
1651 935 1759 974 quse-

353 996 430 1035 que
449 983 520 1022 effe
550 983 698 1029 debeat,
730 997 898 1037 regnare,
929 983 991 1022 sed
1011 985 1060 1030 ei,
1091 985 1159 1038 qui
1185 985 1226 1023 id
1245 984 1367 1025 facere
1386 987 1512 1040 pofiit,
1545 987 1617 1025 effe
1638 988 1757 1034 utile,

314 1084 317 1086 Α
355 1062 432 1102 qua
450 1048 557 1089 hunc
576 1050 860 1104 objurgatione,
890 1061 956 1090 aut
988 1065 1067 1104 quo
1086 1052 1215 1105 potius
1245 1054 1422 1092 convicio
1453 1067 1473 1091 a
1500 1063 1606 1092 tanto
1635 1068 1759 1094 errore

355 1129 473 1155 coner
501 1116 687 1155 avellere?
719 1117 845 1156 Potest
875 1117 995 1162 enim,
1033 1118 1129 1170 <Dii
1158 1118 1397 1158 immortales
1416 1119 1444 1172 l)
1477 1120 1660 1173 cuiquam
1689 1120 1761 1159 effe

356 1182 453 1220 utile
477 1180 733 1220 foediffimum
767 1192 806 1221 et
838 1183 1082 1221 teterrimum
1107 1185 1358 1237 parricidium
1392 1187 1521 1239 patriae
1537 1205 1549 1231 ς
1582 1187 1761 1239 quamvis

354 1247 402 1291 is,
437 1248 507 1299 qui
538 1246 573 1285 se
602 1261 648 1285 eo
677 1247 939 1294 obstrinxerit,
970 1248 1017 1286 ab
1043 1250 1224 1302 oppreffis
1250 1251 1399 1289 civibus
1421 1252 1558 1290 Parens
1579 1253 1759 1291 nomine-

354 1313 450 1353 tur?
482 1313 694 1352 Honestate
723 1313 843 1366 igitur
873 1313 1072 1367 dirigenda
1106 1316 1251 1354 utilitas
1271 1316 1337 1362 est,
1367 1326 1405 1355 et
1437 1319 1597 1370 quidem
1617 1319 1682 1364 fic,
1718 1329 1762 1358 ut

355 1377 439 1418 haec
459 1379 538 1418 duo
556 1379 673 1418 verbo
693 1379 792 1418 inter
811 1378 848 1417 se
867 1379 1093 1434 discrepare,
1125 1394 1165 1419 re
1185 1391 1315 1421 tamen
1336 1396 1460 1422 unum
1480 1384 1622 1430 sonare,
1652 1385 1760 1424 vide-

354 1454 482 1484 antur.

411 1513 507 1551 Non
528 1511 665 1556 habeo,
695 1512 743 1549 ad
768 1512 878 1564 vulgi
907 1513 1147 1565 opinionem,
1182 1527 1268 1566 quae
1299 1516 1422 1568 major
1451 1517 1611 1562 utilitas,
1643 1532 1762 1571 quam

355 1578 555 1631 regnandi,
585 1576 657 1615 effe
689 1577 830 1629 poffit;
861 1576 962 1615 nihil
996 1588 1129 1617 contra
1158 1580 1335 1619 inutilius
1369 1582 1417 1626 ei,
1448 1582 1516 1634 qui
1550 1583 1591 1620 id
1625 1583 1763 1636 injuste

355 1644 582 1684 consecutus
603 1643 661 1688 fit,
692 1644 861 1688 invenio,
892 1657 984 1682 cum
1013 1645 1060 1682 ad
1091 1646 1290 1684 veritatem
1310 1648 1412 1700 coepi
1441 1661 1614 1687 revocare
1644 1650 1763 1689 ratio-

357 1724 463 1750 nem.
509 1709 667 1749 Poffunt
687 1710 793 1748 enim
813 1710 997 1763 cuiquam
1017 1710 1087 1749 effe
1107 1712 1236 1758 utiles,
1266 1726 1438 1766 angores,
1468 1714 1763 1763 sollicitudines,

356 1776 487 1816 diurni
517 1785 557 1815 et
585 1775 765 1815 nocturni
797 1784 942 1822 metus,
973 1778 1051 1816 vita
1079 1777 1301 1818 infidiarum
1320 1780 1660 1836 periculorumque
1678 1782 1762 1836 ple-

356 1842 537 1882 nissima?

493 1907 617 1947 Multi
631 1907 747 1960 iniqui
761 1916 870 1961 atque
887 1907 1038 1960 irfideles
1056 1923 1178 1961 regno,
1193 1910 1307 1961 pauci
1308 1911 1404 1963 fimt
1424 1911 1516 1957 boni,

358 1973 489 2026 inquit
509 1973 670 2012 Accius.
728 1975 785 2012 At
814 1974 881 2012 cui
909 1987 1028 2027 regno
1050 1975 1064 2012 ?
1095 1975 1200 2028 quod
1225 1990 1246 2014 a
1265 1977 1433 2015 Tantalo
1451 1987 1490 2016 et
1511 1978 1651 2031 Pelope
1670 1993 1764 2034 pro-

356 2039 486 2078 ditum
499 2040 587 2092 jure
606 2038 867 2079 obtinebatur.
925 2041 1033 2079 Nam
1064 2051 1209 2094 quanto
1227 2043 1356 2095 plures
1383 2044 1417 2081 ei
1436 2044 1515 2096 regi
1535 2053 1660 2096 putas,
1695 2047 1764 2097 qui

355 2105 533 2143 exercitu
548 2104 686 2158 populi
705 2106 877 2145 Romani
902 2106 1094 2159 populum
1123 2108 1250 2160 ipsum
1271 2109 1497 2147 Romanum
1516 2109 1763 2163 oppreffiffet,

356 2170 634 2223 civitatemque
663 2184 743 2209 non
772 2172 892 2210 modo
921 2172 1100 2217 liberam,
1129 2172 1191 2211 sed
1211 2173 1326 2211 etiam
1356 2174 1537 2226 gentibus
1568 2176 1763 2229 imperan-

358 2246 453 2282 tem,
480 2236 617 2275 servire
635 2236 705 2274 fibi
734 2236 943 2289 coegiffet?
974 2238 1097 2276 Hunc
1129 2247 1172 2276 tu
1203 2252 1295 2291 quas
1315 2240 1554 2279 conscientiae
1585 2242 1687 2281 labes
1722 2243 1763 2281 in

359 2303 490 2342 animo
521 2301 649 2341 censes
681 2301 885 2341 habuiffe?
920 2316 1006 2356 quae
1039 2303 1226 2342 vulnera?
1268 2307 1391 2357 Cujus
1425 2315 1554 2345 autem
1587 2309 1665 2346 vita
1694 2309 1764 2362 ipfi

360 2369 482 2421 potest
512 2369 618 2408 utilis
652 2368 738 2415 effe,
769 2382 862 2408 curn
893 2370 975 2422 ejus
1006 2370 1094 2408 vitae
1112 2382 1155 2408 ea
1184 2371 1356 2410 conditio
1376 2372 1435 2418 fit,
1467 2382 1523 2418 ut,
1554 2375 1623 2426 qui
1654 2374 1763 2412 illam

361 2434 555 2486 eripuerit,
589 2436 631 2474 in
661 2436 833 2474 maxima
861 2445 900 2474 et
930 2437 1049 2489 gratia
1070 2435 1222 2475 futurus
1253 2438 1311 2483 fit,
1344 2447 1382 2477 et
1413 2440 1565 2493 gloria?
1597 2441 1716 2491 Qod
1737 2440 1763 2478 fi

361 2497 445 2536 haec
465 2500 576 2538 utilia
594 2515 672 2539 non
693 2501 792 2547 sunt,
815 2516 900 2554 quae
920 2503 1088 2541 maxime
1109 2501 1300 2548 videntur,
1334 2505 1424 2555 quia
1449 2506 1560 2558 plena
1581 2506 1665 2544 sunt
1696 2507 1763 2543 de-

362 2563 510 2602 decoris
541 2577 584 2602 ac
615 2567 866 2619 turpitudinis
882 2585 894 2613 3
941 2568 1025 2608 satis
1054 2567 1270 2622 persuasum
1303 2569 1374 2608 effe
1405 2570 1532 2616 debet,
1566 2570 1664 2609 nihil
1696 2569 1765 2608 ess'e

365 2631 472 2676 utile,
494 2631 599 2684 quod
620 2645 695 2670 non
715 2631 919 2673 honestum
940 2635 998 2674 fit.

505 2700 573 2737 To
585 2711 636 2737 M.
668 2699 742 2739 111.
1371 2702 1412 2740 Ν
1439 2716 1463 2741 n
