2223 3003
696 261 972 302 LIBER
1036 259 1397 301 PRIMUS.
1672 262 1745 315 185

345 363 511 402 alterum
532 362 747 401 incurrunt.
793 361 984 401 Deserunt
1009 361 1116 400 enim
1145 361 1235 399 vitre
1265 360 1496 405 societatem,
1527 360 1617 413 quia
1647 358 1747 398 nihil

348 427 554 467 conferunt
575 429 615 467 in
636 441 721 466 eam
741 427 869 472 studii,
891 426 990 465 nihil
1011 440 1147 479 operae,
1170 425 1269 464 nihil
1290 424 1532 464 facultatum.

404 494 605 546 Qoniam
640 494 772 545 igitur,
808 492 958 530 duobus
979 491 1182 543 generibus
1213 491 1407 542 injustitiae
1433 491 1648 545 propositis,
1678 492 1747 530 ad·-

343 560 548 610 junximus
568 559 693 598 causas
714 557 912 609 utriusque
931 556 1094 609 generis,
1124 556 1259 608 easque
1280 570 1336 594 res
1354 567 1441 595 ante
1462 557 1746 602 constituimus,

349 626 492 677 quibus
513 625 661 676 justitia
690 623 910 660 continetur
924 640 936 667 5
968 620 1095 666 facile,
1126 621 1231 673 quod
1251 621 1435 673 cujusque
1456 624 1638 675 temporis
1659 623 1747 662 offi-

347 692 455 729 cium
475 691 533 734 fit,
564 689 792 742 poterimus,
813 687 882 726 nifi
903 687 1152 740 nosmetipsos
1172 687 1281 725 valde
1300 687 1530 732 amabimus,
1560 688 1746 739 judicare.

348 756 416 793 Est
437 756 543 794 enim
563 755 733 793 difficilis
765 767 854 792 cura
875 766 1003 791 rerum
1033 753 1243 792 alienarum
1260 767 1268 791 :
1301 766 1524 805 quanquam
1544 754 1747 792 Terentia·

351 834 421 859 nus
442 821 508 859 ille
530 820 717 859 Chremes
737 819 990 858 humam'nihil
1001 821 1073 872 as&
1089 820 1238 858 alienum
1252 827 1381 872 putat.
1408 818 1480 857 Sed
1497 827 1638 864 tamen,
1659 820 1750 871 quia

350 887 472 939 magis
505 901 547 924 ea
572 887 807 939 percipimus
830 895 945 938 atque
966 886 1165 930 sentimus,
1197 900 1281 937 quae
1302 885 1413 924 nobis
1444 885 1531 938 ipsis
1562 893 1628 923 aut
1657 899 1749 938 pro-

351 952 466 1005 spera,
498 962 563 991 aut
583 953 729 991 adversa
748 953 945 996 eveniunt,
968 965 1085 1004 quam
1117 951 1195 996 illa,
1231 966 1315 1003 quae
1335 952 1479 990 caeteris
1496 970 1508 996 ;
1540 965 1626 1003 quae
1646 952 1749 1004 quasi

349 1018 467 1071 longo
486 1019 686 1057 intervallo
707 1019 905 1070 interjecto
938 1018 1112 1056 videmus
1131 1037 1142 1062 ς
1173 1018 1281 1055 aliter
1301 1017 1348 1055 de
1378 1017 1471 1062 illis,
1502 1030 1544 1054 ac
1571 1017 1617 1055 de
1638 1017 1750 1056 nobis

344 1084 582 1136 judicamus.
634 1085 828 1136 roirca
863 1085 959 1122 bene
994 1085 1237 1137 praecipiunt,
1272 1084 1341 1135 qui
1374 1091 1503 1121 vetant
1532 1083 1752 1136 quidquam

350 1163 473 1203 agere,
498 1151 603 1204 quod
623 1151 790 1195 dubites,
813 1164 969 1203 aequum
990 1150 1048 1194 fit,
1070 1164 1115 1188 an
1134 1150 1329 1202 iniquum.
1362 1150 1540 1202 AEquitas
1559 1149 1667 1189 enim
1685 1150 1750 1188 lu-

351 1225 411 1254 cet
431 1217 509 1269 ipsa
527 1231 595 1269 per
615 1217 675 1261 se;
707 1217 900 1254 dubitatio
919 1216 1196 1268 cogitationem
1215 1214 1403 1268 fignificat
1423 1215 1584 1266 injuriae.

406 1283 459 1321 X.
482 1283 554 1322 Sed
574 1283 754 1321 incidunt
773 1282 866 1335 saepe
886 1291 1072 1335 tempora,
1093 1295 1186 1320 cum
1206 1295 1261 1327 ea,
1279 1295 1364 1334 quae
1384 1281 1556 1320 maxime
1575 1280 1754 1320 videntur

351 1349 470 1402 digna
499 1349 569 1388 effe
594 1349 699 1402 justo
727 1348 904 1395 homine,
936 1362 1072 1402 eoque,
1108 1362 1227 1402 quem
1248 1348 1376 1389 virum
1399 1348 1549 1386 bonum
1569 1347 1753 1393 dicimus,

353 1418 659 1462 commutantur,
689 1415 866 1468 fiuntque
895 1415 1109 1460 contraria3
1142 1424 1185 1453 ut
1215 1414 1369 1453 reddere
1400 1414 1629 1467 depositum,
1662 1426 1755 1467 pro-

355 1481 512 1519 miffum
531 1482 667 1526 facere,
697 1496 860 1535 quaeque
889 1483 1081 1535 pertinent
1101 1481 1147 1520 ad
1172 1482 1387 1526 veritatem,
1417 1490 1456 1520 et
1486 1480 1532 1519 ad
1551 1480 1682 1525 fidem,
1713 1493 1756 1518 ea

356 1547 520 1600 migrare
553 1547 765 1592 interdum,
808 1557 847 1585 et
881 1561 960 1586 non
995 1548 1148 1593 servare,
1184 1548 1228 1586 s1t
1255 1548 1418 1600 justum.
1464 1547 1616 1585 Referri
1649 1547 1755 1585 enim

356 1613 468 1652 decet
498 1613 544 1652 ad
574 1627 629 1659 ea,
660 1627 746 1666 quae
775 1614 954 1667 proposui
990 1615 1030 1651 in
1062 1614 1266 1666 principio,
1299 1613 1550 1650 fundamenta
1568 1613 1753 1664 justitiae:

358 1679 546 1731 primum,
592 1689 636 1719 ut
666 1693 715 1718 ne
748 1679 813 1718 cui
847 1687 1055 1724 noceatur,
1100 1678 1251 1723 deinde,
1282 1687 1326 1716 ut
1360 1678 1565 1716 communi
1596 1677 1757 1716 utilitati

359 1744 551 1784 serviatur.

412 1812 520 1850 Cum
552 1821 726 1865 tempora
754 1820 1059 1856 commutantur,
1095 1819 1361 1850 commutatur
1379 1810 1555 1849 officium
1571 1829 1582 1856 ;
1619 1819 1657 1849 et
1678 1824 1758 1850 non

359 1876 504 1930 semper
533 1877 586 1915 est
616 1879 733 1916 idem.
781 1878 908 1916 Potest
937 1878 1044 1915 enim
1063 1877 1232 1914 accidere
1254 1875 1485 1928 promissum
1516 1876 1688 1928 aliquod,
1719 1885 1758 1914 et

353 1950 606 1987 conventum,
637 1951 681 1980 ut
700 1943 741 1979 id
759 1942 861 1980 effici
881 1941 926 1980 s1t
945 1941 1097 1986 inutile,
1121 1941 1181 1979 vel
1202 1941 1252 1986 ei,
1273 1941 1336 1979 cui
1356 1940 1587 1993 promissum
1607 1941 1666 1986 fit,
1697 1940 1760 1979 vel

355 2008 404 2052 ei,
440 2008 509 2060 qui
527 2007 761 2061 promiserit.
808 2008 916 2047 Nam
936 2007 977 2052 fi,
1013 2007 1115 2045 utin
1135 2006 1276 2045 fabulis
1297 2006 1363 2052 est,
1395 2006 1620 2058 Neptunus,
1652 2006 1759 2058 quod

355 2072 510 2112 Theseo
541 2074 780 2126 promiserat,
810 2087 889 2113 non
921 2073 1079 2118 fecisset,
1113 2072 1285 2112 Theseus
1320 2072 1403 2110 filio
1434 2072 1654 2125 Hippolyto
1680 2085 1760 2111 non

354 2139 445 2178 esset
465 2140 633 2179 orbatus.
679 2141 742 2179 Ex
761 2141 885 2179 tribus
905 2141 1011 2178 enim
1031 2139 1187 2192 optatis,
1209 2148 1253 2176 ut
1273 2138 1464 2183 scribitur,
1489 2138 1563 2176 hoc
1583 2148 1660 2176 erat
1681 2148 1759 2176 ter-

358 2207 474 2251 tium,
496 2207 600 2258 quod
621 2207 667 2244 de
688 2207 899 2259 Hippolyti
920 2207 1077 2243 interitu
1095 2206 1212 2243 iratus
1234 2205 1405 2256 optavit;
1438 2218 1516 2256 quo
1536 2205 1757 2258 impetrato,

357 2272 398 2310 in
417 2272 608 2310 maximos
630 2271 755 2309 Iustus
778 2271 928 2309 incidit.
961 2270 1047 2312 Nec
1067 2269 1247 2322 promissa
1267 2269 1386 2322 igitur
1407 2269 1581 2308 servanda
1597 2270 1682 2308 sunt
1702 2283 1758 2315 ea,

358 2350 443 2388 quae
462 2337 536 2376 sint
566 2337 627 2382 iis,
659 2337 801 2389 quibus
828 2335 1059 2388 promiseris,
1091 2334 1268 2372 inutilia:
1301 2348 1386 2380 nec,
1417 2335 1443 2373 fi
1463 2335 1550 2388 plus
1583 2335 1655 2374 tibi
1686 2348 1760 2373 no-

361 2413 485 2449 ceant,
516 2417 634 2456 quam
661 2404 719 2441 illi
751 2403 906 2455 prosint,
939 2402 1002 2440 cui
1033 2400 1264 2454 promiseris.
1310 2402 1456 2440 Contra
1485 2402 1660 2440 officium
1692 2401 1759 2446 est,

362 2469 486 2518 majus
505 2482 584 2507 non
602 2470 783 2521 anteponi
804 2469 944 2507 minori
963 2483 971 2506 :
1005 2475 1061 2512 ut,
1090 2467 1115 2504 fi
1136 2466 1375 2505 constitueris
1397 2476 1433 2505 te
1452 2468 1622 2520 cuipiam
1643 2467 1760 2505 advo-

363 2542 496 2572 catum
516 2535 556 2571 in
577 2548 658 2573 rem
679 2535 902 2587 praesentem
936 2534 1006 2574 effe
1025 2543 1245 2581 venturum,
1280 2542 1394 2586 atque
1414 2534 1569 2574 interim
1600 2533 1762 2587 graviter

475 2600 548 2639 To
561 2612 611 2638 M.
644 2601 717 2640 ΙΙΙ.
1386 2601 1422 2637 A
1442 2613 1462 2637 a
