2223 3003
695 290 973 332 LIBER
1029 289 1528 329 SECUNDUS.
1766 300 1815 342 57

423 391 568 446 potest:
601 405 679 430 non
698 391 780 430 isset
799 391 844 429 ad
864 405 968 429 arma
989 391 1219 444 Pompeius:
1253 404 1329 428 non
1361 388 1539 428 transiss‘et
1559 386 1709 426 Craffus
1730 388 1814 425 Eu-

424 457 626 510 phratem:
658 470 737 495 non
768 455 980 507 suscepisset
1005 455 1152 492 bellum
1173 455 1285 492 civile
1315 454 1449 495 Caesar.
1488 455 1582 493 Non
1613 453 1731 506 igitur
1756 452 1815 491 fa-

424 524 517 561 tales
537 522 660 560 exitus
678 520 911 558 habuerunt.
957 519 1087 556 Vultis
1118 528 1247 556 autem
1267 520 1414 556 evenire
1434 520 1565 557 omnia
1583 518 1685 557 fato:
1717 517 1817 556 nihil

422 600 515 640 ergo
534 587 610 624 illis
630 583 826 638 profuifl'et
845 583 1014 620 divinare
1026 601 1038 627 3
1070 591 1183 634 atque
1213 583 1330 620 etiam
1360 596 1519 620 omnem
1542 583 1712 621 fructum
1731 584 1818 620 vitae

423 651 625 704 superioriS
655 647 926 702 perdidissent:
958 647 1052 700 quid
1071 648 1177 686 enim
1197 647 1316 700 poffet
1345 647 1391 684 iis
1415 647 1484 685 effe
1515 648 1661 692 laetum,
1692 648 1818 685 exitus

424 716 509 755 suos
529 714 818 768 cogitantibus?
850 715 920 759 Ita,
942 727 1100 766 quoquo
1120 713 1155 751 se
1174 713 1356 751 verterint
1377 712 1508 757 Stoici,
1534 713 1657 763 jaceat
1677 712 1820 749 necesse

424 781 478 819 est
497 782 624 820 omnis
653 792 786 818 eorum
807 779 970 818 solertia.
1015 779 1054 817 Si
1073 779 1178 818 enim
1198 779 1252 824 id,
1283 778 1389 830 quod
1417 787 1644 816 eventurum
1664 777 1728 821 est,
1760 778 1822 815 vel

423 846 502 885 hoc
532 846 591 884 vel
623 845 691 883 illo
731 845 850 884 modo
893 845 1016 898 potest
1054 845 1217 890 evenire,
1259 843 1413 882 fortuna
1441 843 1540 881 valet
1573 842 1790 896 plurimum
1806 860 1819 887 3

424 926 511 964 quae
541 921 670 950 autem
699 910 860 950 fortuita
888 911 989 957 sunt,
1019 919 1121 949 certa
1152 909 1224 948 effe
1258 923 1335 949 non
1366 908 1532 962 pofi‘unt.
1598 909 1662 946 Sin
1693 918 1822 946 autem

425 987 576 1017 certum
609 978 677 1023 est,
711 977 807 1031 quid
836 991 988 1030 quaque
1021 977 1069 1015 de
1100 990 1153 1021 re,
1184 988 1340 1028 quoque
1371 984 1544 1027 tempore
1563 973 1741 1012 futurum
1762 973 1821 1017 fit,

426 1045 521 1097 quid
541 1045 593 1082 est
614 1044 718 1097 quod
738 1057 802 1082 me
821 1044 1002 1096 adjuvent
1020 1041 1253 1095 haruspices,
1284 1056 1377 1080 cum
1407 1055 1464 1079 res
1490 1040 1712 1079 tristiflimas
1733 1053 1823 1092 por-

426 1110 533 1149 tendi
553 1109 719 1148 dixerint
734 1109 747 1146 ?

481 1177 535 1214 X.
566 1175 730 1213 Addunt
749 1175 795 1212 ad
824 1183 1059 1219 extremum,
1089 1173 1221 1211 omnia
1239 1170 1360 1210 levius
1380 1172 1520 1217 casura,
1553 1171 1665 1210 rebus
1685 1169 1824 1209 divinis

426 1240 652 1294 procuratis.
695 1240 734 1278 Si
753 1239 859 1277 enim
879 1237 980 1276 nihil
999 1237 1045 1276 fit
1063 1246 1170 1276 extra
1187 1236 1328 1282 fatum,
1354 1235 1455 1275 nihil
1481 1236 1598 1274 levari
1631 1249 1670 1273 re
1699 1235 1827 1272 divina

427 1306 563 1360 potest.
609 1306 701 1344 Hoc
732 1305 846 1344 sentit
865 1305 1078 1349 Homerus,
1108 1317 1201 1342 cum
1230 1283 1466 1355 quaerentem
1486 1303 1625 1353 Jovem
1659 1300 1825 1344 inducit,

427 1372 534 1424 quod
553 1371 808 1424 Sarpedonem
828 1370 957 1408 filium
987 1383 1009 1408 a
1027 1378 1152 1408 morte
1170 1377 1302 1407 contra
1325 1367 1452 1406 fatum
1472 1367 1616 1420 eripere
1641 1379 1720 1404 non
1739 1364 1827 1418 pos-

429 1438 496 1477 set.
528 1438 619 1477 Hoc
639 1437 744 1477 idem
763 1435 950 1490 fignificat
969 1437 1128 1474 Graecus
1148 1434 1215 1473 ille
1234 1435 1276 1473 in
1295 1447 1380 1472 earn
1400 1433 1626 1472 sententiam
1646 1431 1770 1470 versus
1786 1449 1800 1476 ς

567 1502 762 1554 Qodfore
773 1511 952 1555 paratum
969 1501 1028 1555 est,
1057 1500 1098 1540 id
1097 1502 1278 1554 stcmmum
1296 1501 1483 1553 eoffitperat
1503 1500 1652 1552 Jovem.

431 1567 585 1606 Totum
603 1568 766 1605 omnino
795 1567 921 1606 fatum
941 1569 1058 1611 etiam
1078 1566 1275 1605 Atellanio
1294 1565 1403 1604 versu
1430 1566 1518 1617 jure
1549 1562 1650 1602 mihi
1675 1561 1745 1600 effe
1773 1562 1829 1599 ir-

433 1632 553 1670 risum
572 1632 748 1670 videtur:
780 1632 842 1669 sed
871 1633 912 1668 in
940 1632 1052 1669 rebus
1081 1640 1163 1669 tam
1184 1631 1316 1668 severis
1337 1643 1415 1668 non
1445 1629 1497 1666 est
1516 1627 1673 1680 jocandi
1706 1627 1828 1664 locus.

434 1697 700 1735 Concludatur
719 1697 837 1748 igitur
856 1696 966 1734 ratio.
1003 1696 1041 1733 Si
1060 1696 1164 1734 enim
1184 1695 1374 1748 provideri
1393 1692 1493 1732 nihil
1512 1692 1632 1746 potest
1650 1691 1832 1731 futurum

431 1761 503 1800 effe
522 1775 670 1807 eorum,
701 1774 786 1814 quae
806 1760 891 1798 casu
911 1760 1024 1804 fiunt,
1057 1761 1148 1812 quia
1166 1760 1236 1798 effe
1256 1769 1357 1797 certa
1377 1772 1454 1797 non
1474 1758 1626 1811 poss‘unt
1637 1775 1649 1803 3
1681 1757 1832 1796 divina-

433 1828 490 1866 tio
509 1828 616 1866 nulla
633 1827 708 1866 est:
732 1827 786 1865 fin
805 1836 934 1864 autem
954 1827 1099 1864 idcirco
1118 1825 1272 1878 poffunt
1291 1824 1494 1878 provideri,
1515 1824 1607 1876 quia
1625 1833 1728 1862 certa
1745 1823 1833 1862 sunt

433 1903 472 1932 et
491 1892 618 1931 fatalia
633 1910 646 1937 ;
678 1892 802 1930 rursus
831 1891 1018 1931 divinatio
1038 1891 1145 1929 nulla
1163 1891 1239 1930 est:
1270 1904 1356 1929 eam
1386 1890 1493 1928 enim
1522 1898 1565 1927 tu
1584 1887 1833 1927 fortuitarum

434 1972 563 1997 rerum
582 1957 653 1996 effe
672 1957 838 1996 dicebas.
861 1957 932 1996 Sed
952 1956 1034 1996 haec
1053 1956 1170 1996 fuerit
1189 1957 1300 1995 nobis
1320 1966 1504 2008 tanquam
1524 1954 1617 1993 levis
1637 1963 1835 1992 armaturae

434 2025 560 2078 prima
578 2024 758 2063 orationis
774 2023 944 2062 excurfio
962 2038 971 2061 :
994 2037 1099 2061 nunc
1119 2023 1297 2061 cominus
1312 2034 1484 2075 agamus,
1501 2021 1833 2074 experiamurque,

437 2091 463 2129 fi
482 2090 664 2144 poffimus
684 2104 827 2129 cornua
846 2103 1089 2128 commovere
1109 2089 1374 2142 disputationis
1395 2097 1484 2126 tuae.

493 2158 565 2195 XI.
597 2157 690 2195 Duo
710 2156 816 2195 enim
846 2169 982 2209 genera
1003 2155 1199 2194 divinandi
1218 2154 1289 2192 effe
1309 2153 1474 2198 dicebas,
1506 2165 1630 2190 unum
1650 2151 1834 2190 artificio-

437 2221 535 2267 sum,
550 2222 713 2260 alterurn
731 2221 913 2259 naturale.
935 2220 1200 2259 Artificiosum
1222 2219 1389 2258 constare
1409 2219 1550 2271 partim
1569 2231 1616 2255 ex
1636 2218 1834 2269 conjedm-

439 2302 490 2334 ra,
513 2288 653 2341 partim
673 2301 720 2326 ex
741 2287 1001 2326 observatione
1017 2287 1209 2324 diuturna.
1232 2285 1430 2329 Naturale,
1447 2284 1552 2337 quod
1568 2283 1720 2322 animus
1740 2283 1836 2320 arri-

438 2363 557 2406 peret,
578 2363 643 2393 aut
661 2353 854 2407 exciperet
869 2353 1098 2392 extrinsecus
1120 2366 1167 2391 ex
1183 2352 1396 2396 divinitate,
1419 2350 1519 2388 unde
1535 2363 1668 2388 omnes
1688 2349 1835 2387 animos

441 2417 605 2466 haustos,
626 2429 692 2458 aut
711 2429 900 2474 acceptos,
921 2429 986 2458 aut
1005 2419 1142 2457 libatos
1163 2418 1406 2457 haberemus.
1442 2416 1668 2455 Artificiosae
1688 2415 1836 2453 divina-

443 2483 558 2521 tionis
588 2485 655 2523 illa
673 2484 750 2524 fere
780 2499 916 2538 genera
944 2485 1124 2538 ponebas,
1157 2484 1402 2537 extispicum,
1437 2495 1660 2534 eorumque,
1693 2480 1759 2532 qui
1790 2491 1837 2516 cx

437 2547 660 2601 fulguribus
693 2550 921 2604 ostentisque
948 2551 1208 2604 praedicerent,
1244 2558 1330 2588 tum
1363 2561 1567 2601 augurum,
1611 2557 1836 2596 eorumque,

554 2614 593 2652 T
610 2627 634 2652 0
653 2625 705 2653 M.
737 2615 811 2654 111.
1494 2613 1535 2650 H
