<?xml version="1.0" encoding="UTF-8"?>
<!DOCTYPE html PUBLIC "-//W3C//DTD XHTML 1.0 Transitional//EN"
    "http://www.w3.org/TR/xhtml1/DTD/xhtml1-transitional.dtd">
<html xmlns="http://www.w3.org/1999/xhtml" xml:lang="en" lang="en">
 <head>
  <title>
</title>
<meta http-equiv="Content-Type" content="text/html;charset=utf-8" />
  <meta name='ocr-system' content='tesseract 3.04.00' />
  <meta name='ocr-capabilities' content='ocr_page ocr_carea ocr_par ocr_line ocrx_word'/>
</head>
<body>
  <div class='ocr_page' id='page_1' title='image "./operacumindicibu03ciceuoft_0061.png"; bbox 0 0 2223 3003; ppageno 0'>
   <div class='ocr_carea' id='block_1_1' title="bbox 679 224 1799 282">
    <p class='ocr_par' dir='ltr' id='par_1_1' title="bbox 679 224 1799 282">
     <span class='ocr_line' id='line_1_1' title="bbox 679 224 1799 282; baseline -0.001 -16"><span class='ocrx_word' id='word_1_1' title='bbox 679 225 956 267; x_wconf 83' lang='lat' dir='ltr'>LIBER</span> <span class='ocrx_word' id='word_1_2' title='bbox 1013 224 1509 265; x_wconf 82' lang='lat' dir='ltr'><strong>SECUNDUS.</strong></span> <span class='ocrx_word' id='word_1_3' title='bbox 1747 241 1799 282; x_wconf 77' lang='lat'>55</span> 
     </span>
    </p>
   </div>
   <div class='ocr_carea' id='block_1_2' title="bbox 399 323 1801 2414">
    <p class='ocr_par' dir='ltr' id='par_1_2' title="bbox 402 323 1801 1626">
     <span class='ocr_line' id='line_1_2' title="bbox 462 323 1799 377; baseline 0.001 -13"><span class='ocrx_word' id='word_1_4' title='bbox 462 325 555 364; x_wconf 89' lang='lat' dir='ltr'>V11.</span> <span class='ocrx_word' id='word_1_5' title='bbox 587 325 670 377; x_wconf 82' lang='lat' dir='ltr'>Qi</span> <span class='ocrx_word' id='word_1_6' title='bbox 699 324 918 363; x_wconf 82' lang='lat' dir='ltr'>thesaurum</span> <span class='ocrx_word' id='word_1_7' title='bbox 936 325 1198 369; x_wconf 79' lang='lat' dir='ltr'>inventurum,</span> <span class='ocrx_word' id='word_1_8' title='bbox 1229 333 1294 363; x_wconf 87' lang='lat' dir='ltr'>aut</span> <span class='ocrx_word' id='word_1_9' title='bbox 1318 323 1579 364; x_wconf 70' lang='lat' dir='ltr'>haereditatem</span> <span class='ocrx_word' id='word_1_10' title='bbox 1597 333 1799 365; x_wconf 89' lang='lat' dir='ltr'>venturam</span> 
     </span>
     <span class='ocr_line' id='line_1_3' title="bbox 408 389 1799 443; baseline 0.001 -15"><span class='ocrx_word' id='word_1_11' title='bbox 408 389 556 436; x_wconf 88' lang='lat' dir='ltr'>dicunt,</span> <span class='ocrx_word' id='word_1_12' title='bbox 577 390 670 443; x_wconf 90' lang='lat' dir='ltr'>quid</span> <span class='ocrx_word' id='word_1_13' title='bbox 691 390 925 443; x_wconf 90' lang='lat' dir='ltr'>sequuntur?</span> <span class='ocrx_word' id='word_1_14' title='bbox 956 399 1022 428; x_wconf 90' lang='lat' dir='ltr'>aut</span> <span class='ocrx_word' id='word_1_15' title='bbox 1041 390 1081 427; x_wconf 91' lang='lat' dir='ltr'>in</span> <span class='ocrx_word' id='word_1_16' title='bbox 1101 403 1176 442; x_wconf 91' lang='lat' dir='ltr'>qua</span> <span class='ocrx_word' id='word_1_17' title='bbox 1195 403 1323 429; x_wconf 89' lang='lat' dir='ltr'>rerum</span> <span class='ocrx_word' id='word_1_18' title='bbox 1343 399 1477 429; x_wconf 89' lang='lat' dir='ltr'>natura</span> <span class='ocrx_word' id='word_1_19' title='bbox 1495 390 1602 436; x_wconf 93' lang='lat' dir='ltr'>inest,</span> <span class='ocrx_word' id='word_1_20' title='bbox 1630 391 1670 430; x_wconf 93' lang='lat' dir='ltr'>id</span> <span class='ocrx_word' id='word_1_21' title='bbox 1686 391 1799 430; x_wconf 89' lang='lat' dir='ltr'>futu-</span> 
     </span>
     <span class='ocr_line' id='line_1_4' title="bbox 407 455 1797 508; baseline 0.001 -15"><span class='ocrx_word' id='word_1_22' title='bbox 407 469 494 494; x_wconf 88' lang='lat' dir='ltr'>rum</span> <span class='ocrx_word' id='word_1_23' title='bbox 510 457 523 493; x_wconf 91' lang='lat'>?</span> <span class='ocrx_word' id='word_1_24' title='bbox 554 455 671 507; x_wconf 86' lang='lat' dir='ltr'>Qod</span> <span class='ocrx_word' id='word_1_25' title='bbox 690 456 716 493; x_wconf 88' lang='lat' dir='ltr'>s1</span> <span class='ocrx_word' id='word_1_26' title='bbox 737 455 832 498; x_wconf 83' lang='lat' dir='ltr'>haec,</span> <span class='ocrx_word' id='word_1_27' title='bbox 858 467 976 506; x_wconf 89' lang='lat' dir='ltr'>eaque</span> <span class='ocrx_word' id='word_1_28' title='bbox 995 468 1080 506; x_wconf 86' lang='lat' dir='ltr'>quae</span> <span class='ocrx_word' id='word_1_29' title='bbox 1098 455 1186 492; x_wconf 88' lang='lat' dir='ltr'>sunt</span> <span class='ocrx_word' id='word_1_30' title='bbox 1201 455 1370 507; x_wconf 86' lang='lat' dir='ltr'>ejusdem</span> <span class='ocrx_word' id='word_1_31' title='bbox 1386 457 1548 508; x_wconf 87' lang='lat' dir='ltr'>generis,</span> <span class='ocrx_word' id='word_1_32' title='bbox 1565 455 1708 495; x_wconf 85' lang='lat' dir='ltr'>habent</span> <span class='ocrx_word' id='word_1_33' title='bbox 1724 457 1797 496; x_wconf 84' lang='lat' dir='ltr'>ali-</span> 
     </span>
     <span class='ocr_line' id='line_1_5' title="bbox 407 518 1801 573; baseline 0.004 -15"><span class='ocrx_word' id='word_1_34' title='bbox 407 534 523 573; x_wconf 88' lang='lat' dir='ltr'>quam</span> <span class='ocrx_word' id='word_1_35' title='bbox 544 521 659 558; x_wconf 89' lang='lat' dir='ltr'>talem</span> <span class='ocrx_word' id='word_1_36' title='bbox 686 519 938 558; x_wconf 87' lang='lat' dir='ltr'>neceffitatem</span> <span class='ocrx_word' id='word_1_37' title='bbox 951 535 964 562; x_wconf 73' lang='lat'><em>3</em></span> <span class='ocrx_word' id='word_1_38' title='bbox 995 518 1089 569; x_wconf 91' lang='lat' dir='ltr'>quid</span> <span class='ocrx_word' id='word_1_39' title='bbox 1108 519 1160 555; x_wconf 91' lang='lat' dir='ltr'>est</span> <span class='ocrx_word' id='word_1_40' title='bbox 1181 519 1350 563; x_wconf 85' lang='lat' dir='ltr'>tandem,</span> <span class='ocrx_word' id='word_1_41' title='bbox 1380 522 1484 572; x_wconf 87' lang='lat' dir='ltr'>quod</span> <span class='ocrx_word' id='word_1_42' title='bbox 1504 522 1588 561; x_wconf 89' lang='lat' dir='ltr'>casu</span> <span class='ocrx_word' id='word_1_43' title='bbox 1608 522 1704 570; x_wconf 84' lang='lat' dir='ltr'>fieri,</span> <span class='ocrx_word' id='word_1_44' title='bbox 1734 533 1801 564; x_wconf 88' lang='lat' dir='ltr'>aut</span> 
     </span>
     <span class='ocr_line' id='line_1_6' title="bbox 407 581 1801 636; baseline 0.004 -13"><span class='ocrx_word' id='word_1_45' title='bbox 407 585 505 624; x_wconf 76' lang='lat' dir='ltr'>forte</span> <span class='ocrx_word' id='word_1_46' title='bbox 524 585 678 624; x_wconf 71' lang='lat' dir='ltr'>fortuna</span> <span class='ocrx_word' id='word_1_47' title='bbox 696 593 876 636; x_wconf 86' lang='lat' dir='ltr'>putemus</span> <span class='ocrx_word' id='word_1_48' title='bbox 895 583 907 619; x_wconf 93' lang='lat'>?</span> <span class='ocrx_word' id='word_1_49' title='bbox 930 581 1047 620; x_wconf 88' lang='lat' dir='ltr'>Nihil</span> <span class='ocrx_word' id='word_1_50' title='bbox 1061 583 1166 620; x_wconf 90' lang='lat' dir='ltr'>enim</span> <span class='ocrx_word' id='word_1_51' title='bbox 1185 583 1237 620; x_wconf 91' lang='lat' dir='ltr'>est</span> <span class='ocrx_word' id='word_1_52' title='bbox 1254 592 1332 621; x_wconf 88' lang='lat' dir='ltr'>tam</span> <span class='ocrx_word' id='word_1_53' title='bbox 1353 588 1586 625; x_wconf 87' lang='lat' dir='ltr'>contrarium</span> <span class='ocrx_word' id='word_1_54' title='bbox 1607 590 1743 628; x_wconf 89' lang='lat' dir='ltr'>rationi</span> <span class='ocrx_word' id='word_1_55' title='bbox 1761 599 1801 629; x_wconf 86' lang='lat' dir='ltr'>et</span> 
     </span>
     <span class='ocr_line' id='line_1_7' title="bbox 405 648 1799 704; baseline 0.004 -14"><span class='ocrx_word' id='word_1_56' title='bbox 405 651 636 695; x_wconf 82' lang='lat' dir='ltr'>constantiae,</span> <span class='ocrx_word' id='word_1_57' title='bbox 668 663 785 702; x_wconf 84' lang='lat' dir='ltr'>quam</span> <span class='ocrx_word' id='word_1_58' title='bbox 805 648 984 693; x_wconf 86' lang='lat' dir='ltr'>fortuna;</span> <span class='ocrx_word' id='word_1_59' title='bbox 1016 659 1059 686; x_wconf 92' lang='lat' dir='ltr'>ut</span> <span class='ocrx_word' id='word_1_60' title='bbox 1079 648 1179 687; x_wconf 86' lang='lat' dir='ltr'>mihi</span> <span class='ocrx_word' id='word_1_61' title='bbox 1209 663 1256 687; x_wconf 90' lang='lat' dir='ltr'>ne</span> <span class='ocrx_word' id='word_1_62' title='bbox 1276 650 1315 687; x_wconf 94' lang='lat' dir='ltr'>in</span> <span class='ocrx_word' id='word_1_63' title='bbox 1337 650 1467 689; x_wconf 89' lang='lat' dir='ltr'>Deum</span> <span class='ocrx_word' id='word_1_64' title='bbox 1489 654 1646 704; x_wconf 89' lang='lat' dir='ltr'>quidem</span> <span class='ocrx_word' id='word_1_65' title='bbox 1667 657 1799 695; x_wconf 81' lang='lat' dir='ltr'>cadere</span> 
     </span>
     <span class='ocr_line' id='line_1_8' title="bbox 405 714 1798 768; baseline 0.004 -14"><span class='ocrx_word' id='word_1_66' title='bbox 405 716 588 762; x_wconf 84' lang='lat' dir='ltr'>videatur,</span> <span class='ocrx_word' id='word_1_67' title='bbox 609 726 653 754; x_wconf 91' lang='lat' dir='ltr'>ut</span> <span class='ocrx_word' id='word_1_68' title='bbox 673 716 776 760; x_wconf 90' lang='lat' dir='ltr'>sciat,</span> <span class='ocrx_word' id='word_1_69' title='bbox 797 715 891 768; x_wconf 87' lang='lat' dir='ltr'>quid</span> <span class='ocrx_word' id='word_1_70' title='bbox 910 714 995 752; x_wconf 86' lang='lat' dir='ltr'>casu</span> <span class='ocrx_word' id='word_1_71' title='bbox 1014 724 1051 752; x_wconf 89' lang='lat' dir='ltr'>et</span> <span class='ocrx_word' id='word_1_72' title='bbox 1070 714 1232 753; x_wconf 89' lang='lat' dir='ltr'>fortuito</span> <span class='ocrx_word' id='word_1_73' title='bbox 1251 714 1430 754; x_wconf 86' lang='lat' dir='ltr'>futurum</span> <span class='ocrx_word' id='word_1_74' title='bbox 1449 717 1506 756; x_wconf 90' lang='lat' dir='ltr'>fit.</span> <span class='ocrx_word' id='word_1_75' title='bbox 1531 719 1568 756; x_wconf 89' lang='lat' dir='ltr'>Si</span> <span class='ocrx_word' id='word_1_76' title='bbox 1587 720 1692 758; x_wconf 85' lang='lat' dir='ltr'>enim</span> <span class='ocrx_word' id='word_1_77' title='bbox 1713 722 1798 767; x_wconf 90' lang='lat' dir='ltr'>scit,</span> 
     </span>
     <span class='ocr_line' id='line_1_9' title="bbox 405 781 1798 827; baseline 0.003 -6"><span class='ocrx_word' id='word_1_78' title='bbox 405 792 507 821; x_wconf 88' lang='lat' dir='ltr'>certe</span> <span class='ocrx_word' id='word_1_79' title='bbox 526 783 623 821; x_wconf 90' lang='lat' dir='ltr'>illud</span> <span class='ocrx_word' id='word_1_80' title='bbox 642 782 815 820; x_wconf 87' lang='lat' dir='ltr'>eveniet:</span> <span class='ocrx_word' id='word_1_81' title='bbox 847 781 901 820; x_wconf 90' lang='lat' dir='ltr'>fin</span> <span class='ocrx_word' id='word_1_82' title='bbox 921 791 1021 819; x_wconf 88' lang='lat' dir='ltr'>certe</span> <span class='ocrx_word' id='word_1_83' title='bbox 1040 782 1201 827; x_wconf 91' lang='lat' dir='ltr'>eveniet,</span> <span class='ocrx_word' id='word_1_84' title='bbox 1231 782 1338 820; x_wconf 90' lang='lat' dir='ltr'>nulla</span> <span class='ocrx_word' id='word_1_85' title='bbox 1356 781 1511 822; x_wconf 90' lang='lat' dir='ltr'>fortuna</span> <span class='ocrx_word' id='word_1_86' title='bbox 1541 785 1619 823; x_wconf 90' lang='lat' dir='ltr'>est:</span> <span class='ocrx_word' id='word_1_87' title='bbox 1652 786 1703 824; x_wconf 90' lang='lat' dir='ltr'>est</span> <span class='ocrx_word' id='word_1_88' title='bbox 1729 801 1798 825; x_wconf 82' lang='lat' dir='ltr'>au-</span> 
     </span>
     <span class='ocr_line' id='line_1_10' title="bbox 406 846 1800 902; baseline 0.004 -15"><span class='ocrx_word' id='word_1_89' title='bbox 406 858 487 887; x_wconf 88' lang='lat' dir='ltr'>tem</span> <span class='ocrx_word' id='word_1_90' title='bbox 506 848 660 886; x_wconf 89' lang='lat' dir='ltr'>fortuna</span> <span class='ocrx_word' id='word_1_91' title='bbox 673 866 685 893; x_wconf 79' lang='lat'>3</span> <span class='ocrx_word' id='word_1_92' title='bbox 717 861 844 885; x_wconf 89' lang='lat' dir='ltr'>rerum</span> <span class='ocrx_word' id='word_1_93' title='bbox 865 848 984 900; x_wconf 86' lang='lat' dir='ltr'>igitur</span> <span class='ocrx_word' id='word_1_94' title='bbox 1002 846 1249 886; x_wconf 82' lang='lat' dir='ltr'>fortuitarum</span> <span class='ocrx_word' id='word_1_95' title='bbox 1270 848 1376 886; x_wconf 87' lang='lat' dir='ltr'>nulla</span> <span class='ocrx_word' id='word_1_96' title='bbox 1394 849 1447 887; x_wconf 89' lang='lat' dir='ltr'>est</span> <span class='ocrx_word' id='word_1_97' title='bbox 1476 851 1683 902; x_wconf 85' lang='lat' dir='ltr'>praesenfio.</span> <span class='ocrx_word' id='word_1_98' title='bbox 1715 854 1800 892; x_wconf 83' lang='lat' dir='ltr'>Aut</span> 
     </span>
     <span class='ocr_line' id='line_1_11' title="bbox 405 913 1798 969; baseline 0.004 -17"><span class='ocrx_word' id='word_1_99' title='bbox 405 915 431 953; x_wconf 89' lang='lat' dir='ltr'><strong>fi</strong></span> <span class='ocrx_word' id='word_1_100' title='bbox 452 927 564 967; x_wconf 83' lang='lat' dir='ltr'>negas</span> <span class='ocrx_word' id='word_1_101' title='bbox 584 914 655 952; x_wconf 85' lang='lat' dir='ltr'>effe</span> <span class='ocrx_word' id='word_1_102' title='bbox 673 913 882 959; x_wconf 87' lang='lat' dir='ltr'>fortunam,</span> <span class='ocrx_word' id='word_1_103' title='bbox 908 923 946 951; x_wconf 91' lang='lat' dir='ltr'>et</span> <span class='ocrx_word' id='word_1_104' title='bbox 966 914 1108 959; x_wconf 86' lang='lat' dir='ltr'>omnia,</span> <span class='ocrx_word' id='word_1_105' title='bbox 1130 928 1214 967; x_wconf 88' lang='lat' dir='ltr'>quae</span> <span class='ocrx_word' id='word_1_106' title='bbox 1234 914 1346 959; x_wconf 90' lang='lat' dir='ltr'>fiunt,</span> <span class='ocrx_word' id='word_1_107' title='bbox 1368 930 1529 969; x_wconf 88' lang='lat' dir='ltr'>quaeque</span> <span class='ocrx_word' id='word_1_108' title='bbox 1549 917 1677 956; x_wconf 87' lang='lat' dir='ltr'>futura</span> <span class='ocrx_word' id='word_1_109' title='bbox 1696 919 1798 965; x_wconf 89' lang='lat' dir='ltr'>sunt,</span> 
     </span>
     <span class='ocr_line' id='line_1_12' title="bbox 403 979 1798 1027; baseline 0.004 -9"><span class='ocrx_word' id='word_1_110' title='bbox 403 993 450 1018; x_wconf 84' lang='lat' dir='ltr'>ex</span> <span class='ocrx_word' id='word_1_111' title='bbox 469 981 577 1019; x_wconf 89' lang='lat' dir='ltr'>omni</span> <span class='ocrx_word' id='word_1_112' title='bbox 595 981 802 1018; x_wconf 82' lang='lat' dir='ltr'>aeternitate</span> <span class='ocrx_word' id='word_1_113' title='bbox 821 979 978 1018; x_wconf 86' lang='lat' dir='ltr'>definita</span> <span class='ocrx_word' id='word_1_114' title='bbox 993 980 1087 1018; x_wconf 89' lang='lat' dir='ltr'>dicis</span> <span class='ocrx_word' id='word_1_115' title='bbox 1106 979 1178 1018; x_wconf 85' lang='lat' dir='ltr'>effe</span> <span class='ocrx_word' id='word_1_116' title='bbox 1193 979 1357 1019; x_wconf 87' lang='lat' dir='ltr'>fataliter</span> <span class='ocrx_word' id='word_1_117' title='bbox 1368 1000 1380 1027; x_wconf 76' lang='lat'>5</span> <span class='ocrx_word' id='word_1_118' title='bbox 1403 992 1511 1020; x_wconf 81' lang='lat' dir='ltr'>muta</span> <span class='ocrx_word' id='word_1_119' title='bbox 1530 983 1798 1024; x_wconf 89' lang='lat' dir='ltr'>definitionem</span> 
     </span>
     <span class='ocr_line' id='line_1_13' title="bbox 403 1045 1795 1098; baseline 0.004 -14"><span class='ocrx_word' id='word_1_120' title='bbox 403 1045 662 1091; x_wconf 86' lang='lat' dir='ltr'>divinationis,</span> <span class='ocrx_word' id='word_1_121' title='bbox 685 1059 802 1098; x_wconf 89' lang='lat' dir='ltr'>quam</span> <span class='ocrx_word' id='word_1_122' title='bbox 819 1046 970 1083; x_wconf 82' lang='lat' dir='ltr'>dicebas</span> <span class='ocrx_word' id='word_1_123' title='bbox 991 1046 1275 1098; x_wconf 88' lang='lat' dir='ltr'>praesenfionem</span> <span class='ocrx_word' id='word_1_124' title='bbox 1295 1046 1366 1085; x_wconf 84' lang='lat' dir='ltr'>effe</span> <span class='ocrx_word' id='word_1_125' title='bbox 1385 1061 1512 1086; x_wconf 89' lang='lat' dir='ltr'>rerum</span> <span class='ocrx_word' id='word_1_126' title='bbox 1533 1047 1795 1090; x_wconf 84' lang='lat' dir='ltr'>fortuitarum.</span> 
     </span>
     <span class='ocr_line' id='line_1_14' title="bbox 404 1110 1798 1168; baseline 0.004 -18"><span class='ocrx_word' id='word_1_127' title='bbox 404 1112 443 1150; x_wconf 90' lang='lat' dir='ltr'>Si</span> <span class='ocrx_word' id='word_1_128' title='bbox 462 1113 568 1151; x_wconf 89' lang='lat' dir='ltr'>enim</span> <span class='ocrx_word' id='word_1_129' title='bbox 588 1111 687 1150; x_wconf 86' lang='lat' dir='ltr'>nihil</span> <span class='ocrx_word' id='word_1_130' title='bbox 707 1111 787 1149; x_wconf 88' lang='lat' dir='ltr'>fieri</span> <span class='ocrx_word' id='word_1_131' title='bbox 807 1111 942 1164; x_wconf 89' lang='lat' dir='ltr'>potest,</span> <span class='ocrx_word' id='word_1_132' title='bbox 964 1110 1062 1149; x_wconf 90' lang='lat' dir='ltr'>nihil</span> <span class='ocrx_word' id='word_1_133' title='bbox 1083 1113 1265 1157; x_wconf 86' lang='lat' dir='ltr'>accidere,</span> <span class='ocrx_word' id='word_1_134' title='bbox 1297 1112 1396 1151; x_wconf 87' lang='lat' dir='ltr'>nihil</span> <span class='ocrx_word' id='word_1_135' title='bbox 1416 1116 1578 1160; x_wconf 87' lang='lat' dir='ltr'>evenire,</span> <span class='ocrx_word' id='word_1_136' title='bbox 1603 1116 1670 1154; x_wconf 90' lang='lat' dir='ltr'>nis1</span> <span class='ocrx_word' id='word_1_137' title='bbox 1692 1117 1798 1168; x_wconf 88' lang='lat' dir='ltr'>quod</span> 
     </span>
     <span class='ocr_line' id='line_1_15' title="bbox 402 1176 1796 1234; baseline 0.003 -17"><span class='ocrx_word' id='word_1_138' title='bbox 402 1178 450 1217; x_wconf 83' lang='lat' dir='ltr'>ab</span> <span class='ocrx_word' id='word_1_139' title='bbox 480 1178 590 1216; x_wconf 90' lang='lat' dir='ltr'>omni</span> <span class='ocrx_word' id='word_1_140' title='bbox 620 1178 826 1216; x_wconf 86' lang='lat' dir='ltr'>aeternitate</span> <span class='ocrx_word' id='word_1_141' title='bbox 858 1187 1009 1216; x_wconf 90' lang='lat' dir='ltr'>certum</span> <span class='ocrx_word' id='word_1_142' title='bbox 1040 1176 1158 1215; x_wconf 89' lang='lat' dir='ltr'>fuerit</span> <span class='ocrx_word' id='word_1_143' title='bbox 1190 1178 1262 1216; x_wconf 85' lang='lat' dir='ltr'>effe</span> <span class='ocrx_word' id='word_1_144' title='bbox 1291 1177 1467 1217; x_wconf 88' lang='lat' dir='ltr'>futurum</span> <span class='ocrx_word' id='word_1_145' title='bbox 1499 1190 1578 1219; x_wconf 89' lang='lat' dir='ltr'>rato</span> <span class='ocrx_word' id='word_1_146' title='bbox 1599 1190 1770 1234; x_wconf 88' lang='lat' dir='ltr'>tempore</span> <span class='ocrx_word' id='word_1_147' title='bbox 1781 1201 1796 1228; x_wconf 67' lang='grc' dir='ltr'><strong><em>ς</em></strong></span> 
     </span>
     <span class='ocr_line' id='line_1_16' title="bbox 403 1242 1796 1297; baseline 0.002 -15"><span class='ocrx_word' id='word_1_148' title='bbox 403 1257 488 1296; x_wconf 86' lang='lat' dir='ltr'>quae</span> <span class='ocrx_word' id='word_1_149' title='bbox 507 1243 629 1297; x_wconf 92' lang='lat' dir='ltr'>potest</span> <span class='ocrx_word' id='word_1_150' title='bbox 648 1243 719 1281; x_wconf 88' lang='lat' dir='ltr'>effe</span> <span class='ocrx_word' id='word_1_151' title='bbox 746 1242 929 1281; x_wconf 85' lang='lat' dir='ltr'>fortuna?</span> <span class='ocrx_word' id='word_1_152' title='bbox 961 1256 1037 1295; x_wconf 89' lang='lat' dir='ltr'>qua</span> <span class='ocrx_word' id='word_1_153' title='bbox 1054 1242 1211 1288; x_wconf 86' lang='lat' dir='ltr'>sublata,</span> <span class='ocrx_word' id='word_1_154' title='bbox 1243 1244 1311 1296; x_wconf 90' lang='lat' dir='ltr'>qui</span> <span class='ocrx_word' id='word_1_155' title='bbox 1340 1245 1448 1282; x_wconf 89' lang='lat' dir='ltr'>locus</span> <span class='ocrx_word' id='word_1_156' title='bbox 1482 1245 1535 1283; x_wconf 92' lang='lat' dir='ltr'>est</span> <span class='ocrx_word' id='word_1_157' title='bbox 1554 1247 1796 1293; x_wconf 90' lang='lat' dir='ltr'>divinationi,</span> 
     </span>
     <span class='ocr_line' id='line_1_17' title="bbox 403 1308 1798 1364; baseline 0.004 -17"><span class='ocrx_word' id='word_1_158' title='bbox 403 1323 489 1361; x_wconf 88' lang='lat' dir='ltr'>quae</span> <span class='ocrx_word' id='word_1_159' title='bbox 508 1323 528 1347; x_wconf 92' lang='lat' dir='ltr'>a</span> <span class='ocrx_word' id='word_1_160' title='bbox 547 1319 584 1348; x_wconf 91' lang='lat' dir='ltr'>te</span> <span class='ocrx_word' id='word_1_161' title='bbox 603 1309 849 1347; x_wconf 89' lang='lat' dir='ltr'>fortuitarum</span> <span class='ocrx_word' id='word_1_162' title='bbox 867 1322 996 1347; x_wconf 89' lang='lat' dir='ltr'>rerum</span> <span class='ocrx_word' id='word_1_163' title='bbox 1017 1308 1069 1346; x_wconf 89' lang='lat' dir='ltr'>est</span> <span class='ocrx_word' id='word_1_164' title='bbox 1089 1309 1187 1348; x_wconf 45' lang='lat' dir='ltr'>diffisa</span> <span class='ocrx_word' id='word_1_165' title='bbox 1206 1309 1400 1362; x_wconf 86' lang='lat' dir='ltr'>praesenfio</span> <span class='ocrx_word' id='word_1_166' title='bbox 1416 1310 1430 1346; x_wconf 92' lang='lat'>?</span> <span class='ocrx_word' id='word_1_167' title='bbox 1450 1325 1670 1364; x_wconf 89' lang='lat' dir='ltr'>quanquam</span> <span class='ocrx_word' id='word_1_168' title='bbox 1690 1314 1798 1351; x_wconf 90' lang='lat' dir='ltr'>dice-</span> 
     </span>
     <span class='ocr_line' id='line_1_18' title="bbox 403 1374 1800 1428; baseline 0.003 -14"><span class='ocrx_word' id='word_1_169' title='bbox 403 1376 482 1421; x_wconf 86' lang='lat' dir='ltr'>bas,</span> <span class='ocrx_word' id='word_1_170' title='bbox 499 1377 631 1414; x_wconf 88' lang='lat' dir='ltr'>omnia</span> <span class='ocrx_word' id='word_1_171' title='bbox 649 1389 733 1428; x_wconf 88' lang='lat' dir='ltr'>quae</span> <span class='ocrx_word' id='word_1_172' title='bbox 753 1375 900 1420; x_wconf 89' lang='lat' dir='ltr'>fierent,</span> <span class='ocrx_word' id='word_1_173' title='bbox 921 1374 1096 1413; x_wconf 86' lang='lat' dir='ltr'>futurave</span> <span class='ocrx_word' id='word_1_174' title='bbox 1113 1375 1240 1420; x_wconf 85' lang='lat' dir='ltr'>effent,</span> <span class='ocrx_word' id='word_1_175' title='bbox 1259 1375 1338 1414; x_wconf 89' lang='lat' dir='ltr'>fato</span> <span class='ocrx_word' id='word_1_176' title='bbox 1355 1377 1559 1416; x_wconf 89' lang='lat' dir='ltr'>contineri.</span> <span class='ocrx_word' id='word_1_177' title='bbox 1582 1379 1697 1417; x_wconf 89' lang='lat' dir='ltr'>Anile</span> <span class='ocrx_word' id='word_1_178' title='bbox 1713 1380 1800 1418; x_wconf 84' lang='lat' dir='ltr'>sane</span> 
     </span>
     <span class='ocr_line' id='line_1_19' title="bbox 403 1441 1798 1497; baseline 0.004 -18"><span class='ocrx_word' id='word_1_179' title='bbox 403 1451 442 1479; x_wconf 89' lang='lat' dir='ltr'>et</span> <span class='ocrx_word' id='word_1_180' title='bbox 459 1443 619 1494; x_wconf 88' lang='lat' dir='ltr'>plenum</span> <span class='ocrx_word' id='word_1_181' title='bbox 639 1442 911 1495; x_wconf 88' lang='lat' dir='ltr'>superstitionis</span> <span class='ocrx_word' id='word_1_182' title='bbox 932 1441 1000 1480; x_wconf 87' lang='lat' dir='ltr'>fati</span> <span class='ocrx_word' id='word_1_183' title='bbox 1022 1455 1164 1480; x_wconf 90' lang='lat' dir='ltr'>nomen</span> <span class='ocrx_word' id='word_1_184' title='bbox 1180 1442 1331 1494; x_wconf 84' lang='lat' dir='ltr'>ipsum;</span> <span class='ocrx_word' id='word_1_185' title='bbox 1354 1442 1416 1481; x_wconf 91' lang='lat' dir='ltr'>sed</span> <span class='ocrx_word' id='word_1_186' title='bbox 1433 1452 1561 1482; x_wconf 89' lang='lat' dir='ltr'>tamen</span> <span class='ocrx_word' id='word_1_187' title='bbox 1581 1446 1680 1497; x_wconf 86' lang='lat' dir='ltr'>apud</span> <span class='ocrx_word' id='word_1_188' title='bbox 1694 1447 1798 1484; x_wconf 87' lang='lat' dir='ltr'>Stoi-</span> 
     </span>
     <span class='ocr_line' id='line_1_20' title="bbox 404 1507 1798 1562; baseline 0.004 -18"><span class='ocrx_word' id='word_1_189' title='bbox 404 1520 469 1545; x_wconf 91' lang='lat' dir='ltr'>cos</span> <span class='ocrx_word' id='word_1_190' title='bbox 489 1507 535 1544; x_wconf 92' lang='lat' dir='ltr'>de</span> <span class='ocrx_word' id='word_1_191' title='bbox 553 1507 624 1544; x_wconf 89' lang='lat' dir='ltr'>isto</span> <span class='ocrx_word' id='word_1_192' title='bbox 642 1507 722 1545; x_wconf 88' lang='lat' dir='ltr'>fato</span> <span class='ocrx_word' id='word_1_193' title='bbox 742 1508 866 1545; x_wconf 86' lang='lat' dir='ltr'>multa</span> <span class='ocrx_word' id='word_1_194' title='bbox 884 1508 1078 1552; x_wconf 81' lang='lat' dir='ltr'>dicuntur,</span> <span class='ocrx_word' id='word_1_195' title='bbox 1103 1508 1149 1545; x_wconf 86' lang='lat' dir='ltr'>de</span> <span class='ocrx_word' id='word_1_196' title='bbox 1169 1521 1247 1560; x_wconf 90' lang='lat' dir='ltr'>quo</span> <span class='ocrx_word' id='word_1_197' title='bbox 1267 1508 1354 1546; x_wconf 84' lang='lat' dir='ltr'>alias</span> <span class='ocrx_word' id='word_1_198' title='bbox 1374 1524 1382 1546; x_wconf 91' lang='lat'>:</span> <span class='ocrx_word' id='word_1_199' title='bbox 1406 1523 1510 1547; x_wconf 88' lang='lat' dir='ltr'>nunc</span> <span class='ocrx_word' id='word_1_200' title='bbox 1531 1510 1634 1562; x_wconf 94' lang='lat' dir='ltr'>quod</span> <span class='ocrx_word' id='word_1_201' title='bbox 1654 1511 1798 1550; x_wconf 79' lang='lat' dir='ltr'>necesse</span> 
     </span>
     <span class='ocr_line' id='line_1_21' title="bbox 403 1571 1459 1626; baseline 0.003 -17"><span class='ocrx_word' id='word_1_202' title='bbox 403 1572 469 1611; x_wconf 91' lang='lat' dir='ltr'>est.</span> <span class='ocrx_word' id='word_1_203' title='bbox 501 1573 540 1611; x_wconf 85' lang='lat' dir='ltr'>Si</span> <span class='ocrx_word' id='word_1_204' title='bbox 556 1574 687 1612; x_wconf 89' lang='lat' dir='ltr'>omnia</span> <span class='ocrx_word' id='word_1_205' title='bbox 704 1571 808 1617; x_wconf 79' lang='lat' dir='ltr'>fat03</span> <span class='ocrx_word' id='word_1_206' title='bbox 841 1574 935 1624; x_wconf 93' lang='lat' dir='ltr'>quid</span> <span class='ocrx_word' id='word_1_207' title='bbox 955 1573 1056 1612; x_wconf 88' lang='lat' dir='ltr'>mihi</span> <span class='ocrx_word' id='word_1_208' title='bbox 1076 1574 1260 1612; x_wconf 87' lang='lat' dir='ltr'>divinatio</span> <span class='ocrx_word' id='word_1_209' title='bbox 1279 1575 1428 1626; x_wconf 86' lang='lat' dir='ltr'>prodest</span> <span class='ocrx_word' id='word_1_210' title='bbox 1446 1576 1459 1612; x_wconf 90' lang='lat'>?</span> 
     </span>
    </p>

    <p class='ocr_par' dir='ltr' id='par_1_3' title="bbox 399 1639 1799 2414">
     <span class='ocr_line' id='line_1_22' title="bbox 457 1639 1797 1692; baseline 0.003 -16"><span class='ocrx_word' id='word_1_211' title='bbox 457 1639 572 1677; x_wconf 91' lang='lat' dir='ltr'><strong>VIII.</strong></span> <span class='ocrx_word' id='word_1_212' title='bbox 604 1639 723 1690; x_wconf 84' lang='lat' dir='ltr'>Qod</span> <span class='ocrx_word' id='word_1_213' title='bbox 742 1640 847 1676; x_wconf 88' lang='lat' dir='ltr'>enim</span> <span class='ocrx_word' id='word_1_214' title='bbox 866 1640 915 1682; x_wconf 81' lang='lat' dir='ltr'>is,</span> <span class='ocrx_word' id='word_1_215' title='bbox 947 1640 1015 1689; x_wconf 92' lang='lat' dir='ltr'>qui</span> <span class='ocrx_word' id='word_1_216' title='bbox 1036 1640 1193 1684; x_wconf 87' lang='lat' dir='ltr'>divinat,</span> <span class='ocrx_word' id='word_1_217' title='bbox 1226 1640 1413 1692; x_wconf 71' lang='lat' dir='ltr'>praedicst,</span> <span class='ocrx_word' id='word_1_218' title='bbox 1447 1641 1487 1677; x_wconf 92' lang='lat' dir='ltr'>id</span> <span class='ocrx_word' id='word_1_219' title='bbox 1512 1654 1599 1679; x_wconf 88' lang='lat' dir='ltr'>vero</span> <span class='ocrx_word' id='word_1_220' title='bbox 1617 1641 1797 1680; x_wconf 86' lang='lat' dir='ltr'>futurum</span> 
     </span>
     <span class='ocr_line' id='line_1_23' title="bbox 401 1703 1794 1756; baseline 0.004 -17"><span class='ocrx_word' id='word_1_221' title='bbox 401 1703 454 1740; x_wconf 89' lang='lat' dir='ltr'>est</span> <span class='ocrx_word' id='word_1_222' title='bbox 465 1721 478 1747; x_wconf 61' lang='grc' dir='ltr'><strong><em>ς</em></strong></span> <span class='ocrx_word' id='word_1_223' title='bbox 510 1712 552 1740; x_wconf 92' lang='lat' dir='ltr'>ut</span> <span class='ocrx_word' id='word_1_224' title='bbox 571 1716 618 1739; x_wconf 90' lang='lat' dir='ltr'>ne</span> <span class='ocrx_word' id='word_1_225' title='bbox 637 1703 736 1740; x_wconf 88' lang='lat' dir='ltr'>illud</span> <span class='ocrx_word' id='word_1_226' title='bbox 756 1703 915 1754; x_wconf 88' lang='lat' dir='ltr'>quidem</span> <span class='ocrx_word' id='word_1_227' title='bbox 931 1703 1048 1741; x_wconf 85' lang='lat' dir='ltr'>sciam</span> <span class='ocrx_word' id='word_1_228' title='bbox 1068 1703 1179 1755; x_wconf 87' lang='lat' dir='ltr'>quale</span> <span class='ocrx_word' id='word_1_229' title='bbox 1197 1704 1255 1748; x_wconf 87' lang='lat' dir='ltr'>fit,</span> <span class='ocrx_word' id='word_1_230' title='bbox 1278 1704 1383 1756; x_wconf 92' lang='lat' dir='ltr'>quod</span> <span class='ocrx_word' id='word_1_231' title='bbox 1404 1705 1645 1755; x_wconf 88' lang='lat' dir='ltr'>Dejotarum‚</span> <span class='ocrx_word' id='word_1_232' title='bbox 1663 1707 1794 1745; x_wconf 90' lang='lat' dir='ltr'>neces-</span> 
     </span>
     <span class='ocr_line' id='line_1_24' title="bbox 402 1767 1799 1823; baseline 0.004 -18"><span class='ocrx_word' id='word_1_233' title='bbox 402 1767 540 1806; x_wconf 89' lang='lat' dir='ltr'>sarium</span> <span class='ocrx_word' id='word_1_234' title='bbox 557 1767 743 1812; x_wconf 88' lang='lat' dir='ltr'>nostrum,</span> <span class='ocrx_word' id='word_1_235' title='bbox 761 1780 807 1805; x_wconf 85' lang='lat' dir='ltr'>ex</span> <span class='ocrx_word' id='word_1_236' title='bbox 824 1767 959 1805; x_wconf 89' lang='lat' dir='ltr'>itinere</span> <span class='ocrx_word' id='word_1_237' title='bbox 974 1768 1100 1819; x_wconf 89' lang='lat' dir='ltr'>aquila</span> <span class='ocrx_word' id='word_1_238' title='bbox 1115 1769 1304 1806; x_wconf 86' lang='lat' dir='ltr'>revocavit</span> <span class='ocrx_word' id='word_1_239' title='bbox 1316 1787 1328 1813; x_wconf 78' lang='lat'>3</span> <span class='ocrx_word' id='word_1_240' title='bbox 1351 1770 1418 1820; x_wconf 89' lang='lat' dir='ltr'>qui</span> <span class='ocrx_word' id='word_1_241' title='bbox 1434 1770 1502 1823; x_wconf 23' lang='lat' dir='ltr'>nilfi</span> <span class='ocrx_word' id='word_1_242' title='bbox 1519 1772 1735 1818; x_wconf 82' lang='lat' dir='ltr'>revertiffet,</span> <span class='ocrx_word' id='word_1_243' title='bbox 1752 1773 1799 1811; x_wconf 82' lang='lat' dir='ltr'>in</span> 
     </span>
     <span class='ocr_line' id='line_1_25' title="bbox 401 1832 1794 1885; baseline 0.004 -15"><span class='ocrx_word' id='word_1_244' title='bbox 401 1846 445 1871; x_wconf 88' lang='lat' dir='ltr'>eo</span> <span class='ocrx_word' id='word_1_245' title='bbox 457 1832 630 1871; x_wconf 89' lang='lat' dir='ltr'>conclavi</span> <span class='ocrx_word' id='word_1_246' title='bbox 645 1833 681 1870; x_wconf 92' lang='lat' dir='ltr'>ei</span> <span class='ocrx_word' id='word_1_247' title='bbox 696 1832 919 1871; x_wconf 88' lang='lat' dir='ltr'>cubandum</span> <span class='ocrx_word' id='word_1_248' title='bbox 931 1832 1072 1878; x_wconf 75' lang='lat' dir='ltr'>fuisset,</span> <span class='ocrx_word' id='word_1_249' title='bbox 1087 1833 1192 1884; x_wconf 92' lang='lat' dir='ltr'>quod</span> <span class='ocrx_word' id='word_1_250' title='bbox 1207 1834 1383 1885; x_wconf 83' lang='lat' dir='ltr'>proxima</span> <span class='ocrx_word' id='word_1_251' title='bbox 1395 1836 1504 1872; x_wconf 68' lang='lat' dir='ltr'>nocte</span> <span class='ocrx_word' id='word_1_252' title='bbox 1523 1838 1666 1875; x_wconf 90' lang='lat' dir='ltr'>corruit</span> <span class='ocrx_word' id='word_1_253' title='bbox 1681 1852 1689 1875; x_wconf 91' lang='lat'><strong>:</strong></span> <span class='ocrx_word' id='word_1_254' title='bbox 1713 1839 1794 1876; x_wconf 89' lang='lat' dir='ltr'>rui-</span> 
     </span>
     <span class='ocr_line' id='line_1_26' title="bbox 402 1898 1794 1956; baseline 0.004 -20"><span class='ocrx_word' id='word_1_255' title='bbox 402 1900 449 1936; x_wconf 68' lang='lat' dir='ltr'>na</span> <span class='ocrx_word' id='word_1_256' title='bbox 470 1899 588 1952; x_wconf 85' lang='lat' dir='ltr'>igitur</span> <span class='ocrx_word' id='word_1_257' title='bbox 607 1898 800 1951; x_wconf 85' lang='lat' dir='ltr'>oppreffus</span> <span class='ocrx_word' id='word_1_258' title='bbox 816 1898 916 1937; x_wconf 85' lang='lat' dir='ltr'>effet.</span> <span class='ocrx_word' id='word_1_259' title='bbox 948 1900 1003 1937; x_wconf 89' lang='lat' dir='ltr'>At</span> <span class='ocrx_word' id='word_1_260' title='bbox 1022 1899 1062 1937; x_wconf 90' lang='lat' dir='ltr'>id</span> <span class='ocrx_word' id='word_1_261' title='bbox 1082 1912 1220 1952; x_wconf 91' lang='lat' dir='ltr'>neque,</span> <span class='ocrx_word' id='word_1_262' title='bbox 1243 1899 1267 1937; x_wconf 89' lang='lat' dir='ltr'>fi</span> <span class='ocrx_word' id='word_1_263' title='bbox 1288 1898 1412 1938; x_wconf 88' lang='lat' dir='ltr'>fatum</span> <span class='ocrx_word' id='word_1_264' title='bbox 1432 1900 1568 1947; x_wconf 84' lang='lat' dir='ltr'>fuerat,</span> <span class='ocrx_word' id='word_1_265' title='bbox 1585 1902 1794 1956; x_wconf 82' lang='lat' dir='ltr'>effugiffet;</span> 
     </span>
     <span class='ocr_line' id='line_1_27' title="bbox 401 1963 1795 2022; baseline 0.004 -20"><span class='ocrx_word' id='word_1_266' title='bbox 401 1978 486 2010; x_wconf 89' lang='lat' dir='ltr'>nec,</span> <span class='ocrx_word' id='word_1_267' title='bbox 517 1965 544 2003; x_wconf 90' lang='lat' dir='ltr'><strong>fi</strong></span> <span class='ocrx_word' id='word_1_268' title='bbox 564 1978 642 2003; x_wconf 91' lang='lat' dir='ltr'>non</span> <span class='ocrx_word' id='word_1_269' title='bbox 662 1963 798 2010; x_wconf 90' lang='lat' dir='ltr'>fuerat,</span> <span class='ocrx_word' id='word_1_270' title='bbox 830 1966 872 2003; x_wconf 92' lang='lat' dir='ltr'>in</span> <span class='ocrx_word' id='word_1_271' title='bbox 891 1978 980 2003; x_wconf 90' lang='lat' dir='ltr'>eum</span> <span class='ocrx_word' id='word_1_272' title='bbox 1001 1965 1129 2003; x_wconf 89' lang='lat' dir='ltr'>casum</span> <span class='ocrx_word' id='word_1_273' title='bbox 1150 1965 1352 2004; x_wconf 79' lang='lat' dir='ltr'>incidisset.</span> <span class='ocrx_word' id='word_1_274' title='bbox 1399 1967 1507 2018; x_wconf 81' lang='lat' dir='ltr'>Qid</span> <span class='ocrx_word' id='word_1_275' title='bbox 1526 1981 1615 2020; x_wconf 86' lang='lat' dir='ltr'>ergo</span> <span class='ocrx_word' id='word_1_276' title='bbox 1642 1970 1795 2022; x_wconf 78' lang='lat' dir='ltr'>adjuvat</span> 
     </span>
     <span class='ocr_line' id='line_1_28' title="bbox 400 2031 1793 2084; baseline 0.004 -15"><span class='ocrx_word' id='word_1_277' title='bbox 400 2032 584 2070; x_wconf 90' lang='lat' dir='ltr'>divinatio</span> <span class='ocrx_word' id='word_1_278' title='bbox 602 2031 616 2067; x_wconf 92' lang='lat'>?</span> <span class='ocrx_word' id='word_1_279' title='bbox 646 2041 711 2069; x_wconf 87' lang='lat' dir='ltr'>aut</span> <span class='ocrx_word' id='word_1_280' title='bbox 729 2031 824 2084; x_wconf 89' lang='lat' dir='ltr'>quid</span> <span class='ocrx_word' id='word_1_281' title='bbox 853 2031 921 2077; x_wconf 90' lang='lat' dir='ltr'>est,</span> <span class='ocrx_word' id='word_1_282' title='bbox 950 2031 1056 2084; x_wconf 77' lang='lat' dir='ltr'>quod</span> <span class='ocrx_word' id='word_1_283' title='bbox 1075 2045 1138 2070; x_wconf 91' lang='lat' dir='ltr'>me</span> <span class='ocrx_word' id='word_1_284' title='bbox 1157 2042 1335 2070; x_wconf 89' lang='lat' dir='ltr'>moveant</span> <span class='ocrx_word' id='word_1_285' title='bbox 1364 2043 1428 2071; x_wconf 88' lang='lat' dir='ltr'>aut</span> <span class='ocrx_word' id='word_1_286' title='bbox 1449 2033 1576 2079; x_wconf 90' lang='lat' dir='ltr'>sortes,</span> <span class='ocrx_word' id='word_1_287' title='bbox 1609 2045 1672 2073; x_wconf 89' lang='lat' dir='ltr'>aut</span> <span class='ocrx_word' id='word_1_288' title='bbox 1692 2046 1793 2081; x_wconf 87' lang='lat' dir='ltr'>exta,</span> 
     </span>
     <span class='ocr_line' id='line_1_29' title="bbox 401 2097 1794 2152; baseline 0.004 -17"><span class='ocrx_word' id='word_1_289' title='bbox 401 2106 466 2135; x_wconf 85' lang='lat' dir='ltr'>aut</span> <span class='ocrx_word' id='word_1_290' title='bbox 497 2097 576 2135; x_wconf 89' lang='lat' dir='ltr'>ulla</span> <span class='ocrx_word' id='word_1_291' title='bbox 604 2097 830 2150; x_wconf 71' lang='lat' dir='ltr'>praediffio?</span> <span class='ocrx_word' id='word_1_292' title='bbox 862 2099 900 2136; x_wconf 90' lang='lat' dir='ltr'>Si</span> <span class='ocrx_word' id='word_1_293' title='bbox 931 2098 1037 2136; x_wconf 91' lang='lat' dir='ltr'>enim</span> <span class='ocrx_word' id='word_1_294' title='bbox 1056 2097 1181 2136; x_wconf 87' lang='lat' dir='ltr'>fatum</span> <span class='ocrx_word' id='word_1_295' title='bbox 1201 2097 1290 2143; x_wconf 84' lang='lat' dir='ltr'>fuit,</span> <span class='ocrx_word' id='word_1_296' title='bbox 1315 2098 1440 2137; x_wconf 80' lang='lat' dir='ltr'>claffes</span> <span class='ocrx_word' id='word_1_297' title='bbox 1469 2100 1603 2152; x_wconf 90' lang='lat' dir='ltr'>populi</span> <span class='ocrx_word' id='word_1_298' title='bbox 1623 2101 1794 2140; x_wconf 86' lang='lat' dir='ltr'>Romani</span> 
     </span>
     <span class='ocr_line' id='line_1_30' title="bbox 399 2163 1792 2216; baseline 0.003 -15"><span class='ocrx_word' id='word_1_299' title='bbox 399 2163 503 2201; x_wconf 90' lang='lat' dir='ltr'>bello</span> <span class='ocrx_word' id='word_1_300' title='bbox 535 2163 685 2202; x_wconf 89' lang='lat' dir='ltr'>Punico</span> <span class='ocrx_word' id='word_1_301' title='bbox 718 2164 860 2216; x_wconf 90' lang='lat' dir='ltr'>primo,</span> <span class='ocrx_word' id='word_1_302' title='bbox 890 2164 1049 2202; x_wconf 89' lang='lat' dir='ltr'>alteram</span> <span class='ocrx_word' id='word_1_303' title='bbox 1081 2163 1291 2216; x_wconf 86' lang='lat' dir='ltr'>naufragio,</span> <span class='ocrx_word' id='word_1_304' title='bbox 1327 2165 1484 2202; x_wconf 83' lang='lat' dir='ltr'>alteram</span> <span class='ocrx_word' id='word_1_305' title='bbox 1510 2179 1531 2202; x_wconf 91' lang='lat' dir='ltr'>a</span> <span class='ocrx_word' id='word_1_306' title='bbox 1565 2167 1693 2205; x_wconf 83' lang='lat' dir='ltr'>Poenis</span> <span class='ocrx_word' id='word_1_307' title='bbox 1723 2168 1792 2205; x_wconf 91' lang='lat' dir='ltr'>de-</span> 
     </span>
     <span class='ocr_line' id='line_1_31' title="bbox 402 2228 1792 2284; baseline 0.004 -18"><span class='ocrx_word' id='word_1_308' title='bbox 402 2228 560 2281; x_wconf 80' lang='lat' dir='ltr'>pressam</span> <span class='ocrx_word' id='word_1_309' title='bbox 577 2229 730 2267; x_wconf 90' lang='lat' dir='ltr'>interire</span> <span class='ocrx_word' id='word_1_310' title='bbox 745 2248 758 2275; x_wconf 79' lang='lat'>3</span> <span class='ocrx_word' id='word_1_311' title='bbox 789 2229 933 2268; x_wconf 87' lang='lat' dir='ltr'>etiamfi</span> <span class='ocrx_word' id='word_1_312' title='bbox 966 2230 1177 2282; x_wconf 88' lang='lat' dir='ltr'>tripudium</span> <span class='ocrx_word' id='word_1_313' title='bbox 1213 2229 1442 2268; x_wconf 86' lang='lat' dir='ltr'>solistimum</span> <span class='ocrx_word' id='word_1_314' title='bbox 1476 2231 1574 2284; x_wconf 86' lang='lat' dir='ltr'>pulli</span> <span class='ocrx_word' id='word_1_315' title='bbox 1604 2231 1792 2278; x_wconf 69' lang='lat' dir='ltr'>feciss‘ent,</span> 
     </span>
     <span class='ocr_line' id='line_1_32' title="bbox 402 2295 1791 2345; baseline 0.004 -13"><span class='ocrx_word' id='word_1_316' title='bbox 402 2296 450 2333; x_wconf 92' lang='lat' dir='ltr'>L.</span> <span class='ocrx_word' id='word_1_317' title='bbox 472 2295 605 2345; x_wconf 84' lang='lat' dir='ltr'>Junio,</span> <span class='ocrx_word' id='word_1_318' title='bbox 626 2304 663 2333; x_wconf 89' lang='lat' dir='ltr'>et</span> <span class='ocrx_word' id='word_1_319' title='bbox 681 2296 725 2333; x_wconf 92' lang='lat' dir='ltr'>P.</span> <span class='ocrx_word' id='word_1_320' title='bbox 744 2295 884 2334; x_wconf 92' lang='lat' dir='ltr'>Clodio</span> <span class='ocrx_word' id='word_1_321' title='bbox 900 2295 1148 2340; x_wconf 88' lang='lat' dir='ltr'>Consulibus,</span> <span class='ocrx_word' id='word_1_322' title='bbox 1165 2295 1292 2333; x_wconf 86' lang='lat' dir='ltr'>claffes</span> <span class='ocrx_word' id='word_1_323' title='bbox 1309 2305 1437 2334; x_wconf 89' lang='lat' dir='ltr'>tamen</span> <span class='ocrx_word' id='word_1_324' title='bbox 1455 2297 1676 2336; x_wconf 75' lang='lat' dir='ltr'>interissent.</span> <span class='ocrx_word' id='word_1_325' title='bbox 1710 2299 1791 2344; x_wconf 88' lang='lat' dir='ltr'>Sin,</span> 
     </span>
     <span class='ocr_line' id='line_1_33' title="bbox 402 2360 1791 2414; baseline 0.003 -17"><span class='ocrx_word' id='word_1_326' title='bbox 402 2372 492 2398; x_wconf 90' lang='lat' dir='ltr'>cum</span> <span class='ocrx_word' id='word_1_327' title='bbox 510 2360 685 2414; x_wconf 88' lang='lat' dir='ltr'>auspiciis</span> <span class='ocrx_word' id='word_1_328' title='bbox 705 2360 1016 2414; x_wconf 89' lang='lat' dir='ltr'>obtemperatum</span> <span class='ocrx_word' id='word_1_329' title='bbox 1031 2360 1133 2406; x_wconf 70' lang='lat' dir='ltr'>esset,</span> <span class='ocrx_word' id='word_1_330' title='bbox 1153 2361 1360 2400; x_wconf 84' lang='lat' dir='ltr'>interiturae</span> <span class='ocrx_word' id='word_1_331' title='bbox 1380 2361 1507 2400; x_wconf 77' lang='lat' dir='ltr'>classes</span> <span class='ocrx_word' id='word_1_332' title='bbox 1528 2377 1603 2401; x_wconf 85' lang='lat' dir='ltr'>non</span> <span class='ocrx_word' id='word_1_333' title='bbox 1622 2362 1791 2409; x_wconf 84' lang='lat' dir='ltr'>fuerunt,</span> 
     </span>
    </p>
   </div>
   <div class='ocr_carea' id='block_1_3' title="bbox 403 2425 1794 2530">
    <p class='ocr_par' dir='ltr' id='par_1_4' title="bbox 403 2425 1794 2530">
     <span class='ocr_line' id='line_1_34' title="bbox 403 2425 1794 2482; baseline 0.006 -23"><span class='ocrx_word' id='word_1_334' title='bbox 403 2436 479 2461; x_wconf 90' lang='lat' dir='ltr'>non</span> <span class='ocrx_word' id='word_1_335' title='bbox 498 2425 723 2466; x_wconf 84' lang='lat' dir='ltr'>interierunt</span> <span class='ocrx_word' id='word_1_336' title='bbox 741 2426 834 2466; x_wconf 85' lang='lat' dir='ltr'>fato.</span> <span class='ocrx_word' id='word_1_337' title='bbox 865 2427 998 2466; x_wconf 89' lang='lat' dir='ltr'>Vultis</span> <span class='ocrx_word' id='word_1_338' title='bbox 1026 2436 1155 2467; x_wconf 81' lang='lat' dir='ltr'>autem</span> <span class='ocrx_word' id='word_1_339' title='bbox 1180 2428 1311 2466; x_wconf 86' lang='lat' dir='ltr'>omnia</span> <span class='ocrx_word' id='word_1_340' title='bbox 1330 2426 1408 2466; x_wconf 79' lang='lat' dir='ltr'>fato</span> <span class='ocrx_word' id='word_1_341' title='bbox 1423 2446 1436 2473; x_wconf 73' lang='lat'>5</span> <span class='ocrx_word' id='word_1_342' title='bbox 1467 2429 1574 2467; x_wconf 84' lang='lat' dir='ltr'>nulla</span> <span class='ocrx_word' id='word_1_343' title='bbox 1601 2430 1719 2482; x_wconf 84' lang='lat' dir='ltr'>igitur</span> <span class='ocrx_word' id='word_1_344' title='bbox 1739 2429 1794 2467; x_wconf 83' lang='lat' dir='ltr'>est</span> 
     </span>
     <span class='ocr_line' id='line_1_35' title="bbox 404 2488 600 2530; baseline 0.031 -5"><span class='ocrx_word' id='word_1_345' title='bbox 404 2488 600 2530; x_wconf 88' lang='lat' dir='ltr'>divinatio.</span> 
     </span>
    </p>
   </div>
  </div>
 </body>
</html>
