2223 3003
719 275 813 335 M.
924 273 1567 338 TULLII

422 525 1823 626 CICERONIS

507 1018 1782 1083 DIVINATIONE

725 1258 1051 1298 LIBER
1133 1260 1562 1300 PRIMUS.

448 1458 482 1496 I.
746 1456 779 1494 E
797 1457 835 1494 T
854 1456 893 1494 U
910 1456 932 1494 S
963 1456 1100 1510 opinio
1120 1456 1188 1502 est,
1217 1459 1302 1511 jam
1323 1459 1445 1512 usque
1465 1458 1513 1497 ab
1533 1458 1703 1498 heroicis
1725 1460 1839 1500 dueta

567 1461 613 1635 ς
653 1463 673 1579 Ξ
755 1522 1017 1575 temporibus,
1039 1536 1161 1576 eaque
1181 1532 1219 1562 et
1239 1525 1380 1578 populi
1402 1525 1575 1564 Romani
1597 1535 1636 1564 et
1656 1527 1839 1566 omnium

754 1590 936 1642 gentium
956 1589 1110 1628 firmata
1130 1590 1332 1636 consensu,
1358 1591 1497 1630 versari
1518 1593 1716 1645 quandam
1737 1594 1840 1632 inter

447 1653 629 1694 homines
651 1655 950 1698 divinationem,
981 1668 1101 1706 quam
1123 1655 1254 1693 Graeci
1274 1652 1444 1703 pem-mla>
1462 1657 1675 1708 appellant,
1708 1658 1748 1695 id
1769 1659 1837 1704 est,

447 1721 741 1773 praesenfionem
756 1728 794 1756 et
811 1720 1013 1756 scientiam
1029 1733 1158 1758 rerum
1173 1719 1411 1759 futurarum.
1428 1721 1646 1773 Magnifica
1660 1723 1839 1775 quaedam

448 1800 507 1825 res
528 1796 566 1824 et
587 1785 778 1830 salutaris,
815 1784 840 1822 fi
870 1783 990 1821 modo
1010 1783 1063 1821 est
1084 1783 1164 1822 ulla
1183 1799 1192 1822 ε
1230 1796 1385 1837 quaque
1406 1787 1587 1838 proxime
1607 1787 1653 1825 ad
1674 1788 1838 1829 deorum

447 1852 532 1892 vim
553 1862 688 1891 natura
708 1849 883 1891 mortalis
905 1849 1019 1902 poffit
1040 1849 1235 1888 accedere.
1287 1852 1425 1904 Itaque
1447 1861 1490 1890 ut
1511 1852 1584 1890 alia
1604 1866 1674 1892 nos
1694 1855 1837 1894 melius

448 1918 576 1957 multa
595 1931 714 1971 quam
735 1915 882 1961 Graeci‚
913 1915 963 1953 s1c
984 1914 1079 1953 huic
1100 1915 1415 1969 praestantiffimae
1437 1919 1490 1956 rei
1512 1931 1656 1957 nomen
1679 1920 1797 1959 nostri
1818 1935 1839 1959 a

448 1984 564 2030 divis,
597 1984 743 2030 Graeci,
776 1993 819 2022 ut
841 1982 953 2020 Plato
974 1981 1268 2035 interpretatur,
1301 1997 1321 2021 a
1341 1982 1472 2022 furore
1494 1984 1706 2023 duxerunt.

511 2052 683 2090 Gentem
704 2049 867 2102 quidem
888 2047 1041 2087 nullam
1060 2048 1189 2094 video,
1222 2062 1350 2101 neque
1371 2059 1450 2088 tam
1478 2049 1692 2089 humanam
1722 2059 1839 2105 atque

448 2116 619 2162 doctam,
640 2129 767 2170 neque
789 2125 869 2154 tam
890 2116 1105 2153 immanem
1128 2124 1288 2167 tamque
1313 2116 1528 2162 barbaram,
1552 2131 1638 2170 quae
1660 2131 1738 2155 non
1761 2118 1837 2170 fig-

448 2183 601 2222 nificari
617 2182 770 2227 futura,
793 2191 831 2220 et
851 2195 871 2219 a
892 2181 1127 2235 quibusdam
1148 2182 1336 2234 intelligi,
1359 2183 1597 2235 praedicique
1618 2183 1720 2236 posse
1742 2197 1838 2222 cen-

448 2249 541 2290 seat.
593 2249 796 2302 Principio
828 2248 986 2299 Assyrii,
1024 2257 1067 2286 ut
1094 2247 1142 2285 ab
1174 2247 1327 2286 ultimis
1356 2250 1627 2287 alletoritatem
1650 2258 1836 2301 repetam,

447 2325 609 2369 propter
642 2315 849 2368 planitiem
877 2313 1275 2366 magnitudinemque
1301 2315 1522 2367 regionum,
1558 2328 1652 2366 quas
1686 2316 1839 2353 incole-

450 2380 560 2427 bant,
598 2395 692 2419 cum
720 2380 862 2418 caelum
884 2393 930 2417 ex
952 2380 1061 2417 omni
1083 2388 1191 2432 parte
1211 2389 1346 2432 patens
1367 2389 1485 2433 atque
1506 2392 1685 2434 apertum
1707 2383 1839 2423 intue-

451 2457 601 2492 rentur,
625 2447 868 2500 trajeetiones
892 2445 1102 2499 motusque
1122 2446 1321 2485 stellarum
1342 2447 1643 2487 observaverunt
1663 2463 1670 2488 :
1695 2449 1839 2501 quibus

1450 2514 1486 2551 A
1519 2526 1540 2552 2
