2223 3003
434 247 487 297 84
724 251 823 287 DE
883 250 1529 293 DIVINATIONE

431 346 570 398 interest
579 347 679 399 stt're
703 361 742 384 ea
771 361 851 399 quae
879 358 1055 386 eventura
1068 350 1165 401 sint.
1206 350 1376 403 Magnus
1396 351 1609 390 Dicaearchi
1628 353 1724 392 liber
1747 355 1816 399 est,

431 411 571 448 nescire
600 424 641 447 ca
676 411 828 456 melius,
864 426 981 464 quam
1002 414 1106 452 scire.
1157 417 1306 468 Negant
1324 416 1365 454 id
1383 417 1442 470 ‘ff’
1468 417 1619 456 alienum
1642 418 1817 471 majestate

429 477 603 519 Deorum,
648 474 792 513 scilicet
826 477 923 516 casas
956 480 1134 518 omniurn
1163 481 1418 534 introspicere,
1454 493 1496 521 ut
1529 483 1680 522 videant
1721 483 1817 535 quid

427 540 567 590 cuique
587 541 788 579 conducat.
831 544 956 597 Neque
973 559 1040 583 non
1053 544 1192 598 poffimt
1203 547 1347 598 sutura
1366 550 1599 602 praenofl·ere.
1658 549 1816 600 Negant

427 605 528 657 posse
547 606 589 650 ii,
612 606 752 658 quibus
774 621 849 646 non
869 607 993 662 placet
1013 610 1083 648 effe
1102 621 1265 657 certum,
1283 613 1377 665 quid
1396 612 1573 652 futurum
1594 614 1651 652 s1t.
1675 613 1813 652 Vides-

426 684 474 708 ne
494 671 626 724 igitur,
657 686 742 725 quae
772 674 890 712 dubia
908 676 993 721 sint,
1023 689 1067 714 ea
1088 677 1186 716 sumi
1216 692 1286 730 pro
1315 679 1428 717 certis
1457 688 1572 732 atque
1600 680 1811 718 conceffis?

425 737 577 783 Deinde
596 748 864 791 contorquent,
884 750 922 779 et
944 742 997 778 ita
1015 743 1277 789 concludunt;
1310 746 1393 783 Non
1412 745 1528 798 igitur
1532 747 1628 799 sunt
1646 747 1731 790 Dii,
1752 759 1817 784 nec

408 802 620 855 figng'ficant
635 804 805 857 futura:
835 805 875 842 id
905 807 1009 844 enim
1034 807 1116 858 jam
1142 807 1355 861 perfectum
1374 811 1616 849 arbitrantur.
1662 810 1817 849 Deinde

423 867 615 907 affumunt
630 887 642 914 5
675 871 769 908 Sunt
786 880 904 909 autem
923 872 1022 911 Dii.-
1053 873 1158 925 quod
1188 874 1315 926 ipsum
1334 889 1412 914 non
1441 877 1489 915 ab
1514 877 1696 915 omnibus
1716 890 1812 915 con-

423 933 584 978 ceditur.
627 935 838 987 Signffikant
855 951 950 989 ergo.
993 938 1058 975 Ne
1076 939 1116 977 id
1135 939 1293 991 quidem
1313 940 1484 994 sequitur
1495 961 1506 987 5
1537 941 1690 995 poffunt
1706 942 1814 981 enim

422 1011 500 1036 non
519 999 743 1052 fignificare,
760 1010 798 1038 et
819 1011 945 1040 tamen
966 1003 1050 1048 effe,
1067 1004 1150 1042 Dii.
1173 1006 1529 1059 Nec‚ststgn3ficent‚
1544 1022 1612 1046 non
1626 1007 1716 1046 dant
1730 1009 1812 1048 vias

420 1064 558 1117 aliquas
576 1065 627 1104 ad
625 1066 816 1118 stientiam
815 1068 1099 1120 stgnfficationir.
1122 1071 1178 1108 At
1193 1070 1231 1109 id
1248 1084 1403 1124 quoque
1418 1073 1554 1125 potest,
1571 1082 1615 1110 ut
1628 1086 1706 1111 non
1721 1073 1814 1112 dent

416 1128 573 1169 homini
588 1149 600 1176 3
632 1132 701 1185 ipsi
720 1131 884 1171 habeant
895 1151 908 1179 ;
940 1148 1008 1172 cur
1027 1136 1133 1173 enim
1153 1136 1292 1175 Tuscis
1312 1138 1456 1190 potius,
1473 1152 1591 1191 quam
1607 1139 1811 1185 Romanis,

420 1195 551 1234 darent
569 1197 582 1234 ?
604 1198 726 1248 Necsi
740 1197 830 1236 dant
847 1199 941 1243 vias,
958 1200 1056 1238 nulla
1069 1200 1114 1253 est
1132 1200 1320 1240 divinatio.
1353 1204 1429 1242 Fac
1449 1203 1534 1241 dare
1554 1205 1658 1242 Deos
1672 1222 1683 1248 ς
1706 1205 1811 1256 quod

420 1260 624 1304 absurdum
644 1263 720 1300 est:
741 1263 835 1315 quid
855 1263 982 1310 refert,
998 1265 1024 1303 fi
1043 1266 1213 1319 accipere
1233 1281 1311 1306 non
1332 1268 1554 1321 poffumus?
1577 1270 1807 1309 Extremum

419 1327 485 1371 est,
503 1327 567 1380 Est
584 1328 700 1381 {gitur
713 1328 900 1368 divinatio.
932 1331 988 1368 Sit
1007 1341 1224 1371 extremum
1243 1348 1253 1371 ε
1283 1333 1462 1374 εἱῖεέὶυῐῃ
1485 1345 1613 1373 tamen
1632 1349 1709 1373 non
1730 1336 1782 1374 est
1798 1352 1807 1374 :

418 1405 466 1432 ex
485 1392 584 1432 falfis
603 1395 723 1440 enim,
743 1404 785 1432 ut
804 1396 852 1434 ab
870 1396 957 1448 ipsis
977 1397 1199 1444 didicimus,
1218 1413 1350 1439 verum
1370 1401 1475 1440 effici-
1490 1415 1567 1440 non
1583 1402 1717 1454 potest.
1741 1403 1808 1453 ja-

418 1468 480 1496 cet
499 1459 617 1512 igitur
637 1470 717 1499 tota
734 1461 942 1500 conclusio.

462 1525 553 1563 LII.
585 1526 794 1564 Veniamus
810 1540 914 1566 nunc
933 1528 978 1566 ad
999 1529 1194 1581 optimum
1213 1530 1354 1578 virum,
1375 1531 1605 1570 familiarem
1621 1531 1806 1578 nostrum,

418 1590 662 1643 Cratippum.
707 1598 734 1614 ‘¹
755 1592 792 1629 Si
813 1592 888 1630 fine
907 1594 1043 1638 oculiS,
1064 1595 1205 1647 inquit,
1237 1608 1321 1641 non
1334 1597 1455 1650 potest
1475 1607 1599 1636 extare
1631 1598 1807 1637 officium

417 1661 445 1677 “
465 1664 504 1693 et
523 1669 664 1694 munus
683 1656 902 1702 oculor-um,
932 1658 1084 1710 poffunt
1102 1669 1231 1699 autem
1251 1661 1455 1714 aliquando
1473 1662 1578 1707 oculi
1598 1676 1674 1700 non
1694 1662 1806 1714 fungi

417 1727 443 1743 “
465 1719 531 1759 suo
550 1735 706 1760 munere
718 1740 730 1766 ;
753 1724 822 1774 qui
841 1723 900 1760 vel
921 1723 1037 1762 semel
1057 1726 1109 1763 ita
1127 1726 1179 1764 est
1199 1726 1286 1764 usus
1300 1727 1437 1771 oculis,
1455 1737 1496 1764 ut
1517 1741 1600 1764 vera
1619 1738 1802 1772 cerneret,

417 1787 495 1825 “is
529 1787 644 1826 habet
674 1787 820 1826 sensum
855 1789 1059 1828 oculorum
1089 1805 1174 1829 vera
1194 1792 1447 1831 cernentium.
1495 1793 1593 1831 Item
1614 1793 1746 1845 igitur,
1777 1795 1803 1832 si

417 1860 442 1875 ‘⁸
465 1853 540 1890 fine
559 1853 792 1891 divinatione
814 1868 888 1892 non
910 1855 1031 1906 potest
1051 1856 1222 1894 officium
1245 1866 1282 1895 et
1303 1872 1445 1896 munus
1470 1859 1714 1897 divinationis
1734 1874 1803 1898 cx—

416 1925 443 1942 “
466 1927 540 1956 tare
558 1936 568 1962 5
602 1917 721 1970 potest
740 1928 882 1964 autem,
901 1933 992 1958 cum
1012 1921 1099 1972 quis
1119 1921 1395 1961 divinationem
1423 1923 1571 1969 habeat,
1592 1937 1710 1962 errare
1730 1926 1802 1962 ali-

416 1991 442 2008 “
464 1983 630 2036 quando,
664 1997 732 2022 nec
752 1998 836 2022 vem
867 1998 1041 2030 cernere,
1074 1986 1157 2025 satis
1188 1987 1240 2026 est
1267 1988 1312 2026 ad
1331 1988 1632 2027 confirmandam
1653 1990 1802 2027 divina-

415 2056 443 2072 “
466 2049 624 2093 tionem,
656 2047 770 2086 semel
791 2049 935 2102 aliquid
964 2051 1014 2088 ita
1033 2050 1102 2089 effe
1122 2052 1351 2099 divinatum,
1373 2053 1470 2092 nihil
1492 2064 1535 2092 ut
1555 2054 1717 2093 fortuito
1735 2069 1802 2093 ce-

414 2122 441 2137 “
463 2114 588 2152 cidiss‘c
608 2115 790 2153 videatur.
834 2118 930 2153 Sunt
950 2125 1077 2155 autem
1098 2118 1178 2169 ejus
1197 2121 1345 2171 generis
1365 2121 1672 2159 innumerabilia.
1720 2120 1803 2159 Effe

414 2188 440 2204 “
462 2181 580 2233 igitur
601 2180 875 2220 divinationem
897 2182 1162 2222 confitendum
1182 2185 1248 2224 est.

470 2247 613 2284 Festive
633 2257 671 2284 et
691 2247 853 2285 breviter
871 2262 879 2286 :
913 2248 986 2294 scd,
1007 2262 1098 2287 cum
1119 2250 1176 2288 bis
1198 2251 1355 2304 sumpsit
1374 2252 1479 2305 quod
1501 2252 1648 2297 voluit3
1683 2253 1800 2291 etiam

413 2312 437 2350 si
458 2311 585 2349 faciles
607 2326 675 2350 nos
696 2312 741 2350 ad
761 2313 1050 2352 concedendum
1071 2314 1259 2362 habuerit,
1281 2318 1321 2356 id
1341 2328 1482 2363 tamen,
1503 2318 1605 2370 quod
1633 2318 1799 2363 assumit,

411 2378 569 2415 concedi
593 2378 700 2416 nullo
729 2379 845 2417 modo
865 2380 999 2431 potest.
1046 2388 1072 2404 “
1094 2381 1145 2425 Si,
1178 2383 1320 2435 inquit,
1347 2383 1553 2436 aliquando
1572 2385 1675 2422 oculi
1708 2398 1799 2437 pcc-

412 2451 439 2467 ⁸‘
460 2454 562 2488 cent,
597 2453 737 2488 tamen,
772 2445 862 2496 quia
897 2447 992 2483 recte
1024 2446 1227 2498 aliquando
1261 2449 1438 2494 viderint,
1469 2449 1561 2487 inest
1594 2450 1632 2487 in
1664 2451 1709 2487 iis
1742 2451 1797 2488 vis

411 2517 439 2532 “
460 2509 626 2547 videndi.
672 2510 782 2554 Item,
813 2510 836 2548 si
869 2511 955 2562 quis
989 2511 1098 2549 semel
1135 2513 1281 2565 aliquid
1312 2514 1463 2557 dixerit,
1496 2516 1524 2552 is
1558 2515 1671 2553 ctiam
1706 2529 1797 2554 cum

411 2583 438 2600 “
459 2585 604 2628 peccet,
628 2586 754 2615 tamen
775 2577 1045 2618 existimandus
1063 2578 1106 2618 sit
1125 2578 1263 2619 habere
1283 2581 1363 2619 vim
1384 2580 1620 2619 divinandis·
