2223 3003
697 232 975 272 LIBER
1038 233 1401 275 PRIMUS.
1678 238 1747 281 18¹1

393 330 445 369 V.
464 331 649 370 Formam
669 330 830 384 quidem
850 331 988 384 ipsam,
1008 331 1143 370 Marce
1164 332 1234 378 fili,
1253 342 1292 371 et
1312 342 1496 386 tanquam
1516 332 1655 373 faciem
1676 334 1750 374 ho-

348 396 441 435 nesti
462 397 567 436 vides
583 415 595 442 ς
627 411 712 450 quae
732 397 758 436 fi
789 397 913 436 oculis
944 408 1175 444 cerneretur,
1205 399 1401 438 mirabiles
1430 414 1590 447 amores,
1625 411 1668 440 ut
1699 403 1752 441 ait

350 463 473 508 Plato,
514 463 698 502 excitaret
726 463 933 516 sapientiae.
975 464 1046 502 Sed
1077 478 1206 510 omne,
1237 466 1343 518 quod
1373 465 1578 506 honestum
1609 468 1674 513 est,
1711 470 1752 508 id

348 538 514 581 quatuor
534 531 702 583 partium
718 530 840 567 oritur
859 543 907 567 ex
926 530 1067 581 aliqua.
1090 531 1174 568 Aut
1189 531 1295 569 enim
1315 532 1354 569 in
1372 534 1637 586 perspicientia
1656 536 1750 581 veri,

348 595 574 648 solertiaque
593 595 758 633 versatur
769 613 781 639 ;
813 604 880 632 aut
909 595 950 632 in
970 593 1180 633 hominum
1201 595 1378 635 societate
1400 600 1552 646 tuenda,
1575 602 1753 640 tribuen-

348 661 475 713 doque
494 661 606 698 suum
626 659 782 712 cuique,
803 669 842 697 et
867 673 996 697 rerum
1027 662 1309 699 contractarum
1329 662 1403 700 fide
1419 682 1430 707 ς
1463 675 1528 702 aut
1558 666 1599 703 in
1630 668 1752 706 animi

347 725 482 764 excelfi
508 734 624 778 atque
653 725 787 763 invicti
815 725 1087 778 magnitudine
1116 739 1159 764 ac
1185 726 1321 765 robore
1337 745 1349 772 ς
1381 737 1447 766 aut
1479 730 1520 766 in
1554 733 1751 778 omnium,

346 805 431 844 quae
449 790 564 836 fiunt,
595 805 757 844 quaeque
778 790 975 837 dicuntur,
1007 792 1141 831 ordine
1159 802 1198 831 et
1217 793 1350 839 modo,
1378 795 1419 833 in
1440 809 1518 848 quo
1546 796 1643 834 inest
1662 811 1757 836 mo«

347 858 463 896 destia
480 867 519 896 et
539 859 805 911 temperantia.

401 924 501 976 Qae
520 933 686 976 quatuor
705 937 929 977 quanquam
945 925 1045 963 inter
1061 925 1096 964 se
1111 925 1290 979 colligata
1305 936 1418 980 atque
1436 928 1636 982 implicata
1649 929 1755 976 sunt,

346 997 475 1027 tamen
495 1003 542 1028 ex
562 989 720 1042 fingulis
751 999 853 1029 certa
880 991 1099 1030 officiorum
1128 1005 1266 1044 genera
1299 992 1530 1032 nascuntur:
1567 995 1673 1033 velut
1703 1010 1751 1034 ex

345 1067 388 1092 ea
405 1065 524 1107 parte,
555 1069 640 1108 quae
661 1056 784 1109 prima
804 1056 989 1110 descripta
1017 1057 1083 1102 est,
1115 1058 1157 1095 in
1177 1071 1253 1110 qua
1271 1057 1496 1112 sapientiam
1517 1070 1554 1098 et
1579 1062 1750 1113 pruden-

346 1120 442 1159 tiam
461 1122 660 1174 ponimus,
682 1122 777 1160 inest
806 1123 1001 1176 indagatio
1030 1133 1146 1176 atque
1165 1124 1339 1163 inventio
1358 1126 1435 1164 veri
1450 1144 1462 1171 ς
1495 1127 1650 1180 ejusque
1670 1129 1751 1166 vir-

347 1187 440 1225 tutis
459 1186 537 1225 hoc
558 1201 700 1226 munus
720 1188 772 1226 est
790 1189 1006 1241 proprium.
1030 1191 1087 1227 Ut
1107 1190 1212 1228 enim
1234 1190 1394 1243 quisque
1415 1192 1585 1230 maxime
1605 1193 1751 1246 perspi-

346 1253 414 1296 cit,
446 1252 541 1304 quid
559 1253 599 1290 in
621 1265 659 1290 re
679 1265 832 1305 quaque
851 1253 1088 1292 veriffimum
1108 1254 1167 1299 fit,
1198 1256 1345 1307 quique
1374 1256 1585 1294 acutiffime
1615 1267 1654 1294 et
1684 1271 1750 1295 ce-

346 1318 500 1356 lerrime
519 1318 642 1372 potest
662 1328 700 1357 et
720 1319 863 1365 videre,
883 1330 921 1358 et
939 1321 1132 1373 explicare
1153 1322 1356 1367 rationem,
1381 1322 1413 1360 is
1434 1323 1750 1375 prudentiffimus

345 1393 384 1422 et
398 1383 689 1437 sapientiffimus
710 1385 781 1423 rite
800 1384 932 1424 haberi
952 1386 1058 1424 solet.
1109 1387 1306 1439 roirca
1323 1386 1432 1433 huic,
1453 1389 1556 1441 quasi
1577 1390 1756 1435 materia,

346 1464 464 1502 quam
484 1453 630 1497 traetet,
651 1461 689 1490 et
709 1453 749 1490 in
769 1467 846 1505 qua
865 1453 1043 1498 versetur,
1065 1453 1232 1506 subjecta
1248 1454 1302 1493 est
1321 1456 1472 1494 veritas.

404 1515 585 1567 Reliquis
624 1526 755 1555 autem
790 1519 913 1556 tribus
949 1520 1160 1558 virtutibus
1181 1520 1416 1559 necessitates
1442 1522 1643 1575 propositae
1663 1523 1749 1562 sunt

348 1582 395 1619 ad
415 1594 474 1619 eas
505 1595 562 1620 res
593 1582 772 1635 parandas
799 1584 1047 1636 tuendasque,
1079 1586 1221 1637 quibus
1251 1587 1350 1625 aetio
1384 1588 1469 1626 vitae
1499 1589 1752 1626 continetur:

349 1658 392 1686 ut
420 1657 458 1686 et
478 1647 632 1686 societas
666 1647 890 1694 hominum,
921 1651 1223 1702 conjunctioque
1243 1650 1435 1697 servetur;
1466 1662 1503 1690 et
1529 1653 1648 1690 animi
1678 1667 1748 1692 ex-

348 1713 526 1752 cellentia
546 1714 853 1766 magnitudoque
881 1724 968 1753 tum
996 1715 1037 1753 in
1069 1716 1251 1768 augendis
1279 1717 1418 1769 opibus
1440 1717 1748 1772 utilitatibusque

346 1788 384 1816 et
399 1778 482 1824 fibi,
513 1789 552 1817 et
571 1779 646 1817 suis
667 1780 948 1832 comparandis,
979 1789 1066 1819 tum
1086 1781 1214 1819 multo
1234 1782 1356 1834 magis
1375 1782 1416 1820 in
1435 1781 1497 1821 his
1516 1783 1603 1836 ipsis
1620 1783 1749 1837 despi-

346 1845 491 1884 ciendis
512 1846 673 1884 eluceat.
705 1847 815 1884 Ordo
834 1856 980 1892 autem,
1005 1857 1043 1885 et
1061 1847 1284 1892 constantia,
1315 1858 1354 1885 et
1373 1850 1600 1894 moderatio,
1627 1860 1666 1888 et
1691 1865 1747 1897 ea,

345 1930 431 1968 quae
450 1916 537 1954 sunt
556 1915 617 1954 his
638 1916 790 1961 similia,
811 1917 1005 1954 versantur
1025 1917 1066 1954 in
1092 1931 1138 1955 eo
1156 1930 1308 1970 genere,
1339 1918 1386 1956 ad
1406 1919 1510 1971 quod
1532 1918 1750 1959 adhibenda

345 1982 398 2020 est
417 1982 515 2020 aetio
535 1981 726 2034 quaedam‚
756 1995 836 2020 non
855 1982 981 2021 solum
1002 1984 1144 2022 mentis
1175 1984 1346 2037 agitatio.
1384 1985 1462 2023 His
1492 1986 1599 2024 enim
1620 1987 1746 2033 rebus,

344 2062 429 2100 quae
450 2049 657 2086 trastantur
677 2049 718 2086 in
738 2048 829 2093 vita,
850 2049 1015 2087 modum
1035 2050 1230 2102 quendam
1250 2059 1289 2088 et
1308 2051 1484 2089 ordinem
1505 2051 1749 2099 adhibentes,

343 2113 583 2153 honestatem
601 2123 640 2153 et
656 2115 771 2153 decus
788 2115 1112 2155 conservabimus.

400 2180 473 2218 VI.
505 2181 567 2219 Ex
587 2190 752 2233 quatuor
765 2191 895 2219 autem
911 2182 1021 2226 locis,
1040 2183 1079 2219 in
1100 2195 1196 2234 quos
1216 2180 1365 2220 honesti
1391 2192 1567 2221 naturam
1586 2184 1747 2236 vimque

343 2246 555 2291 divifimus,
586 2247 735 2299 primus
755 2247 834 2291 ille,
867 2247 934 2299 qui
956 2247 995 2284 in
1017 2247 1094 2284 veri
1115 2248 1338 2299 cognitione
1358 2249 1540 2294 consistit,
1576 2250 1747 2288 maxime

346 2323 521 2352 naturam
541 2314 698 2366 attingit
717 2313 943 2352 humanam.
988 2314 1137 2351 Omnes
1157 2314 1264 2352 enim
1284 2314 1475 2354 trahimur
1500 2325 1539 2354 et
1564 2317 1747 2355 ducimur

346 2379 393 2417 ad
422 2381 657 2433 cognitionis
689 2391 727 2419 et
758 2380 922 2418 scientiae
956 2380 1211 2432 cupiditatem
1229 2396 1238 2420 :
1270 2382 1310 2419 in
1341 2396 1417 2435 qua
1435 2383 1621 2421 excellere
1655 2383 1746 2436 pul-

347 2442 486 2483 chrum
506 2457 687 2499 putamus
700 2465 712 2492 ς
744 2447 822 2485 labi
843 2457 984 2492 autem,
1007 2459 1140 2491 errare,
1162 2446 1317 2493 nescire,
1348 2448 1490 2502 decipi,
1522 2458 1560 2488 et
1580 2450 1744 2493 malum,

348 2518 387 2546 et
406 2519 518 2562 turpe
535 2512 730 2552 ducimus.
777 2515 822 2552 In
853 2512 928 2551 hoc
959 2526 1093 2567 genere
1124 2522 1162 2550 et
1187 2514 1362 2560 naturali,
1393 2525 1431 2553 et
1462 2514 1633 2559 honesto,
1667 2515 1746 2551 duo

347 2575 440 2615 vitia
458 2576 610 2617 vitanda
635 2579 746 2619 sunt:
782 2594 922 2627 unum,
957 2594 1005 2620 ne
1025 2580 1222 2633 incognita
1245 2594 1315 2635 pro
1335 2582 1499 2636 cognitis
1519 2581 1743 2626 habeamus,
