2223 3003
377 217 432 255 40
664 205 769 244 DE
827 204 1480 247 DIVINATIONE

514 305 696 344 Curantes
712 319 844 356 magna
861 319 940 343 cum
959 319 1062 349 cura,
1083 305 1322 356 concupientes

514 371 645 422 Regni,
666 369 756 407 dant
771 378 911 421 operam
915 369 1033 420 fimul
1045 368 1208 421 auspicio,
1229 369 1460 422 augurioque.

513 436 616 474 Hinc
634 435 764 471 Remus
781 433 931 486 auspicio
936 435 981 487 se
998 433 1162 479 devovet,
1182 445 1291 488 atque
1295 433 1502 488 stcundam'

516 501 616 538 Solus
635 499 893 552 avemfirvat.
925 501 986 538 At
1002 501 1165 538 Romulu'
1178 501 1331 553 pulcher
1350 501 1387 539 in
1405 501 1479 540 alto

512 566 659 617 Qaerit
677 565 877 610 Aventino,
885 566 1046 618 strvans
1059 580 1172 618 genus
1189 567 1442 605 alti-volantum
1457 582 1472 605 .-

515 631 733 675 Certabant,
765 631 885 670 urbem
901 632 1063 676 Romam,
1085 633 1317 671 Remoramne
1332 641 1519 672 vocarent.

514 697 680 736 Omnibu’
701 711 791 735 cura
810 697 916 742 viris,
938 707 1021 735 uter
1039 697 1116 750 estet
1135 697 1380 751 induperator.

512 765 747 816 Exspec‘lant,
769 763 888 802 veluti
905 764 1038 816 Confid
1051 778 1128 802 cum
1147 765 1291 803 mittere
1294 765 1442 817 signum

516 830 597 867 Volt
608 845 622 867 :
652 843 764 867 omnes
781 828 885 867 avidi
885 830 1056 882 speb'lant
1075 828 1126 867 ad
1140 830 1295 869 carceris
1313 845 1408 875 oras,

512 896 595 947 Qu
613 909 692 932 mox
710 894 854 932 emittat
865 895 975 947 pistis
997 909 1040 933 ex
1042 895 1212 947 faucibu’
1232 910 1363 935 currus
1374 912 1389 935 .-

515 961 574 999 Sic
593 959 800 1012 expeHabat
812 961 977 1013 populus,
1006 971 1115 1013 atque
1132 976 1192 1000 ore
1210 962 1358 1000 timebat

511 1026 645 1070 Rebus,
667 1026 748 1064 utri
760 1027 885 1078 magni
898 1027 1114 1078 viaoriastt
1133 1026 1221 1065 data
1239 1027 1356 1079 regni.

513 1095 660 1132 Interea
662 1093 727 1144 sol
739 1092 833 1130 albu'
853 1092 984 1144 rece—’fflt
1001 1093 1038 1131 in
1057 1093 1176 1146 itgfera
1195 1093 1318 1132 not't'is.

512 1159 613 1198 Exin
632 1157 832 1211 candidast
849 1157 961 1196 radiis
979 1157 1072 1196 dedit
1091 1159 1281 1211 iffiafhras
1298 1159 1362 1197 lux
1375 1175 1391 1198 .·

512 1226 568 1262 Et
573 1223 690 1276 simul
703 1237 745 1261 ex
763 1224 836 1262 alto
851 1224 950 1276 longe
961 1224 1208 1276 pulcherrima
1219 1233 1363 1277 praepes

513 1291 637 1328 Laeva
656 1289 797 1328 volavit
811 1289 894 1328 avis
908 1305 922 1328 .·
937 1290 1054 1341 simul
1066 1305 1197 1329 aureus
1215 1291 1378 1329 exoritur
1382 1289 1454 1344 sol.

514 1354 654 1394 Cedunt
669 1354 709 1393 de
726 1356 808 1394 caelo
823 1365 881 1393 ter
899 1365 1054 1409 quatuor
1073 1365 1222 1409 corpora
1225 1358 1361 1410 stmfia

512 1421 667 1465 Avium,
682 1420 904 1473 praepetibus
909 1422 984 1474 stst’
995 1421 1223 1475 pulchrjsque
1240 1422 1322 1461 locis
1338 1421 1441 1460 dant.

467 1485 476 1493 ”
513 1487 692 1540 Cotgspicit
710 1485 870 1538 indestbi
885 1486 973 1525 data
991 1487 1161 1525 Romulus
1179 1487 1238 1540 esp}
1249 1487 1393 1540 priora,

511 1552 678 1604 Atqpt'cio
697 1553 803 1604 regni
804 1552 972 1604 stabilita
976 1554 1142 1605 flamna,
1154 1554 1351 1606 solumque.

429 1617 580 1655 XLIX.
613 1617 697 1660 Sed,
735 1616 835 1654 unde
870 1615 1125 1669 huc‘digreffa
1145 1617 1211 1661 est,
1243 1617 1378 1655 eodem
1406 1617 1531 1656 redeat
1550 1616 1684 1655 oratio.
1735 1617 1773 1656 Si

374 1682 473 1722 nihil
495 1695 634 1734 queam
654 1682 856 1734 disputare,
879 1683 1132 1734 quamobrem
1152 1683 1324 1734 quidque
1343 1683 1422 1727 fiat,
1444 1692 1482 1720 et
1502 1683 1773 1721 tantummodo

375 1749 457 1787 fieri
477 1761 518 1786 ea
537 1761 621 1800 quae
642 1748 958 1792 commemoravi,
976 1748 1131 1785 doceam
1149 1765 1160 1791 ς
1192 1761 1377 1800 parumne
1396 1747 1580 1800 Epicuro,
1603 1749 1771 1786 Carnea-

375 1815 462 1852 dive
483 1813 728 1866 respondeam
747 1812 760 1848 ?
792 1812 914 1863 Qid,
948 1812 972 1850 fi
992 1813 1108 1850 ctiam
1130 1813 1226 1850 ratio
1244 1812 1360 1850 exstat
1381 1812 1589 1851 artificiosae
1609 1814 1771 1866 pra-sen-

376 1880 504 1924 fionis,
526 1878 674 1923 facilis;
705 1878 843 1916 divina:
863 1887 1007 1923 autem,
1029 1878 1142 1931 paulo
1161 1878 1382 1917 obscurior?
1414 1880 1512 1930 Qae
1531 1880 1636 1917 enim
1657 1881 1771 1926 extis,

377 1960 463 2000 quae
486 1945 720 1998 fulguribus,
751 1959 835 1997 quae
865 1945 1067 1998 portentis,
1100 1958 1186 1997 quat
1216 1945 1319 1983 astris
1353 1945 1658 1998 prccsentiuntur,
1690 1945 1772 1985 haec

377 2022 506 2052 notata
526 2013 611 2051 sunt
631 2012 890 2050 observatione
906 2012 1098 2050 diuturna.
1121 2011 1246 2050 Affert
1263 2022 1390 2051 autem
1411 2012 1571 2051 vetustas
1588 2014 1772 2052 omnibus

377 2080 416 2118 in
450 2079 559 2117 rebus
590 2078 804 2131 longinqua
833 2077 1092 2116 observatione
1126 2078 1392 2117 incredibilem
1427 2078 1623 2118 scientiam
1641 2109 1652 2125 ,
1688 2094 1773 2133 quae

377 2145 498 2199 potest
519 2144 588 2183 csse
608 2144 682 2182 fine
705 2153 814 2182 motu
839 2153 951 2196 atquc
973 2144 1140 2197 impulsu
1163 2145 1352 2189 Deorum,
1369 2158 1476 2189 cum,
1498 2146 1593 2198 quid
1609 2159 1654 2184 ex
1671 2160 1770 2199 quo-

376 2226 452 2265 que
476 2211 636 2255 eveniat,
669 2220 705 2248 et
725 2210 819 2263 quid
839 2224 1034 2264 quamque
1053 2225 1134 2250 rem
1153 2211 1352 2264 significet,
1383 2212 1513 2251 crebra
1531 2213 1770 2251 animadver-

374 2278 475 2318 sione
496 2277 732 2330 perspcftum
755 2276 820 2316 est.

438 2343 570 2381 Altera
596 2342 782 2381 divinatio
800 2342 852 2380 cst
875 2343 1067 2389 naturalis,
1098 2353 1141 2382 ut
1160 2353 1245 2382 ante
1275 2345 1355 2383 dixi
1374 2363 1384 2390 3
1416 2359 1500 2398 quae
1521 2343 1674 2398 physica
1693 2344 1769 2383 dis-

376 2408 537 2462 putandi
560 2407 768 2447 subtilitate
801 2408 993 2447 referenda
1014 2409 1066 2447 cst
1085 2410 1130 2448 ad
1152 2419 1324 2449 naturam
1348 2411 1535 2456 Deorum,
1567 2425 1588 2449 a
1607 2425 1693 2464 qua.
1729 2421 1771 2449 ut

373 2474 598 2516 doetiffimis
632 2474 983 2529 sapientiffimisque
1015 2475 1172 2530 placuit,
1204 2475 1354 2517 haustos
1388 2477 1537 2519 animos
1566 2488 1605 2517 et
1632 2478 1770 2517 libatos
