2223 3003
715 243 992 285 LIBER
1047 239 1472 282 TERT1US.
1720 244 1794 299 167

397 345 592 384 malorum
622 344 876 390 enumeratio,
908 344 1170 397 vitiorumque
1201 343 1364 383 selectio.
1407 343 1512 383 Nam
1547 341 1617 382 isto
1637 343 1796 396 quidem

400 411 517 450 modo
537 410 597 449 vel
618 410 835 449 consulatus
855 411 1046 463 vituperio
1066 410 1132 456 est,
1147 410 1173 448 si
1191 410 1421 456 Consulum,
1439 423 1537 463 quos
1557 424 1798 449 emumerare

370 493 378 501 ·
397 477 505 523 nolo,
535 485 691 530 peccata
720 476 932 528 collegeris.
977 476 1065 528 Ego
1095 476 1201 514 enim
1220 475 1342 514 fateor
1370 477 1410 514 in
1431 477 1497 514 ista
1522 476 1599 530 ipsa
1618 477 1800 530 potestate

398 543 512 582 ineffe
531 543 717 596 quiddam
737 541 854 579 mali:
886 540 948 578 sed
968 540 1132 586 bonum,
1160 541 1265 592 quod
1284 542 1337 579 est
1358 543 1559 594 quaefitum
1580 543 1620 581 in
1640 557 1695 589 ea,
1723 543 1799 582 fine

398 610 469 648 isto
489 609 591 648 malo
611 621 689 646 non
708 606 951 644 haberemus.
973 606 1112 644 Nimia
1131 605 1291 658 potestas
1311 607 1365 645 est
1385 608 1628 648 tribunorum
1648 610 1798 662 plebis:

400 676 488 727 quis
509 681 620 726 negat
639 673 651 710 ?
683 672 743 710 sed
763 672 818 710 vis
839 672 975 725 populi
995 671 1121 710 multo
1142 671 1271 711 saevior
1291 672 1496 725 multoque
1522 674 1799 721 vehementior,

399 754 498 792 quae,
520 739 660 777 ducem
675 737 781 791 quod
797 736 925 782 habet,
944 737 1140 776 interdum
1156 737 1278 777 lenior
1296 738 1362 784 est,
1381 752 1499 792 quam
1516 739 1542 777 fi
1558 740 1712 779 nullum
1727 741 1800 780 ha-

400 807 519 845 beret.
552 807 647 844 Dux
666 804 772 843 enim
792 803 858 842 suo
879 804 1052 858 periculo
1071 805 1251 858 progredi
1269 805 1414 858 cogitat
1429 824 1445 851 ‚-
1474 806 1610 860 populi
1631 807 1800 861 impetus

400 871 561 926 periculi
581 870 769 909 rationem
788 869 845 908 sui
865 884 942 909 non
962 869 1092 910 habet.
1152 872 1206 910 At
1232 871 1438 924 aliquando
1457 872 1687 912 incenditur.
1748 875 1802 912 Et

400 939 561 992 quidem
591 937 686 991 saepe
720 936 881 976 sedatur.
941 937 1059 986 Qod
1084 938 1190 977 enim
1220 938 1274 977 est
1302 947 1382 977 tarn
1415 939 1653 992 desperatum
1680 939 1801 978 colle-

400 1005 526 1058 gium,
557 1004 598 1043 in
628 1017 707 1056 quo
728 1016 844 1041 nemo
874 1017 895 1041 e
915 1003 1049 1042 decem
1069 1003 1153 1042 sana
1183 1013 1313 1043 mente
1333 1004 1407 1043 fit?
1484 1005 1550 1043 uin
1575 1019 1642 1058 per
1674 1005 1803 1058 ipsum

400 1071 497 1110 Tib.
521 1068 748 1109 Gracchum
768 1082 847 1108 non
868 1068 993 1107 solum
1013 1071 1158 1116 nectus,
1180 1070 1243 1108 sed
1260 1071 1375 1109 etiam
1396 1070 1565 1109 sublatus
1586 1070 1803 1109 intercessor

401 1136 538 1175 fuerat.
572 1135 679 1188 Qid
701 1136 807 1174 enim
827 1135 925 1173 illud
944 1136 1046 1174 aliud
1067 1137 1246 1190 perculit,
1269 1137 1336 1175 nist
1363 1137 1468 1190 quod
1494 1138 1719 1190 potestatem
1739 1138 1802 1175 in-

404 1203 620 1242 tercedendi
654 1202 812 1255 collegae
842 1202 1069 1254 abrogavit?
1113 1203 1184 1241 Sed
1216 1212 1258 1241 tu
1287 1203 1511 1256 sapientiam
1539 1205 1731 1255 majorum
1761 1204 1803 1241 in

400 1269 477 1308 hoc
497 1269 597 1307 vide.
649 1266 832 1306 Concessa
860 1268 966 1319 plebi
986 1281 1006 1305 a
1025 1269 1196 1321 patribus
1217 1268 1284 1306 ista
1314 1269 1495 1321 potestate
1520 1282 1623 1306 arma
1649 1269 1802 1306 cecide-

403 1345 523 1381 runt5
553 1334 727 1373 restincta
745 1333 880 1372 seditio
911 1334 989 1372 est:
1022 1334 1223 1373 inventum
1250 1335 1302 1372 est
1330 1344 1693 1388 temperamentum,
1725 1348 1805 1387 quo

404 1402 594 1441 tenuiores
614 1415 707 1440 cum
733 1399 975 1454 principibus
1006 1401 1144 1453 aequari
1164 1401 1199 1439 se
1219 1401 1418 1454 putarint;
1449 1401 1490 1439 in
1517 1414 1595 1454 quo
1626 1414 1704 1439 uno
1728 1400 1806 1438 fuit

404 1467 571 1506 civitatis
593 1467 704 1506 salus.
740 1468 796 1505 At
815 1466 893 1505 duo
914 1465 1085 1505 Gracchi
1105 1466 1275 1505 fuerunt.
1318 1467 1371 1505 Et
1390 1476 1524 1520 praeter
1543 1480 1607 1506 eos
1628 1466 1804 1520 quamvis

405 1544 606 1570 enumeres
625 1530 770 1569 multos
789 1531 895 1577 licet,
926 1545 1018 1570 cum
1038 1532 1128 1570 deni
1147 1541 1345 1571 creantur:
1378 1532 1505 1571 nullos
1522 1533 1563 1570 in
1589 1532 1699 1571 omni
1720 1545 1805 1570 me-

407 1597 530 1636 moria
549 1597 711 1650 reperies
731 1597 961 1650 perniciosos
983 1598 1158 1637 tribunos
1174 1617 1186 1643 ;
1209 1598 1324 1642 leves,
1346 1598 1462 1637 etiam
1483 1613 1561 1636 non
1582 1599 1702 1636 bonos
1724 1597 1806 1635 for-

406 1663 494 1702 taffe
515 1663 656 1717 plureS.
699 1662 849 1702 Invidia
867 1662 1028 1715 quidem
1048 1663 1221 1701 summus
1248 1663 1343 1701 ordo
1362 1672 1463 1701 caret
1481 1678 1490 1701 ε
1522 1663 1652 1716 plebes
1672 1663 1718 1701 de
1739 1662 1806 1701 suo

401 1731 489 1782 jure
516 1729 744 1782 periculosas
765 1729 1030 1768 contentiones
1051 1729 1173 1768 nullas
1193 1727 1300 1767 facit.
1345 1729 1613 1781 Qamobrem
1636 1739 1702 1767 aut
1721 1729 1807 1767 exi-

405 1795 522 1850 gendi
542 1808 646 1849 reges
667 1809 745 1834 non
764 1794 921 1834 fuerunt
933 1813 946 1841 ;
968 1805 1033 1834 aut
1052 1795 1158 1848 plebi
1179 1808 1231 1840 re,
1249 1809 1325 1833 non
1346 1795 1475 1840 verbo,
1490 1795 1611 1833 danda
1631 1795 1803 1833 libertas:

406 1876 492 1915 quae
512 1872 642 1901 tamen
662 1862 711 1900 fic
732 1862 817 1900 data
835 1861 901 1908 est,
934 1871 976 1900 ut
996 1861 1131 1900 multis
1162 1861 1452 1915 praeclariffimis
1479 1861 1729 1906 addiceretur,
1764 1870 1813 1900 ut

406 1929 620 1967 auctoritati
639 1928 863 1980 principum
882 1928 1045 1965 cederet.

460 1995 534 2033 XI.
566 1993 706 2033 Nostra
724 2002 854 2032 autem
875 1994 996 2039 causa,
1015 2007 1115 2046 quae,
1136 1994 1286 2047 optime
1306 2003 1344 2032 et
1363 1994 1575 2033 dulciffime
1595 1994 1722 2038 frater,
1745 1993 1809 2032 in·-

408 2060 504 2099 cidit
522 2060 563 2098 in
594 2060 838 2099 tribunitiam
859 2060 1097 2113 potestatem,
1130 2060 1235 2098 nihil·
1259 2060 1395 2099 habuit
1426 2061 1684 2099 contentionis
1715 2074 1809 2098 cum

409 2125 618 2164 tribunatu.
662 2126 757 2164 Non
791 2126 897 2164 enirn
931 2125 1039 2178 plebs
1074 2126 1232 2163 incitata
1262 2125 1395 2163 nostris
1420 2127 1531 2164 rebus
1551 2126 1715 2170 invidit5
1747 2125 1810 2163 sed

408 2191 562 2228 vincula
589 2190 710 2228 soluta
740 2190 841 2235 sunt,
872 2200 909 2228 et
929 2190 1078 2228 servitia
1111 2191 1281 2235 incitata,
1312 2191 1491 2242 adjundto
1526 2201 1665 2229 terrore
1693 2191 1811 2228 etiam

408 2257 582 2295 militari.
601 2257 744 2308 Neque
763 2256 876 2294 nobis
896 2269 988 2293 cum
1009 2256 1075 2293 illa
1095 2264 1180 2293 tum
1202 2257 1302 2308 peste
1321 2267 1512 2295 certamen
1530 2256 1619 2302 fuit,
1643 2257 1701 2295 sed
1717 2270 1810 2295 cum

407 2323 625 2376 graviffimo
644 2322 865 2376 reipublicae
885 2331 1058 2375 tempore
1074 2340 1089 2367 ,-
1117 2323 1180 2360 cui
1202 2323 1226 2360 fi
1245 2337 1322 2361 non
1343 2324 1537 2369 ceffiffem,
1560 2338 1636 2362 non
1658 2324 1810 2361 diutur-

411 2402 506 2427 num
527 2388 706 2428 beneficii
726 2389 802 2426 mei
823 2389 943 2442 patria
962 2387 1132 2426 fructum
1152 2388 1306 2428 tulisset.
1359 2391 1490 2442 Atque
1508 2388 1583 2428 hoc
1605 2390 1657 2427 rei
1685 2389 1809 2426 exitus

413 2454 610 2495 indicavit.
654 2456 753 2506 Qis
774 2456 881 2494 enirn
902 2469 978 2494 non
1001 2455 1116 2493 modo
1137 2455 1246 2501 liber,
1273 2456 1334 2494 sed
1355 2457 1471 2495 etiam
1492 2457 1616 2495 servus
1636 2456 1811 2494 libertate

414 2518 552 2571 dIgnus
572 2520 661 2566 fuit,
683 2521 747 2559 cui
767 2521 891 2559 nostra
911 2521 1008 2559 salus
1029 2534 1111 2559 cara
1131 2535 1207 2559 non
1228 2521 1315 2559 effet
1333 2522 1349 2559 ἓ

481 2584 600 2638 Qod
632 2587 659 2625 fi
693 2587 725 2626 is
759 2586 864 2627 casus
898 2587 1025 2627 fuisset
1055 2600 1199 2634 rerum,
1235 2601 1328 2642 quas
1356 2602 1426 2642 pro
1445 2588 1562 2628 salute
1592 2585 1811 2640 reipublicae
