2223 3003
376 256 427 296 80
661 252 764 291 DE
821 249 1470 288 DIVINATIONE

375 361 633 406 temperatur;
666 349 734 400 qui
767 347 887 400 potest
917 346 1049 383 eadem
1081 345 1137 382 vis
1171 344 1242 382 effe
1275 345 1527 390 nascentium,
1556 357 1648 384 curn
1681 348 1763 386 caeli

374 430 477 458 tanta
507 419 550 456 sit
578 413 871 453 diffimilitudo?
903 413 948 450 In
979 409 1040 449 his
1073 411 1182 457 locis,
1212 425 1296 463 quae
1327 425 1395 450 nos
1425 411 1648 456 incolimus,
1681 413 1765 465 post

373 484 575 522 solstitium
599 478 784 517 Canicula
816 478 1001 522 exoritur,
1031 485 1069 514 et
1099 476 1258 529 quidem
1287 477 1435 529 aliquot
1466 476 1600 515 diebus
1619 495 1633 522 3
1664 477 1767 531 apud

372 547 643 600 Troglodytas,
676 554 719 582 ut
739 543 929 587 scribitur,
959 551 1046 580 ante
1074 541 1303 580 solstitium:
1336 551 1392 587 ut,
1424 541 1451 580 fi
1471 543 1555 594 jam
1575 543 1764 581 conceda-

372 627 459 653 mus
479 611 625 665 aliquid
645 611 724 649 vim
755 609 940 648 caelestem
960 609 1006 646 ad
1025 622 1101 654 εοε,
1132 609 1201 661 qui
1229 609 1269 646 in
1296 616 1392 646 terra
1416 608 1646 660 gignuntur,
1676 622 1764 661 per-

373 681 506 724 tinere,
537 676 804 716 confitendum
833 675 878 713 s1t
910 674 1002 719 illis,
1032 688 1111 719 eos,
1153 674 1221 726 qui
1253 675 1457 712 nascuntur
1488 674 1622 712 eodem
1662 684 1763 713 tem-

371 759 477 798 pore,
509 744 607 798 poffe
627 744 667 781 in
698 742 893 780 diffimiles
919 740 1086 778 incidere
1105 749 1253 778 naturas
1284 749 1441 793 propter
1468 739 1551 777 caeli
1571 739 1764 778 diffimili-

372 811 562 850 tudinem.
609 808 726 860 Qod
752 807 915 845 minime
946 805 1022 843 illis
1053 805 1204 857 placet:
1236 805 1372 843 volunt
1396 806 1503 844 enim
1523 805 1594 850 illi,
1631 818 1766 844 omnes

372 877 507 916 eodem
539 886 710 928 tempore
743 882 860 917 ortos,
896 873 965 925 qui
986 871 1131 924 ubique
1157 871 1229 910 smt
1257 871 1349 916 nati,
1379 871 1513 910 eadem
1544 871 1766 910 conditione

372 943 487 982 nasci.

426 1008 555 1047 XLV.
588 1006 659 1045 Sed
679 1019 763 1058 quae
793 1012 896 1042 tanta
915 1003 1108 1041 dementia
1138 1003 1204 1047 est,
1234 1012 1278 1040 ut
1308 1002 1348 1040 in
1375 1003 1557 1041 maximis
1577 1004 1765 1050 motibus,

373 1071 727 1124 mutationibusque
746 1070 843 1114 caeli,
865 1068 964 1107 nihil
984 1069 1142 1113 interfit,
1174 1068 1243 1120 qui
1262 1076 1412 1113 ventus,
1433 1067 1502 1120 qui
1520 1068 1660 1113 imber,
1681 1083 1768 1121 quae

371 1140 572 1192 tempestas
603 1138 747 1189 ubique
767 1135 843 1174 fit?
875 1136 1053 1186 Qarum
1084 1147 1212 1172 rerum
1242 1133 1284 1171 in
1308 1133 1496 1186 proximis
1529 1133 1624 1172 locis
1655 1143 1766 1173 tantae

371 1205 695 1245 diffirnilitudines
731 1202 823 1254 saepe
857 1201 958 1245 sunt,
989 1210 1032 1238 ut
1062 1200 1134 1238 alia
1153 1200 1331 1244 Tusculi,
1361 1199 1433 1237 alia
1452 1200 1589 1238 Romae
1617 1201 1768 1239 eveniat

371 1272 465 1325 saepe
496 1269 709 1323 tempestas.
756 1267 888 1319 Qod,
919 1267 987 1319 qui
1018 1266 1210 1318 navigant,
1244 1266 1414 1304 maxime
1443 1265 1766 1312 animadvertunt,

372 1352 466 1376 cum
500 1338 538 1375 in
560 1335 753 1375 flestendis
773 1333 1061 1387 promontoriis,
1091 1341 1294 1370 ventorum
1315 1331 1547 1370 mutationes
1576 1333 1766 1370 maximas

372 1405 465 1457 saepe
499 1404 673 1442 sentiant.
720 1402 816 1440 Haec
845 1401 964 1453 igitur
997 1413 1090 1437 cum
1109 1399 1153 1437 fit
1180 1408 1265 1437 tum
1285 1398 1474 1443 serenitas,
1507 1407 1592 1437 tum
1613 1407 1764 1451 pertur-

371 1472 477 1510 batio
509 1471 617 1515 caeli,
649 1468 750 1507 estne
784 1468 960 1506 sanorum
980 1465 1203 1511 hominum,
1230 1464 1305 1504 hoc
1325 1466 1373 1503 ad
1401 1465 1638 1503 nascentium
1657 1473 1764 1503 ortus

371 1538 559 1590 pertinere
588 1549 663 1574 non
698 1535 849 1578 dicere,
894 1532 998 1585 quod
1033 1545 1109 1570 non
1143 1540 1245 1570 certe
1279 1531 1469 1584 pertinet:
1506 1529 1605 1568 illud
1639 1529 1767 1568 nescio

371 1604 466 1655 quid
487 1613 613 1647 tenue,
646 1601 751 1652 quod
781 1600 909 1638 sentiri
930 1597 1038 1636 nullo
1058 1597 1189 1641 modo,
1210 1596 1377 1648 intelligi
1398 1605 1526 1634 autem
1545 1596 1610 1633 vix
1628 1595 1765 1648 potest,

371 1683 456 1721 quae
476 1682 496 1706 a
515 1668 618 1712 luna,
639 1665 856 1718 caeterisque
877 1664 1058 1702 sideribus
1085 1662 1169 1701 caeli
1200 1661 1426 1714 temperatio
1456 1661 1536 1706 fiat,
1567 1661 1691 1699 dicere
1719 1661 1766 1698 ad

369 1748 577 1788 puerorum
598 1742 703 1770 ortus
726 1732 912 1784 pertinere
930 1731 943 1767 ?

427 1801 562 1852 Qid?
584 1798 688 1851 quod
710 1810 785 1835 non
814 1796 1051 1848 intelligunt,
1084 1794 1274 1832 seminum
1295 1792 1390 1837 vim,
1424 1805 1509 1845 quae
1533 1791 1580 1830 ad
1599 1792 1765 1845 gignen-

372 1867 482 1910 dum,
505 1863 859 1917 procreandumque
879 1861 1094 1913 plurimum
1118 1859 1251 1903 valeat,
1274 1857 1448 1896 funditus
1469 1857 1578 1902 tolli;
1612 1859 1764 1896 medio-

372 1930 446 1968 cris
467 1929 600 1967 erroris
621 1927 703 1965 cst?
737 1927 836 1978 Qis
857 1926 960 1963 enim
992 1938 1067 1962 non
1099 1924 1216 1968 videt,
1247 1931 1284 1960 et
1304 1921 1460 1966 formas,
1492 1931 1529 1959 et
1557 1935 1696 1967 mores,
1726 1933 1764 1961 et

371 1995 570 2049 plerosque
602 1993 714 2031 status
745 2005 787 2030 ac
818 2001 946 2030 motus
966 1991 1145 2043 effingere
1164 2002 1184 2026 a
1215 1988 1433 2042 parentibus
1457 1987 1627 2026 liberos?
1659 1989 1764 2041 quod

372 2075 448 2100 non
471 2061 723 2113 contingeret,
755 2058 780 2096 si
812 2057 885 2096 hoc
907 2071 982 2095 non
1005 2057 1061 2094 vis
1091 2065 1129 2094 et
1150 2064 1281 2094 natura
1306 2055 1550 2107 gignentium
1581 2054 1763 2099 efficeret,

372 2127 432 2166 scd
457 2126 678 2179 temperatio
700 2125 811 2168 lunae,
832 2123 992 2176 caelique
1013 2123 1235 2161 moderatio.

427 2193 564 2245 Qid?
595 2191 699 2244 quod
721 2204 797 2229 uno
816 2200 853 2228 et
873 2190 1006 2228 codem
1026 2189 1208 2242 temporis
1231 2189 1373 2241 puncto
1396 2187 1489 2231 nati,
1510 2186 1706 2225 dissimiles
1726 2196 1763 2225 ct

373 2269 535 2304 naturas,
567 2268 603 2296 ct
623 2258 730 2302 vitas,
761 2267 799 2294 ct
819 2256 921 2294 casus
940 2255 1109 2299 liabent;
1142 2268 1326 2308 parumne
1345 2253 1549 2298 declarant,
1585 2252 1683 2291 nihil
1717 2253 1762 2290 ad

371 2326 555 2379 agendam
588 2326 705 2362 vitam
728 2323 901 2361 nascendi
939 2332 1089 2375 tempus
1111 2323 1326 2374 pertinere?
1360 2320 1426 2358 nili
1457 2319 1555 2358 sorte
1583 2330 1762 2372 putamus

372 2391 567 2429 neminem
599 2389 732 2428 eodem
770 2398 940 2441 tempore
976 2387 1055 2440 ipso
1089 2397 1125 2425 ct
1158 2396 1404 2439 conceptum,
1437 2395 1474 2424 et
1497 2395 1644 2429 natum,
1685 2399 1762 2437 quo

372 2456 616 2495 Africanum.
652 2456 761 2494 Num
783 2456 868 2507 quis
890 2455 1007 2507 igitur
1028 2454 1111 2492 talis
1134 2452 1235 2490 fuit?

410 2523 558 2561 XLVI.
588 2521 723 2574 Qid?
748 2521 891 2558 illudne
907 2521 1068 2558 dubium
1083 2520 1148 2563 cll,
1171 2520 1264 2572 quin
1283 2518 1412 2562 multi,
1434 2532 1525 2556 cum
1544 2518 1593 2556 ita
1611 2517 1686 2555 nati
1704 2516 1760 2555 cs-

372 2589 465 2634 scnt,
478 2598 517 2627 ut
531 2588 704 2643 quaedam
718 2597 848 2626 contra
862 2597 1034 2626 naturam
1050 2587 1247 2639 depravata
1262 2585 1456 2631 haberent,
1468 2585 1761 2628 restituerentur,
