2223 3003
515 199 594 237 400
819 181 1623 223 PHILOSOPHICORUM

516 287 570 324 D.
594 286 710 324 Auo.
731 281 772 320 de
791 278 898 319 ‘Tr-in.
916 279 979 318 lib.
1006 292 1062 317 1v.
1084 287 1163 332 cap.
1185 278 1244 332 2.]
1264 279 1480 318 Prudentiae
1500 287 1625 333 partes
1646 279 1748 325 sunt,
1766 294 1920 322 memo·
1940 314 1943 316 .

570 351 636 393 ria,
659 345 927 398 intelligentia,
947 345 1200 397 providentia.

515 418 568 458 D.
603 416 722 452 Auo.
744 410 850 463 ibid]
897 411 935 449 Si
970 411 1096 455 nobis,
1128 423 1221 448 cum
1250 424 1298 449 ex
1329 409 1399 449 hac
1429 410 1507 449 vita
1543 411 1851 464 migraverimus,
1881 412 1922 450 in

570 481 770 518 beatorum
804 475 938 515 insulis
970 476 1191 515 immortale
1218 490 1358 522 aevum,
1393 486 1437 515 ut
1457 476 1598 515 fabulae
1617 476 1760 522 ferunt,
1787 478 1923 531 degere

568 546 715 589 liceret,
737 543 834 596 quid
853 556 949 596 opus
969 543 1058 581 esset
1078 543 1314 596 eloquentia,
1347 557 1440 582 cum
1461 543 1610 596 judicia
1630 543 1736 581 nulla
1755 542 1890 582 fierent
1907 543 1922 579 ?

569 620 635 649 aut
654 610 742 664 ipsis
762 609 880 648 etiam
900 609 1137 648 virtutibus?
1162 623 1234 648 nec
1255 610 1362 648 enim
1382 608 1623 648 fortitudinis
1645 609 1923 662 indigeremus,

567 677 679 716 nullo
709 675 903 730 proposito
931 685 997 714 aut
1030 675 1173 721 labore,
1208 685 1274 714 aut
1304 677 1476 729 periculo
1489 694 1500 721 3
1533 689 1602 714 nec
1632 675 1795 728 justitia,
1830 687 1923 713 cum

569 742 656 781 esset
691 741 805 787 nihil,
841 741 946 794 quod
977 750 1216 794 appeteretur
1249 741 1363 780 alieni
1381 759 1392 786 3
1430 755 1501 781 nec
1536 741 1803 795 temperantia,
1839 754 1926 793 quae

570 819 716 863 regeret
736 821 810 852 eas,
841 821 927 860 quae
947 807 1064 845 nullae
1082 806 1213 852 essent,
1233 807 1412 847 libidines
1429 826 1441 853 ς
1474 821 1520 846 ne
1541 808 1744 861 prudentia
1763 808 1924 861 quidem

568 887 781 927 egeremus,
804 873 913 910 nullo
932 871 1083 910 delectu
1100 872 1293 926 proposito
1314 873 1507 911 bonorum
1526 883 1565 911 et
1585 874 1791 912 malorum.
1834 874 1924 911 Una

568 942 689 994 igitur
707 939 868 978 effemus
901 939 1001 977 beati
1036 939 1260 992 cognitione
1292 948 1448 989 naturae,
1484 950 1522 978 et
1545 939 1713 982 scientia,
1745 953 1829 991 quae
1849 939 1925 977 sola

569 1008 686 1046 etiam
707 1007 886 1045 Deorum
905 1005 959 1044 est
977 1006 1055 1043 vita
1074 1005 1275 1044 laudanda.
1309 1006 1371 1044 Ex
1390 1019 1470 1058 quo
1490 1005 1660 1058 intelligi
1686 1005 1824 1058 potest,
1851 1017 1924 1043 cae-

570 1083 647 1111 tera
667 1072 893 1111 necessitatis
915 1071 986 1110 effe
1002 1089 1014 1116 ;
1046 1085 1170 1110 unum
1191 1070 1281 1117 hoc,
1303 1072 1526 1125 voluptatis,

516 1140 630 1178 Non.
652 1138 824 1192 Capera]
855 1139 880 1164 ³¹⁶
901 1137 1039 1176 deinde
1060 1137 1153 1176 boni
1174 1151 1315 1184 mores,
1342 1147 1381 1176 et
1402 1137 1663 1183 modestiores,
1695 1146 1734 1176 et
1752 1136 1799 1175 ad
1818 1136 1925 1190 capi—

569 1206 668 1244 enda
686 1214 875 1259 praecepta
894 1203 1105 1243 molliores.

517 1273 632 1311 Non.
654 1271 830 1324 Aptum.]
862 1270 995 1309 Altera
1028 1269 1081 1308 est
1112 1283 1208 1308 nexa
1226 1283 1318 1308 cum
1341 1269 1548 1323 superiore,
1575 1278 1613 1308 et
1634 1269 1737 1315 inde,
1764 1277 1926 1322 apteque

571 1338 755 1391 pendens.

517 1405 632 1443 Nou.
657 1403 859 1456 spemn]
891 1404 915 1429 *
938 1401 1033 1440 Caeli
1055 1401 1253 1454 signorum
1273 1401 1542 1440 admirabilem
1561 1401 1754 1446 ordinem,
1772 1399 1925 1438 insatia-

571 1472 771 1522 bilemque
791 1467 1126 1522 pulchritudinem
1147 1469 1270 1519 magis
1294 1469 1471 1520 spectant.

517 1539 570 1577 D.
591 1539 708 1576 Auo.
731 1536 791 1574 lib.
818 1549 876 1573 1v.
899 1543 979 1588 cap.
1008 1546 1068 1587 15.
1092 1534 1232 1587 Civit.]
1265 1537 1288 1560 ’ἓ
1311 1536 1368 1572 Ut
1398 1533 1546 1572 easdem
1575 1533 1749 1572 tenebras
1770 1533 1926 1579 efficiat,

570 1617 665 1656 quas
685 1601 813 1641 effecit
833 1602 873 1640 in
894 1601 1055 1644 interitu
1076 1600 1266 1646 Romuli3
1298 1600 1367 1653 qui
1383 1600 1424 1639 in
1448 1599 1716 1639 obscuratione
1735 1599 1823 1639 solis
1844 1598 1926 1639 fac-

571 1679 633 1708 tus
654 1668 720 1707 est.

516 1736 632 1775 Non.
655 1735 839 1788 Increp0.]
872 1735 987 1773 Tune
1008 1732 1312 1787 pseudomenon,
1339 1742 1378 1772 et
1393 1731 1562 1779 soritem,
1583 1741 1622 1771 et
1641 1741 1764 1771 totam
1784 1731 1926 1771 dialec-

572 1803 691 1841 ticam
712 1810 777 1840 aut
797 1801 946 1846 illudis,
968 1810 1033 1839 aut
1053 1800 1255 1854 increpas?

517 1868 633 1908 Non.
656 1868 851 1921 Prcfficm]
899 1867 1000 1918 Qis
1022 1876 1058 1904 te
1088 1876 1152 1904 aut
1173 1867 1240 1911 est,
1275 1877 1339 1905 aut
1359 1866 1436 1905 fuit
1467 1881 1639 1921 unquam
1659 1866 1700 1905 in
1722 1865 1928 1920 partiendis

573 1935 701 1980 rebus,
722 1934 762 1972 in
783 1932 1024 1978 definiendis,
1046 1932 1086 1970 in
1107 1931 1354 1985 explanandis
1375 1933 1556 1985 preffior?

520 2002 670 2040 LAcT.
692 1999 753 2039 lib.
779 2013 838 2037 v1.
870 2007 949 2053 cap.
975 1998 1032 2052 2.]
1080 1998 1192 2037 Malo
1212 1999 1272 2037 vel
1294 2012 1417 2037 unum
1451 2011 1612 2052 parvum
1638 1997 1685 2035 de
1715 1996 1845 2036 officio
1876 1997 1926 2034 li-

575 2067 738 2112 bellum,
771 2079 889 2118 quam
920 2065 1078 2118 longam
1098 2065 1311 2104 orationem
1332 2079 1402 2119 pro
1434 2064 1612 2105 seditioso
1644 2063 1806 2103 homine
1828 2063 1929 2103 Cor-

574 2134 688 2172 nelio.

520 2202 635 2240 Nox.
659 2197 894 2250 convenire]
926 2197 1032 2236 Nam
1064 2197 1170 2250 quod
1190 2197 1346 2242 vereris,
1382 2210 1432 2237 ne
1462 2211 1541 2237 non
1561 2197 1766 2237 conveniat
1794 2194 1928 2234 nostris

575 2266 749 2305 aetatibus
771 2265 837 2303 ista
858 2265 992 2309 oratio,
1011 2278 1096 2317 quae
1117 2264 1256 2318 speClat
1276 2265 1322 2303 ad
1342 2263 1594 2304 hortandum.

523 2334 635 2373 Now.
660 2331 839 2385 Caedcre.]
870 2333 952 2370 Aut
984 2331 1056 2370 tibi
1090 2331 1130 2370 id
1163 2330 1291 2385 ipsum
1311 2331 1605 2385 pervertendum
1638 2329 1727 2374 suit,
1759 2329 1864 2382 quod
1887 2338 1930 2367 tu

577 2413 623 2438 ne
644 2398 802 2452 attigisti
822 2398 1010 2452 quidem,
1043 2407 1108 2438 aut
1128 2399 1209 2452 ejus
1240 2407 1380 2452 partes,
1408 2397 1513 2452 quasi
1541 2396 1717 2436 membra
1736 2395 1928 2448 quaedam,

577 2465 777 2505 caedendae.
