2223 3003
661 293 936 332 LIBER
993 295 1491 336 SECUNDUS.
1727 302 1780 354 67

387 401 688 431 commemorata
707 393 848 432 dixisti.
878 395 937 431 De
958 394 1098 446 quibus
1119 395 1245 434 dicam
1266 396 1445 447 equidem
1465 397 1636 449 fingulis,
1654 399 1780 450 quoad

388 459 484 497 utile
503 459 721 497 videbitur:
754 459 814 496 sed
847 459 1056 496 dicendum
1079 461 1195 497 etiam
1227 461 1279 498 est
1298 462 1344 499 de
1364 463 1557 501 univerfis.
1596 464 1694 514 Qae
1727 464 1779 502 est

387 525 493 562 enim
514 524 580 562 ista
599 538 619 561 a
639 524 726 562 Diis
746 522 914 576 profecta
932 523 1170 574 significatio,
1192 530 1229 562 et
1248 527 1349 576 quafi
1366 527 1604 567 denuntiatio
1619 530 1778 568 calami-

388 599 512 627 tatum
531 590 544 626 ?
576 588 684 639 Qid
704 597 832 625 autem
852 599 894 624 ea
924 587 1060 625 volunt
1084 589 1153 626 Dii
1183 589 1420 629 immortales
1440 592 1612 644 primum
1633 595 1777 646 fignifi-

387 665 529 699 cantes,
561 667 646 706 quae
665 653 740 691 fine
760 653 1029 707 interpretibus
1051 667 1127 692 non
1148 654 1343 707 poffurnus
1375 657 1612 710 intelligere;
1645 661 1780 698 deinde

385 734 442 765 ea,
476 734 561 773 quae
589 733 720 758 cavere
747 721 1008 772 nequeamus?
1040 722 1095 759 At
1119 720 1194 760 hoc
1225 735 1272 759 ne
1291 721 1470 761 homines
1491 724 1649 776 quidem
1668 727 1778 777 probi

386 786 548 832 faciunt,
583 796 626 825 ut
645 787 778 824 amicis
809 787 1074 839 impendentes
1094 789 1326 827 calamitates
1353 790 1574 842 praedicant‚
1607 803 1699 842 quas
1721 792 1778 830 illi

385 852 552 905 effugere
582 852 691 890 nullo
721 852 839 890 modo
869 853 1030 905 poffint:
1062 863 1106 892 ut
1125 854 1280 899 medici,
1313 868 1535 907 quanquam
1556 856 1779 909 intelligunt

384 918 492 971 saepe,
515 927 645 957 tamen
664 931 863 970 nunquam
885 919 992 971 aegris
1013 919 1163 965 dicunt,
1194 919 1263 958 illo
1283 921 1422 959 morbo
1440 934 1503 959 eos
1523 921 1592 959 effe
1612 924 1778 960 moritu-

384 996 460 1022 ros.
503 984 646 1022 Omnis
665 984 771 1022 enim
790 983 985 1036 praedictio
1005 985 1097 1023 mali
1117 993 1204 1024 tum
1223 986 1419 1038 probatur,
1441 1000 1533 1025 cum
1553 987 1598 1025 ad
1617 988 1778 1040 praedic-

384 1050 532 1088 tionem
552 1049 680 1088 cautio
698 1050 931 1102 adjungitur.
955 1051 1065 1102 Qid
1083 1051 1201 1104 igitur
1219 1062 1284 1090 aut
1303 1052 1460 1098 ostenta,
1477 1062 1541 1091 aut
1560 1066 1695 1092 eorum
1714 1054 1777 1092 in-

383 1125 579 1170 terpretes,
593 1116 653 1154 vel
674 1117 984 1156 Lacedaemonios
999 1118 1111 1163 olim,
1125 1119 1185 1156 vel
1206 1132 1326 1172 nuper
1345 1119 1504 1164 nostros,
1524 1120 1749 1172 adjuverunt
1764 1121 1777 1157 ?

383 1183 484 1234 Qae
503 1184 529 1221 fi
549 1183 652 1236 signa
672 1183 846 1221 Deorum
866 1184 1034 1236 putanda
1053 1184 1153 1229 sunt,
1171 1198 1239 1223 cur
1258 1193 1338 1223 tam
1357 1186 1516 1224 obscura
1534 1185 1718 1226 fuerunt?
1741 1189 1779 1226 Si

381 1250 502 1294 enim,
535 1258 579 1288 ut
608 1249 926 1301 intelilgeremus,
958 1249 1054 1302 quid
1073 1249 1162 1288 effet
1180 1260 1423 1296 eventurum,
1456 1261 1581 1304 aperte
1599 1252 1779 1291 declarari

382 1315 583 1367 oportebat
598 1333 610 1361 ς
642 1324 708 1353 aut
727 1328 776 1354 ne
793 1315 947 1353 occulte
967 1315 1140 1368 quidem,
1163 1316 1189 1354 fi
1208 1330 1251 1355 ea
1267 1316 1353 1354 sciri
1372 1317 1566 1356 nolebant.

437 1381 590 1420 XXVI.
621 1382 710 1432 Jam
740 1395 829 1421 vero
859 1382 1076 1435 conjeetura
1094 1384 1238 1429 omnis,
1265 1383 1305 1421 in
1327 1397 1402 1435 qua
1421 1384 1559 1422 nititur
1578 1384 1776 1431 divinatio,

382 1447 545 1499 ingeniis
565 1445 775 1486 hominum
805 1448 845 1486 in
877 1448 1018 1487 multas
1049 1461 1092 1486 ac
1123 1448 1296 1494 diversas,
1328 1457 1394 1487 aut
1423 1450 1540 1488 etiam
1572 1451 1777 1489 contrarias

383 1521 506 1564 partes
526 1511 620 1565 saepe
647 1513 862 1552 deducitur.
909 1515 966 1552 Ut
996 1515 1102 1553 enim
1133 1515 1172 1553 in
1201 1515 1318 1553 caufis
1344 1515 1596 1568 judicialibus
1627 1517 1698 1555 alia
1727 1517 1779 1555 est

380 1578 600 1628 conjedtura
617 1577 857 1623 accusatoris,
887 1579 959 1617 alia
976 1579 1197 1624 defensoris,
1227 1589 1266 1619 et
1284 1589 1414 1619 tamen
1434 1582 1632 1634 utriusque
1651 1583 1777 1621 credi-

384 1643 498 1688 bilis;
521 1643 570 1680 s1c
591 1643 630 1680 in
650 1644 834 1681 omnibus
854 1645 901 1681 iis
921 1645 1047 1689 rebus,
1070 1658 1154 1696 quae
1173 1646 1390 1697 conjeEtura
1409 1646 1621 1698 investigari
1641 1647 1776 1685 viden-

383 1717 459 1753 tur,
495 1720 632 1761 anceps
653 1709 838 1760 reperitur
856 1710 990 1747 oratio.
1034 1710 1140 1761 Qas
1171 1719 1300 1749 autem
1327 1724 1384 1749 res
1405 1719 1491 1749 tum
1516 1721 1662 1757 natura,
1690 1721 1777 1752 tum

380 1773 485 1812 casus
506 1773 628 1818 affert,
652 1774 950 1826 (nonnunquam
969 1775 1085 1812 etiam
1105 1788 1270 1814 errorem
1290 1785 1390 1814 creat
1415 1776 1641 1829 fimilitudo)
1665 1791 1776 1832 mag-

381 1853 429 1877 na
448 1839 606 1878 stultitia
625 1839 677 1877 est
696 1853 826 1878 earum
846 1853 974 1878 rerum
991 1841 1095 1878 Deos
1116 1839 1238 1879 facere
1257 1840 1465 1886 effe&0res‚
1496 1842 1621 1880 causas
1649 1857 1777 1882 rerum

382 1919 460 1943 non
477 1919 654 1958 quaerere.

435 1973 503 2010 Tu
533 1982 634 2010 vates
656 1971 824 2011 Boeotios
856 1973 978 2011 credis
999 1973 1177 2012 Lebadiae
1208 1974 1338 2012 vidisse
1364 1988 1410 2012 ex
1441 1974 1631 2027 gallorum
1662 1976 1776 2029 galli-

382 2051 588 2077 naceorum
623 2047 750 2083 cantu,
792 2038 990 2077 victoriam
1023 2039 1094 2077 effe
1125 2038 1418 2084 Thebanorum,
1450 2042 1539 2092 quia
1567 2041 1659 2094 galli
1687 2042 1777 2080 vieti

382 2105 486 2143 filere
520 2104 654 2150 solent,
684 2119 818 2143 canere
850 2107 1024 2144 vid‘tores.
1063 2106 1154 2144 Hoc
1188 2107 1308 2158 igitur
1341 2120 1409 2159 per
1432 2106 1591 2159 gallinas
1626 2109 1777 2161 Jupiter

382 2181 493 2209 tantae
513 2171 658 2209 civitati
692 2171 843 2224 fignum
874 2172 1018 2210 dabat?
1050 2174 1112 2210 An
1143 2172 1218 2210 illae
1252 2186 1351 2218 aves,
1382 2173 1449 2211 nifi
1481 2187 1572 2212 cum
1600 2175 1775 2219 vicerint,

381 2250 514 2275 canere
545 2251 622 2276 non
653 2237 805 2276 solent?
836 2239 891 2277 At
924 2247 1010 2276 tum
1036 2239 1234 2284 canebant,
1266 2253 1335 2277 nec
1365 2240 1545 2279 vicerant.
1606 2241 1650 2280 Id
1669 2241 1777 2279 enim

380 2302 448 2348 est,
478 2303 643 2356 inquies,
674 2303 880 2342 ostentum.
931 2304 1125 2357 Magnum
1152 2318 1266 2343 vero:
1298 2305 1401 2357 quafi
1421 2304 1554 2358 pisces,
1585 2320 1663 2345 non
1692 2306 1774 2359 gal-

383 2367 426 2412 li,
455 2370 676 2409 cecinerint.
726 2371 845 2421 Qod
875 2380 1003 2409 autem
1033 2371 1084 2409 est
1104 2381 1271 2425 tempus,
1303 2385 1381 2424 quo
1412 2371 1469 2410 illi
1501 2386 1578 2411 non
1606 2382 1774 2417 cantent,

384 2433 443 2470 vel
476 2437 721 2482 noeturnum,
758 2437 818 2474 vel
849 2437 1060 2475 diurnum?
1106 2438 1225 2492 Qod
1258 2438 1284 2476 fi
1315 2438 1474 2476 vietores
1505 2439 1708 2483 alacritate,
1738 2448 1775 2475 et

384 2498 487 2550 quafi
507 2499 649 2546 laetitia,
673 2502 719 2540 ad
739 2503 954 2541 canendum
975 2503 1214 2548 excitantur,
1246 2504 1373 2556 potuit
1393 2503 1565 2542 accidisse
1585 2504 1656 2541 alia
1677 2517 1775 2555 quo-

384 2576 459 2614 que
490 2563 633 2610 laetitia,
663 2579 738 2617 qua
769 2568 815 2605 ad
845 2577 1003 2607 cantum
1033 2577 1288 2607 moverentur.
1335 2569 1584 2606 Democritus
1616 2567 1773 2618 quidem

1401 2633 1418 2669 Ι
1451 2644 1471 2669 2
