2223 3003
733 263 1011 304 LIBER
1068 263 1432 304 PRIMUS.
1709 277 1782 321 195

378 362 619 404 fortitudinis
638 363 803 417 gloriam
823 363 1050 402 consecutus
1075 362 1128 401 est
1146 362 1290 402 infidiis
1310 372 1348 402 et
1367 361 1528 408 malitia,
1557 362 1711 402 laudem
1731 365 1784 402 cst

379 431 562 484 adeptus:
595 429 694 468 nihil
726 430 833 468 enim
864 428 1068 468 honestum
1098 429 1168 467 effe
1199 429 1335 482 potest,
1366 430 1471 482 quod
1485 429 1634 482 justitia
1661 439 1782 469 vacat.

380 497 611 536 Praeclarum
642 496 761 549 igitur
792 495 961 534 Platonis
996 495 1093 533 illud
1110 513 1122 539 ς
1154 495 1249 533 Non
1269 495 1409 540 solum,
1441 496 1583 549 inquit,
1615 495 1783 541 scientia,

381 577 466 616 quae
497 564 550 602 est
582 571 728 601 remota
747 575 768 599 a
790 561 952 614 justitia,
983 560 1170 598 calliditas
1191 562 1335 613 potius,
1368 575 1486 613 quam
1507 562 1702 615 sapientia,
1732 562 1784 602 est

379 630 633 683 appellandam
665 641 800 666 verum
819 627 937 665 etiam
967 627 1119 664 animus
1151 635 1302 678 paratus
1334 627 1380 664 ad
1400 628 1632 679 periculum,
1665 629 1692 667 fi
1722 628 1787 666 sua

380 697 603 749 cupiditate,
634 707 712 732 non
744 693 911 732 utilitate
941 693 1160 738 communi,
1191 692 1421 746 impellitur,
1464 694 1628 732 audaciae
1658 696 1785 747 potius

380 775 525 802 nomen
544 760 696 807 habeat,
717 774 836 814 quam
856 759 1112 799 fortitudinis.
1155 761 1291 812 Itaque
1310 760 1409 799 viros
1430 759 1546 799 fortes
1567 770 1605 799 et
1626 775 1784 814 magna-

379 828 523 873 nimos,
555 827 707 866 eosdem
730 827 850 865 bonos
880 835 919 865 et
939 825 1131 879 fimplices
1148 844 1160 871 3
1193 826 1361 865 veritatis
1381 826 1526 865 amicos
1547 827 1786 879 minimeque

379 893 532 932 fallaces
552 892 622 931 effe
642 892 824 931 volumus
844 907 852 931 :
885 906 971 945 quae
991 892 1080 930 sunt
1097 906 1144 931 ex
1165 891 1293 930 media
1312 892 1424 931 laude
1438 892 1608 946 justitiae.

435 959 508 998 Sed
527 959 627 997 illud
646 959 823 997 odiosum
847 959 913 1004 est,
946 958 1052 1012 quod
1082 959 1123 996 in
1150 957 1222 997 hac
1254 958 1418 997 elatione
1452 967 1491 997 et
1519 957 1787 1012 magnitudine

377 1026 514 1072 animi,
535 1025 723 1065 facillime
743 1026 950 1079 pertinacia
968 1035 1006 1064 et
1032 1026 1153 1064 nimia
1172 1025 1360 1079 cupiditas
1387 1025 1624 1080 principatus
1658 1024 1786 1064 innas-

379 1093 495 1130 citur.
556 1093 614 1130 Ut
643 1092 751 1130 enim
781 1091 882 1144 apud
905 1091 1106 1130 Platonem
1138 1091 1204 1137 est,
1234 1104 1395 1130 omnem
1426 1104 1577 1130 morem
1603 1091 1786 1130 Lacedae-

378 1159 604 1197 moniorum
624 1158 910 1197 inflammatum
929 1157 1001 1196 effe
1020 1158 1230 1211 cupiditate
1250 1158 1454 1203 vincendi;
1478 1158 1542 1204 fic,
1562 1167 1607 1197 ut
1626 1157 1788 1211 quisque

379 1225 501 1262 animi
522 1223 788 1276 magnitudine
819 1224 990 1262 maxime
1020 1224 1188 1270 excellit,
1221 1223 1275 1262 ita
1304 1224 1475 1263 maxime
1505 1224 1590 1263 vult
1609 1225 1787 1276 princeps

377 1293 574 1335 omnium,
593 1289 655 1329 vel
674 1290 804 1343 potius
826 1289 941 1335 solus,
962 1290 1046 1331 effe.
1070 1290 1244 1329 Difficile
1263 1299 1393 1329 autem
1417 1288 1484 1335 est,
1505 1302 1598 1328 cum
1616 1288 1788 1342 praestare

379 1358 563 1397 omnibus
584 1357 841 1410 concupieris,
860 1357 1002 1396 servare
1017 1358 1252 1410 aequitatem,
1267 1370 1353 1410 quae
1373 1356 1426 1394 est
1440 1356 1598 1408 justitiae
1619 1355 1789 1394 maxime

380 1425 546 1478 propria.
593 1425 656 1463 Ex
675 1438 754 1477 quo
784 1424 843 1470 fit,
875 1433 918 1463 ut
949 1438 1073 1477 neque
1103 1424 1378 1479 disceptatione
1408 1423 1514 1462 vinci
1533 1423 1582 1469 se,
1614 1436 1685 1462 nec
1707 1422 1791 1461 ullo

380 1491 542 1544 publico
561 1505 604 1529 ac
624 1491 802 1543 legitimo
815 1493 904 1544 jure
923 1493 1117 1545 patiantur
1128 1511 1141 1538 ;
1162 1492 1410 1545 existuntque
1429 1491 1471 1530 in
1491 1490 1686 1545 republica
1704 1490 1789 1544 ple-

382 1569 550 1610 rumque
569 1557 781 1609 largitores,
799 1567 838 1596 et
857 1557 1015 1604 faffiofi,
1033 1568 1076 1597 ut
1095 1573 1186 1613 opes
1206 1573 1325 1613 quarn
1337 1559 1531 1597 maximas
1549 1558 1789 1611 consequan-

381 1633 459 1669 tur,
489 1632 527 1661 et
547 1623 620 1661 smt
639 1623 676 1660 vi
710 1624 839 1676 potius
860 1623 1083 1677 superiores,
1116 1639 1235 1677 quam
1259 1625 1408 1676 justitia
1438 1638 1560 1676 pares.
1606 1624 1679 1662 Sed
1710 1638 1790 1677 quo

379 1690 596 1735 difficilius,
625 1688 702 1728 hoc
721 1690 951 1743 praeclarius.
995 1690 1168 1729 Nullum
1188 1691 1295 1729 enim
1316 1698 1470 1744 tempus
1491 1689 1557 1735 est,
1585 1690 1690 1744 quod
1704 1690 1790 1744 jus-

380 1756 468 1794 titia
487 1769 618 1794 vacare
636 1757 786 1795 debeat.

437 1824 572 1862 Fortes
607 1823 725 1875 igitur
756 1832 794 1861 et
824 1823 1064 1876 magnanimi
1085 1823 1172 1862 sunt
1204 1821 1386 1868 habendi,
1417 1836 1496 1862 non
1526 1823 1596 1875 qui
1625 1821 1788 1869 faciunt,

381 1888 443 1927 sed
462 1890 530 1942 qui
550 1889 787 1942 propulsant,
809 1890 1006 1941 injuriam.
1039 1890 1140 1927 Vera
1158 1899 1289 1928 autem
1308 1897 1347 1927 et
1366 1888 1511 1941 sapiens
1537 1889 1659 1927 animi
1678 1902 1790 1942 mag-

381 1955 520 1993 nitudo
540 1954 746 1992 honestum
767 1955 879 2000 illud,
913 1955 1019 2008 quod
1040 1956 1210 1995 maxime
1230 1964 1364 1993 natura
1389 1954 1574 2008 sequitur,
1611 1956 1651 1994 in
1682 1954 1791 1995 factis

380 2021 563 2075 politum,
596 2027 673 2060 'non
694 2021 734 2059 in
762 2022 897 2075 gloria,
926 2022 1104 2075 judicat3
1136 2022 1434 2076 principemque
1465 2022 1502 2061 se
1534 2021 1606 2060 effe
1625 2023 1790 2069 mavult,

381 2101 500 2139 quam
521 2088 655 2126 videri.
688 2089 864 2134 Etenim,
888 2089 957 2141 qui
977 2102 1024 2127 ex
1044 2103 1168 2127 errore
1187 2089 1377 2142 imperitae
1397 2088 1662 2127 multitudinis
1692 2102 1791 2142 pen-

379 2155 459 2198 det,
492 2152 558 2192 hic
588 2154 629 2192 in
651 2155 802 2208 magnis
832 2156 922 2194 viris
943 2169 1019 2194 non
1040 2155 1093 2194 est
1112 2155 1325 2194 habendus.
1368 2154 1572 2193 Facillime
1593 2163 1723 2193 autem
1744 2156 1791 2194 ad

382 2233 440 2258 res
460 2220 614 2272 injustas
636 2221 865 2273 impellitur,
896 2231 940 2259 ut
970 2221 1133 2273 quisque
1152 2221 1205 2259 est
1225 2220 1405 2259 altiffimo
1425 2221 1570 2267 animo,
1602 2230 1641 2259 et
1660 2221 1793 2274 gloria:

381 2287 540 2340 cupido.
589 2287 672 2338 Qi
691 2287 798 2325 locus
819 2287 871 2325 est
903 2286 986 2325 sane
1016 2287 1203 2332 lubricus,
1235 2287 1339 2339 quod
1370 2287 1436 2326 vix
1466 2287 1674 2333 invenitur,
1706 2288 1789 2340 qui,

382 2352 576 2392 laboribus
596 2353 792 2407 susceptis,
824 2353 1081 2407 periculisque
1101 2353 1227 2399 aditis,
1259 2365 1337 2393 non
1365 2353 1468 2407 quafi
1489 2354 1708 2393 mercedem
1729 2368 1790 2393 re-

385 2431 474 2457 rum
494 2420 683 2472 gestarum
704 2420 886 2459 desideret
907 2420 1083 2474 gloriam.

430 2485 523 2524 XX.
547 2487 725 2526 Omnino
745 2487 854 2526 fortis
876 2489 1042 2533 animus,
1074 2496 1111 2526 et
1131 2500 1293 2541 magnus
1313 2487 1461 2527 duabus
1482 2488 1594 2527 rebus
1621 2488 1791 2526 maxime

385 2551 579 2596 cernitur3
601 2567 765 2606 quarum
786 2568 861 2594 una
881 2555 920 2593 in
942 2568 1068 2594 rerum
1090 2564 1333 2595 externarum
1354 2555 1600 2608 despicientia
1618 2555 1788 2609 ponitur,

1366 2621 1488 2661 Bb2
