<?xml version="1.0" encoding="UTF-8"?>
<!DOCTYPE html PUBLIC "-//W3C//DTD XHTML 1.0 Transitional//EN"
    "http://www.w3.org/TR/xhtml1/DTD/xhtml1-transitional.dtd">
<html xmlns="http://www.w3.org/1999/xhtml" xml:lang="en" lang="en">
 <head>
  <title>
</title>
<meta http-equiv="Content-Type" content="text/html;charset=utf-8" />
  <meta name='ocr-system' content='tesseract 3.04.00' />
  <meta name='ocr-capabilities' content='ocr_page ocr_carea ocr_par ocr_line ocrx_word'/>
</head>
<body>
  <div class='ocr_page' id='page_1' title='image "./operacumindicibu03ciceuoft_0158.png"; bbox 0 0 2223 3003; ppageno 0'>
   <div class='ocr_carea' id='block_1_1' title="bbox 435 255 1421 314">
    <p class='ocr_par' dir='ltr' id='par_1_1' title="bbox 435 255 1421 314">
     <span class='ocr_line' id='line_1_1' title="bbox 435 255 1421 314; baseline -0.001 -19"><span class='ocrx_word' id='word_1_1' title='bbox 435 270 510 314; x_wconf 80' lang='lat'><strong>¹52</strong></span> <span class='ocrx_word' id='word_1_2' title='bbox 841 257 945 294; x_wconf 84' lang='lat' dir='ltr'><strong>DE</strong></span> <span class='ocrx_word' id='word_1_3' title='bbox 1018 255 1421 295; x_wconf 83' lang='lat' dir='ltr'>LEGIBUS</span> 
     </span>
    </p>
   </div>
   <div class='ocr_carea' id='block_1_2' title="bbox 423 352 1836 2666">
    <p class='ocr_par' dir='ltr' id='par_1_2' title="bbox 428 352 1836 1136">
     <span class='ocr_line' id='line_1_2' title="bbox 431 352 1827 406; baseline 0.001 -11"><span class='ocrx_word' id='word_1_4' title='bbox 431 365 459 382; x_wconf 86' lang='lat'><strong>“</strong></span> <span class='ocrx_word' id='word_1_5' title='bbox 480 357 575 395; x_wconf 84' lang='lat' dir='ltr'><strong>ebur</strong></span> <span class='ocrx_word' id='word_1_6' title='bbox 587 369 634 394; x_wconf 85' lang='lat' dir='ltr'><strong>ex</strong></span> <span class='ocrx_word' id='word_1_7' title='bbox 650 354 753 393; x_wconf 85' lang='lat' dir='ltr'><strong>inani</strong></span> <span class='ocrx_word' id='word_1_8' title='bbox 767 366 924 406; x_wconf 88' lang='lat' dir='ltr'><strong>corpore</strong></span> <span class='ocrx_word' id='word_1_9' title='bbox 935 352 1278 398; x_wconf 50' lang='lat' dir='ltr'><strong>extradumssaud</strong></span> <span class='ocrx_word' id='word_1_10' title='bbox 1294 353 1379 392; x_wconf 84' lang='lat' dir='ltr'><strong>satis</strong></span> <span class='ocrx_word' id='word_1_11' title='bbox 1399 352 1546 392; x_wconf 84' lang='lat' dir='ltr'><strong>castum</strong></span> <span class='ocrx_word' id='word_1_12' title='bbox 1565 353 1713 394; x_wconf 88' lang='lat' dir='ltr'><strong>donum</strong></span> <span class='ocrx_word' id='word_1_13' title='bbox 1725 356 1827 397; x_wconf 85' lang='lat' dir='ltr'><strong>Deo.</strong></span> 
     </span>
     <span class='ocr_line' id='line_1_3' title="bbox 432 418 1832 475; baseline 0.001 -14"><span class='ocrx_word' id='word_1_14' title='bbox 432 432 460 448; x_wconf 89' lang='lat'><strong>“</strong></span> <span class='ocrx_word' id='word_1_15' title='bbox 480 426 569 475; x_wconf 89' lang='lat' dir='ltr'><strong>Jam</strong></span> <span class='ocrx_word' id='word_1_16' title='bbox 589 435 636 460; x_wconf 85' lang='lat' dir='ltr'><strong>aes</strong></span> <span class='ocrx_word' id='word_1_17' title='bbox 657 431 770 473; x_wconf 88' lang='lat' dir='ltr'><strong>atque</strong></span> <span class='ocrx_word' id='word_1_18' title='bbox 790 418 950 465; x_wconf 91' lang='lat' dir='ltr'><strong>ferrum,</strong></span> <span class='ocrx_word' id='word_1_19' title='bbox 971 419 1090 458; x_wconf 84' lang='lat' dir='ltr'><strong>duelli</strong></span> <span class='ocrx_word' id='word_1_20' title='bbox 1109 419 1376 466; x_wconf 85' lang='lat' dir='ltr'><strong>instrumenta,</strong></span> <span class='ocrx_word' id='word_1_21' title='bbox 1400 434 1477 460; x_wconf 91' lang='lat' dir='ltr'><strong>non</strong></span> <span class='ocrx_word' id='word_1_22' title='bbox 1497 419 1592 460; x_wconf 83' lang='lat' dir='ltr'><strong>fani.</strong></span> <span class='ocrx_word' id='word_1_23' title='bbox 1633 421 1832 474; x_wconf 87' lang='lat' dir='ltr'>Ligneum</span> 
     </span>
     <span class='ocr_line' id='line_1_4' title="bbox 431 485 1831 540; baseline -0.001 -13"><span class='ocrx_word' id='word_1_24' title='bbox 431 498 458 514; x_wconf 89' lang='lat'><strong>“</strong></span> <span class='ocrx_word' id='word_1_25' title='bbox 479 498 607 527; x_wconf 88' lang='lat' dir='ltr'><strong>autem</strong></span> <span class='ocrx_word' id='word_1_26' title='bbox 628 487 733 539; x_wconf 91' lang='lat' dir='ltr'><strong>quod</strong></span> <span class='ocrx_word' id='word_1_27' title='bbox 754 486 822 538; x_wconf 92' lang='lat' dir='ltr'><strong>qui</strong></span> <span class='ocrx_word' id='word_1_28' title='bbox 842 485 1020 531; x_wconf 89' lang='lat' dir='ltr'><strong>voluerit,</strong></span> <span class='ocrx_word' id='word_1_29' title='bbox 1042 500 1120 526; x_wconf 90' lang='lat' dir='ltr'><strong>uno</strong></span> <span class='ocrx_word' id='word_1_30' title='bbox 1139 500 1160 524; x_wconf 89' lang='lat' dir='ltr'><strong>e</strong></span> <span class='ocrx_word' id='word_1_31' title='bbox 1179 487 1288 540; x_wconf 87' lang='lat' dir='ltr'><strong>ligno</strong></span> <span class='ocrx_word' id='word_1_32' title='bbox 1314 487 1502 532; x_wconf 89' lang='lat' dir='ltr'><strong>dedicato,</strong></span> <span class='ocrx_word' id='word_1_33' title='bbox 1531 487 1706 540; x_wconf 88' lang='lat' dir='ltr'><strong>itemque</strong></span> <span class='ocrx_word' id='word_1_34' title='bbox 1730 487 1831 540; x_wconf 86' lang='lat' dir='ltr'><strong>lapi-</strong></span> 
     </span>
     <span class='ocr_line' id='line_1_5' title="bbox 431 552 1834 607; baseline 0 -16"><span class='ocrx_word' id='word_1_35' title='bbox 431 562 458 578; x_wconf 88' lang='lat'><strong><em>“</em></strong></span> <span class='ocrx_word' id='word_1_36' title='bbox 479 554 609 597; x_wconf 90' lang='lat' dir='ltr'><strong>deum,</strong></span> <span class='ocrx_word' id='word_1_37' title='bbox 632 553 673 591; x_wconf 91' lang='lat' dir='ltr'><strong>in</strong></span> <span class='ocrx_word' id='word_1_38' title='bbox 702 552 872 590; x_wconf 88' lang='lat' dir='ltr'><strong>delubris</strong></span> <span class='ocrx_word' id='word_1_39' title='bbox 894 553 1188 591; x_wconf 88' lang='lat' dir='ltr'><strong>communibus.</strong></span> <span class='ocrx_word' id='word_1_40' title='bbox 1229 553 1386 592; x_wconf 86' lang='lat' dir='ltr'><strong>Textile</strong></span> <span class='ocrx_word' id='word_1_41' title='bbox 1415 567 1462 592; x_wconf 89' lang='lat' dir='ltr'><strong>ne</strong></span> <span class='ocrx_word' id='word_1_42' title='bbox 1481 553 1687 607; x_wconf 87' lang='lat' dir='ltr'><strong>operofius,</strong></span> <span class='ocrx_word' id='word_1_43' title='bbox 1713 567 1834 606; x_wconf 89' lang='lat' dir='ltr'><strong>quam</strong></span> 
     </span>
     <span class='ocr_line' id='line_1_6' title="bbox 431 618 1832 672; baseline 0 -14"><span class='ocrx_word' id='word_1_44' title='bbox 431 628 456 643; x_wconf 82' lang='lat'><strong>‘⁴</strong></span> <span class='ocrx_word' id='word_1_45' title='bbox 480 619 654 658; x_wconf 85' lang='lat' dir='ltr'><strong>mulieris</strong></span> <span class='ocrx_word' id='word_1_46' title='bbox 674 632 770 672; x_wconf 89' lang='lat' dir='ltr'><strong>opus</strong></span> <span class='ocrx_word' id='word_1_47' title='bbox 790 618 1045 657; x_wconf 89' lang='lat' dir='ltr'><strong>menstruum.</strong></span> <span class='ocrx_word' id='word_1_48' title='bbox 1082 619 1201 658; x_wconf 87' lang='lat' dir='ltr'><strong>Color</strong></span> <span class='ocrx_word' id='word_1_49' title='bbox 1219 628 1350 658; x_wconf 85' lang='lat' dir='ltr'><strong>autem</strong></span> <span class='ocrx_word' id='word_1_50' title='bbox 1367 619 1476 659; x_wconf 87' lang='lat' dir='ltr'><strong>albus</strong></span> <span class='ocrx_word' id='word_1_51' title='bbox 1494 620 1685 672; x_wconf 87' lang='lat' dir='ltr'><strong>praecipue</strong></span> <span class='ocrx_word' id='word_1_52' title='bbox 1713 619 1832 658; x_wconf 90' lang='lat' dir='ltr'><strong>deco-</strong></span> 
     </span>
     <span class='ocr_line' id='line_1_7' title="bbox 429 685 1836 730; baseline 0.001 -6"><span class='ocrx_word' id='word_1_53' title='bbox 429 694 457 710; x_wconf 89' lang='lat'><strong>“</strong></span> <span class='ocrx_word' id='word_1_54' title='bbox 479 699 541 724; x_wconf 89' lang='lat' dir='ltr'><strong>rus</strong></span> <span class='ocrx_word' id='word_1_55' title='bbox 563 686 650 724; x_wconf 88' lang='lat' dir='ltr'><strong>Deo</strong></span> <span class='ocrx_word' id='word_1_56' title='bbox 668 685 721 724; x_wconf 88' lang='lat' dir='ltr'><strong>est</strong></span> <span class='ocrx_word' id='word_1_57' title='bbox 740 694 825 723; x_wconf 87' lang='lat' dir='ltr'><strong>tum</strong></span> <span class='ocrx_word' id='word_1_58' title='bbox 843 685 883 723; x_wconf 90' lang='lat' dir='ltr'><strong>in</strong></span> <span class='ocrx_word' id='word_1_59' title='bbox 904 686 1064 730; x_wconf 84' lang='lat' dir='ltr'><strong>caeteris,</strong></span> <span class='ocrx_word' id='word_1_60' title='bbox 1082 695 1168 724; x_wconf 92' lang='lat' dir='ltr'><strong>tum</strong></span> <span class='ocrx_word' id='word_1_61' title='bbox 1184 686 1353 725; x_wconf 88' lang='lat' dir='ltr'>maxime</span> <span class='ocrx_word' id='word_1_62' title='bbox 1369 687 1409 724; x_wconf 89' lang='lat' dir='ltr'><strong>in</strong></span> <span class='ocrx_word' id='word_1_63' title='bbox 1430 686 1569 725; x_wconf 86' lang='lat' dir='ltr'><strong>textili.</strong></span> <span class='ocrx_word' id='word_1_64' title='bbox 1588 686 1731 725; x_wconf 64' lang='lat' dir='ltr'><strong>Tincta</strong></span> <span class='ocrx_word' id='word_1_65' title='bbox 1745 699 1836 725; x_wconf 91' lang='lat' dir='ltr'><strong>vero</strong></span> 
     </span>
     <span class='ocr_line' id='line_1_8' title="bbox 431 751 1834 804; baseline -0.001 -13"><span class='ocrx_word' id='word_1_66' title='bbox 431 760 459 777; x_wconf 90' lang='lat'><strong>“</strong></span> <span class='ocrx_word' id='word_1_67' title='bbox 479 753 614 797; x_wconf 86' lang='lat' dir='ltr'><strong>abfint,</strong></span> <span class='ocrx_word' id='word_1_68' title='bbox 629 751 697 790; x_wconf 79' lang='lat' dir='ltr'><strong>nisi</strong></span> <span class='ocrx_word' id='word_1_69' title='bbox 710 764 730 789; x_wconf 89' lang='lat' dir='ltr'>a</span> <span class='ocrx_word' id='word_1_70' title='bbox 747 751 896 790; x_wconf 86' lang='lat' dir='ltr'><strong>bellicis</strong></span> <span class='ocrx_word' id='word_1_71' title='bbox 911 751 1139 804; x_wconf 88' lang='lat' dir='ltr'><strong>infignibus.</strong></span> <span class='ocrx_word' id='word_1_72' title='bbox 1159 752 1406 791; x_wconf 84' lang='lat' dir='ltr'><strong>Diviniffima</strong></span> <span class='ocrx_word' id='word_1_73' title='bbox 1421 762 1551 791; x_wconf 91' lang='lat' dir='ltr'><strong>autem</strong></span> <span class='ocrx_word' id='word_1_74' title='bbox 1567 752 1679 797; x_wconf 88' lang='lat' dir='ltr'><strong>dona,</strong></span> <span class='ocrx_word' id='word_1_75' title='bbox 1697 765 1781 790; x_wconf 86' lang='lat' dir='ltr'><strong>aves</strong></span> <span class='ocrx_word' id='word_1_76' title='bbox 1794 761 1834 790; x_wconf 91' lang='lat' dir='ltr'><strong>et</strong></span> 
     </span>
     <span class='ocr_line' id='line_1_9' title="bbox 431 817 1832 873; baseline -0.001 -15"><span class='ocrx_word' id='word_1_77' title='bbox 431 827 458 843; x_wconf 90' lang='lat'><strong>“</strong></span> <span class='ocrx_word' id='word_1_78' title='bbox 479 818 614 858; x_wconf 85' lang='lat' dir='ltr'><strong>formae</strong></span> <span class='ocrx_word' id='word_1_79' title='bbox 635 819 681 857; x_wconf 89' lang='lat' dir='ltr'><strong>ab</strong></span> <span class='ocrx_word' id='word_1_80' title='bbox 698 831 777 856; x_wconf 91' lang='lat' dir='ltr'><strong>uno</strong></span> <span class='ocrx_word' id='word_1_81' title='bbox 797 819 940 871; x_wconf 55' lang='lat' dir='ltr'><strong>pictore</strong></span> <span class='ocrx_word' id='word_1_82' title='bbox 959 831 1038 856; x_wconf 91' lang='lat' dir='ltr'><strong>uno</strong></span> <span class='ocrx_word' id='word_1_83' title='bbox 1057 818 1238 856; x_wconf 79' lang='lat' dir='ltr'><strong>absoluta:</strong></span> <span class='ocrx_word' id='word_1_84' title='bbox 1253 818 1314 856; x_wconf 93' lang='lat' dir='ltr'><strong>die</strong></span> <span class='ocrx_word' id='word_1_85' title='bbox 1332 833 1341 857; x_wconf 75' lang='grc' dir='ltr'><strong><em>ι</em></strong></span> <span class='ocrx_word' id='word_1_86' title='bbox 1368 819 1543 873; x_wconf 88' lang='lat' dir='ltr'><strong>itemque</strong></span> <span class='ocrx_word' id='word_1_87' title='bbox 1562 828 1696 858; x_wconf 82' lang='lat' dir='ltr'><strong>caetera</strong></span> <span class='ocrx_word' id='word_1_88' title='bbox 1714 817 1832 869; x_wconf 90' lang='lat' dir='ltr'><strong>hujus</strong></span> 
     </span>
     <span class='ocr_line' id='line_1_10' title="bbox 431 883 1833 939; baseline -0.001 -15"><span class='ocrx_word' id='word_1_89' title='bbox 431 893 458 910; x_wconf 83' lang='lat'><strong>“</strong></span> <span class='ocrx_word' id='word_1_90' title='bbox 480 885 649 938; x_wconf 84' lang='lat' dir='ltr'><strong>exempli</strong></span> <span class='ocrx_word' id='word_1_91' title='bbox 664 884 763 923; x_wconf 90' lang='lat' dir='ltr'><strong>dona</strong></span> <span class='ocrx_word' id='word_1_92' title='bbox 781 884 933 923; x_wconf 88' lang='lat' dir='ltr'><strong>sunto.”</strong></span> <span class='ocrx_word' id='word_1_93' title='bbox 954 885 1054 922; x_wconf 85' lang='lat' dir='ltr'><strong>Haec</strong></span> <span class='ocrx_word' id='word_1_94' title='bbox 1073 883 1131 922; x_wconf 93' lang='lat' dir='ltr'><strong>illi</strong></span> <span class='ocrx_word' id='word_1_95' title='bbox 1145 884 1322 937; x_wconf 84' lang='lat' dir='ltr'><strong>placent:</strong></span> <span class='ocrx_word' id='word_1_96' title='bbox 1343 884 1406 923; x_wconf 87' lang='lat' dir='ltr'><strong>sed</strong></span> <span class='ocrx_word' id='word_1_97' title='bbox 1421 899 1493 939; x_wconf 89' lang='lat' dir='ltr'><strong>ego</strong></span> <span class='ocrx_word' id='word_1_98' title='bbox 1512 895 1646 924; x_wconf 85' lang='lat' dir='ltr'><strong>caetera</strong></span> <span class='ocrx_word' id='word_1_99' title='bbox 1662 898 1739 924; x_wconf 88' lang='lat' dir='ltr'><strong>non</strong></span> <span class='ocrx_word' id='word_1_100' title='bbox 1753 894 1833 922; x_wconf 88' lang='lat' dir='ltr'><strong>tam</strong></span> 
     </span>
     <span class='ocr_line' id='line_1_11' title="bbox 431 948 1833 1004; baseline 0.001 -15"><span class='ocrx_word' id='word_1_101' title='bbox 431 959 458 975; x_wconf 75' lang='lat'><strong>‘¹</strong></span> <span class='ocrx_word' id='word_1_102' title='bbox 481 951 644 989; x_wconf 66' lang='lat' dir='ltr'><strong>restricte</strong></span> <span class='ocrx_word' id='word_1_103' title='bbox 664 949 851 1003; x_wconf 84' lang='lat' dir='ltr'><strong>praefinio,</strong></span> <span class='ocrx_word' id='word_1_104' title='bbox 871 950 931 988; x_wconf 93' lang='lat' dir='ltr'><strong>vel</strong></span> <span class='ocrx_word' id='word_1_105' title='bbox 957 948 1167 989; x_wconf 90' lang='lat' dir='ltr'><strong>hominum</strong></span> <span class='ocrx_word' id='word_1_106' title='bbox 1185 950 1307 996; x_wconf 89' lang='lat' dir='ltr'><strong>vitiis,</strong></span> <span class='ocrx_word' id='word_1_107' title='bbox 1327 950 1388 989; x_wconf 92' lang='lat' dir='ltr'><strong>vel</strong></span> <span class='ocrx_word' id='word_1_108' title='bbox 1408 950 1582 990; x_wconf 77' lang='lat' dir='ltr'><strong>subsidiis</strong></span> <span class='ocrx_word' id='word_1_109' title='bbox 1609 961 1833 1004; x_wconf 88' lang='lat' dir='ltr'><strong>temporum</strong></span> 
     </span>
     <span class='ocr_line' id='line_1_12' title="bbox 428 1015 1832 1070; baseline 0.001 -15"><span class='ocrx_word' id='word_1_110' title='bbox 428 1018 566 1056; x_wconf 47' lang='lat' dir='ltr'><strong>vietus.</strong></span> <span class='ocrx_word' id='word_1_111' title='bbox 584 1018 714 1055; x_wconf 84' lang='lat' dir='ltr'><strong>Terrae</strong></span> <span class='ocrx_word' id='word_1_112' title='bbox 733 1016 887 1054; x_wconf 89' lang='lat' dir='ltr'><strong>cultum</strong></span> <span class='ocrx_word' id='word_1_113' title='bbox 903 1015 1117 1069; x_wconf 87' lang='lat' dir='ltr'><strong>segniorem</strong></span> <span class='ocrx_word' id='word_1_114' title='bbox 1132 1016 1297 1070; x_wconf 88' lang='lat' dir='ltr'><strong>suspicor</strong></span> <span class='ocrx_word' id='word_1_115' title='bbox 1311 1015 1408 1063; x_wconf 87' lang='lat' dir='ltr'><strong>fore,</strong></span> <span class='ocrx_word' id='word_1_116' title='bbox 1423 1017 1450 1056; x_wconf 85' lang='lat' dir='ltr'>fi</span> <span class='ocrx_word' id='word_1_117' title='bbox 1470 1017 1516 1056; x_wconf 88' lang='lat' dir='ltr'><strong>ad</strong></span> <span class='ocrx_word' id='word_1_118' title='bbox 1531 1031 1618 1056; x_wconf 89' lang='lat' dir='ltr'><strong>eam</strong></span> <span class='ocrx_word' id='word_1_119' title='bbox 1632 1017 1832 1062; x_wconf 89' lang='lat' dir='ltr'><strong>tuendam,</strong></span> 
     </span>
     <span class='ocr_line' id='line_1_13' title="bbox 428 1082 1573 1136; baseline 0 -14"><span class='ocrx_word' id='word_1_120' title='bbox 428 1084 606 1136; x_wconf 87' lang='lat' dir='ltr'><strong>ferroque</strong></span> <span class='ocrx_word' id='word_1_121' title='bbox 625 1082 890 1136; x_wconf 86' lang='lat' dir='ltr'><strong>subigendam,</strong></span> <span class='ocrx_word' id='word_1_122' title='bbox 909 1082 1184 1136; x_wconf 88' lang='lat' dir='ltr'><strong>superstitionis</strong></span> <span class='ocrx_word' id='word_1_123' title='bbox 1203 1082 1352 1136; x_wconf 82' lang='lat' dir='ltr'><strong>aliquid</strong></span> <span class='ocrx_word' id='word_1_124' title='bbox 1367 1082 1573 1122; x_wconf 83' lang='lat' dir='ltr'><strong>accefferit.</strong></span> 
     </span>
    </p>

    <p class='ocr_par' dir='ltr' id='par_1_3' title="bbox 423 1148 1836 1932">
     <span class='ocr_line' id='line_1_14' title="bbox 469 1148 1835 1203; baseline -0.001 -14"><span class='ocrx_word' id='word_1_125' title='bbox 469 1152 700 1189; x_wconf 77' lang='lat' dir='ltr'><strong>ATTlcus.</strong></span> <span class='ocrx_word' id='word_1_126' title='bbox 722 1149 863 1188; x_wconf 87' lang='lat' dir='ltr'><strong>Habeo</strong></span> <span class='ocrx_word' id='word_1_127' title='bbox 877 1149 957 1188; x_wconf 91' lang='lat' dir='ltr'><strong>ista.</strong></span> <span class='ocrx_word' id='word_1_128' title='bbox 981 1149 1103 1188; x_wconf 90' lang='lat' dir='ltr'><strong>Nunc</strong></span> <span class='ocrx_word' id='word_1_129' title='bbox 1115 1149 1162 1187; x_wconf 91' lang='lat' dir='ltr'><strong>de</strong></span> <span class='ocrx_word' id='word_1_130' title='bbox 1180 1148 1292 1188; x_wconf 86' lang='lat' dir='ltr'><strong>sacris</strong></span> <span class='ocrx_word' id='word_1_131' title='bbox 1309 1150 1519 1203; x_wconf 88' lang='lat' dir='ltr'><strong>perpetuis,</strong></span> <span class='ocrx_word' id='word_1_132' title='bbox 1535 1158 1574 1188; x_wconf 89' lang='lat' dir='ltr'><strong>et</strong></span> <span class='ocrx_word' id='word_1_133' title='bbox 1587 1149 1635 1188; x_wconf 92' lang='lat' dir='ltr'><strong>de</strong></span> <span class='ocrx_word' id='word_1_134' title='bbox 1649 1149 1835 1188; x_wconf 84' lang='lat' dir='ltr'><strong>Manium</strong></span> 
     </span>
     <span class='ocr_line' id='line_1_15' title="bbox 423 1215 1836 1269; baseline -0.001 -14"><span class='ocrx_word' id='word_1_135' title='bbox 423 1218 511 1269; x_wconf 84' lang='lat' dir='ltr'><strong>jure</strong></span> <span class='ocrx_word' id='word_1_136' title='bbox 530 1217 654 1255; x_wconf 88' lang='lat' dir='ltr'><strong>restat.</strong></span> <span class='ocrx_word' id='word_1_137' title='bbox 686 1217 903 1255; x_wconf 78' lang='lat' dir='ltr'><strong>MARCUS.</strong></span> <span class='ocrx_word' id='word_1_138' title='bbox 925 1217 964 1254; x_wconf 95' lang='grc' dir='ltr'>Ο</span> <span class='ocrx_word' id='word_1_139' title='bbox 982 1216 1122 1254; x_wconf 83' lang='lat' dir='ltr'><strong>miram</strong></span> <span class='ocrx_word' id='word_1_140' title='bbox 1137 1217 1384 1261; x_wconf 88' lang='lat' dir='ltr'><strong>memoriam,</strong></span> <span class='ocrx_word' id='word_1_141' title='bbox 1407 1216 1617 1268; x_wconf 90' lang='lat' dir='ltr'><strong>Pomponi,</strong></span> <span class='ocrx_word' id='word_1_142' title='bbox 1634 1215 1765 1255; x_wconf 90' lang='lat' dir='ltr'><strong>tuam!</strong></span> <span class='ocrx_word' id='word_1_143' title='bbox 1797 1224 1836 1254; x_wconf 90' lang='lat' dir='ltr'><strong>at</strong></span> 
     </span>
     <span class='ocr_line' id='line_1_16' title="bbox 428 1280 1834 1334; baseline -0.001 -12"><span class='ocrx_word' id='word_1_144' title='bbox 428 1282 530 1322; x_wconf 88' lang='lat' dir='ltr'><strong>mihi</strong></span> <span class='ocrx_word' id='word_1_145' title='bbox 550 1282 617 1322; x_wconf 89' lang='lat' dir='ltr'><strong>ista</strong></span> <span class='ocrx_word' id='word_1_146' title='bbox 636 1281 868 1321; x_wconf 83' lang='lat' dir='ltr'><strong>exciderant.</strong></span> <span class='ocrx_word' id='word_1_147' title='bbox 899 1282 971 1320; x_wconf 80' lang='lat' dir='ltr'><strong>AT</strong></span> <span class='ocrx_word' id='word_1_148' title='bbox 981 1293 1127 1320; x_wconf 83' lang='lat' dir='ltr'><strong>T1cus.</strong></span> <span class='ocrx_word' id='word_1_149' title='bbox 1150 1281 1210 1319; x_wconf 89' lang='lat' dir='ltr'><strong>Ita</strong></span> <span class='ocrx_word' id='word_1_150' title='bbox 1223 1281 1337 1320; x_wconf 91' lang='lat' dir='ltr'><strong>credo</strong></span> <span class='ocrx_word' id='word_1_151' title='bbox 1352 1299 1364 1327; x_wconf 72' lang='grc' dir='ltr'><strong><em>ς</em></strong></span> <span class='ocrx_word' id='word_1_152' title='bbox 1387 1281 1451 1320; x_wconf 92' lang='lat' dir='ltr'><strong>sed</strong></span> <span class='ocrx_word' id='word_1_153' title='bbox 1471 1290 1601 1320; x_wconf 89' lang='lat' dir='ltr'><strong>tamen</strong></span> <span class='ocrx_word' id='word_1_154' title='bbox 1617 1280 1694 1320; x_wconf 74' lang='lat' dir='ltr'><strong>hoc</strong></span> <span class='ocrx_word' id='word_1_155' title='bbox 1711 1281 1834 1334; x_wconf 89' lang='lat' dir='ltr'><strong>magis</strong></span> 
     </span>
     <span class='ocr_line' id='line_1_17' title="bbox 430 1346 1834 1401; baseline -0.002 -12"><span class='ocrx_word' id='word_1_156' title='bbox 430 1364 491 1389; x_wconf 88' lang='lat' dir='ltr'><strong>eas</strong></span> <span class='ocrx_word' id='word_1_157' title='bbox 512 1363 570 1388; x_wconf 90' lang='lat' dir='ltr'><strong>res</strong></span> <span class='ocrx_word' id='word_1_158' title='bbox 589 1357 628 1388; x_wconf 88' lang='lat' dir='ltr'><strong>et</strong></span> <span class='ocrx_word' id='word_1_159' title='bbox 647 1347 813 1386; x_wconf 87' lang='lat' dir='ltr'><strong>memini</strong></span> <span class='ocrx_word' id='word_1_160' title='bbox 831 1356 870 1387; x_wconf 91' lang='lat' dir='ltr'><strong>et</strong></span> <span class='ocrx_word' id='word_1_161' title='bbox 888 1348 1063 1401; x_wconf 65' lang='lat' dir='ltr'><strong>expecto,</strong></span> <span class='ocrx_word' id='word_1_162' title='bbox 1091 1346 1198 1399; x_wconf 91' lang='lat' dir='ltr'><strong>quod</strong></span> <span class='ocrx_word' id='word_1_163' title='bbox 1223 1355 1261 1386; x_wconf 89' lang='lat' dir='ltr'><strong>et</strong></span> <span class='ocrx_word' id='word_1_164' title='bbox 1293 1347 1341 1386; x_wconf 88' lang='lat' dir='ltr'><strong>ad</strong></span> <span class='ocrx_word' id='word_1_165' title='bbox 1360 1347 1609 1401; x_wconf 88' lang='lat' dir='ltr'><strong>pontificium</strong></span> <span class='ocrx_word' id='word_1_166' title='bbox 1632 1348 1698 1400; x_wconf 89' lang='lat' dir='ltr'><strong>jus</strong></span> <span class='ocrx_word' id='word_1_167' title='bbox 1718 1357 1757 1386; x_wconf 92' lang='lat' dir='ltr'><strong>et</strong></span> <span class='ocrx_word' id='word_1_168' title='bbox 1787 1347 1834 1386; x_wconf 89' lang='lat' dir='ltr'><strong>ad</strong></span> 
     </span>
     <span class='ocr_line' id='line_1_18' title="bbox 428 1412 1834 1469; baseline -0.002 -14"><span class='ocrx_word' id='word_1_169' title='bbox 428 1416 544 1455; x_wconf 89' lang='lat' dir='ltr'><strong>civile</strong></span> <span class='ocrx_word' id='word_1_170' title='bbox 562 1415 768 1469; x_wconf 86' lang='lat' dir='ltr'><strong>pertinent.</strong></span> <span class='ocrx_word' id='word_1_171' title='bbox 799 1413 1019 1453; x_wconf 54' lang='lat' dir='ltr'><strong>Mancus.</strong></span> <span class='ocrx_word' id='word_1_172' title='bbox 1034 1412 1138 1451; x_wconf 69' lang='lat' dir='ltr'><strong>Vere&gt;</strong></span> <span class='ocrx_word' id='word_1_173' title='bbox 1149 1431 1162 1458; x_wconf 63' lang='grc' dir='ltr'><strong><em>ς</em></strong></span> <span class='ocrx_word' id='word_1_174' title='bbox 1195 1422 1234 1451; x_wconf 87' lang='lat' dir='ltr'><strong>et</strong></span> <span class='ocrx_word' id='word_1_175' title='bbox 1253 1413 1485 1466; x_wconf 77' lang='lat' dir='ltr'><strong>apertissima</strong></span> <span class='ocrx_word' id='word_1_176' title='bbox 1499 1413 1588 1453; x_wconf 88' lang='lat' dir='ltr'><strong>sunt</strong></span> <span class='ocrx_word' id='word_1_177' title='bbox 1607 1414 1685 1452; x_wconf 89' lang='lat' dir='ltr'><strong>istis</strong></span> <span class='ocrx_word' id='word_1_178' title='bbox 1704 1414 1752 1453; x_wconf 92' lang='lat' dir='ltr'><strong>de</strong></span> <span class='ocrx_word' id='word_1_179' title='bbox 1773 1427 1834 1452; x_wconf 89' lang='lat' dir='ltr'><strong>re-</strong></span> 
     </span>
     <span class='ocr_line' id='line_1_19' title="bbox 430 1479 1836 1536; baseline -0.003 -14"><span class='ocrx_word' id='word_1_180' title='bbox 430 1483 502 1522; x_wconf 90' lang='lat' dir='ltr'><strong>bus</strong></span> <span class='ocrx_word' id='word_1_181' title='bbox 522 1491 561 1521; x_wconf 91' lang='lat' dir='ltr'><strong>et</strong></span> <span class='ocrx_word' id='word_1_182' title='bbox 580 1480 753 1536; x_wconf 91' lang='lat' dir='ltr'><strong>responsa</strong></span> <span class='ocrx_word' id='word_1_183' title='bbox 782 1489 821 1519; x_wconf 94' lang='lat' dir='ltr'><strong>et</strong></span> <span class='ocrx_word' id='word_1_184' title='bbox 841 1480 979 1534; x_wconf 86' lang='lat' dir='ltr'><strong>scripta</strong></span> <span class='ocrx_word' id='word_1_185' title='bbox 997 1479 1149 1524; x_wconf 84' lang='lat' dir='ltr'><strong>multa;</strong></span> <span class='ocrx_word' id='word_1_186' title='bbox 1180 1488 1219 1517; x_wconf 90' lang='lat' dir='ltr'><strong>et</strong></span> <span class='ocrx_word' id='word_1_187' title='bbox 1247 1493 1320 1533; x_wconf 90' lang='lat' dir='ltr'><strong>ego</strong></span> <span class='ocrx_word' id='word_1_188' title='bbox 1352 1481 1393 1518; x_wconf 89' lang='lat' dir='ltr'><strong>in</strong></span> <span class='ocrx_word' id='word_1_189' title='bbox 1424 1480 1500 1519; x_wconf 88' lang='lat' dir='ltr'><strong>hoc</strong></span> <span class='ocrx_word' id='word_1_190' title='bbox 1530 1481 1642 1519; x_wconf 89' lang='lat' dir='ltr'><strong>omni</strong></span> <span class='ocrx_word' id='word_1_191' title='bbox 1661 1481 1836 1519; x_wconf 86' lang='lat' dir='ltr'><strong>sermone</strong></span> 
     </span>
     <span class='ocr_line' id='line_1_20' title="bbox 429 1546 1835 1602; baseline -0.002 -13"><span class='ocrx_word' id='word_1_192' title='bbox 429 1550 570 1595; x_wconf 89' lang='lat' dir='ltr'><strong>nostro,</strong></span> <span class='ocrx_word' id='word_1_193' title='bbox 587 1548 693 1602; x_wconf 91' lang='lat' dir='ltr'><strong>quod</strong></span> <span class='ocrx_word' id='word_1_194' title='bbox 708 1547 756 1586; x_wconf 89' lang='lat' dir='ltr'><strong>ad</strong></span> <span class='ocrx_word' id='word_1_195' title='bbox 772 1560 928 1600; x_wconf 92' lang='lat' dir='ltr'><strong>cunque</strong></span> <span class='ocrx_word' id='word_1_196' title='bbox 946 1546 1042 1600; x_wconf 87' lang='lat' dir='ltr'><strong>legis</strong></span> <span class='ocrx_word' id='word_1_197' title='bbox 1061 1559 1184 1599; x_wconf 86' lang='lat' dir='ltr'><strong>genus</strong></span> <span class='ocrx_word' id='word_1_198' title='bbox 1202 1559 1266 1585; x_wconf 90' lang='lat' dir='ltr'><strong>me</strong></span> <span class='ocrx_word' id='word_1_199' title='bbox 1291 1546 1498 1600; x_wconf 85' lang='lat' dir='ltr'><strong>disputatio</strong></span> <span class='ocrx_word' id='word_1_200' title='bbox 1516 1546 1640 1585; x_wconf 90' lang='lat' dir='ltr'><strong>nostra</strong></span> <span class='ocrx_word' id='word_1_201' title='bbox 1662 1547 1835 1586; x_wconf 86' lang='lat' dir='ltr'><strong>deduxe-</strong></span> 
     </span>
     <span class='ocr_line' id='line_1_21' title="bbox 429 1612 1833 1667; baseline -0.001 -13"><span class='ocrx_word' id='word_1_202' title='bbox 429 1616 492 1661; x_wconf 90' lang='lat' dir='ltr'><strong>rit,</strong></span> <span class='ocrx_word' id='word_1_203' title='bbox 514 1615 695 1659; x_wconf 66' lang='lat' dir='ltr'><strong>tractabo,</strong></span> <span class='ocrx_word' id='word_1_204' title='bbox 716 1613 843 1667; x_wconf 89' lang='lat' dir='ltr'><strong>quoad</strong></span> <span class='ocrx_word' id='word_1_205' title='bbox 862 1621 1012 1667; x_wconf 86' lang='lat' dir='ltr'><strong>potero,</strong></span> <span class='ocrx_word' id='word_1_206' title='bbox 1029 1613 1060 1665; x_wconf 89' lang='lat' dir='ltr'><strong>ej</strong></span> <span class='ocrx_word' id='word_1_207' title='bbox 1068 1625 1110 1650; x_wconf 91' lang='lat' dir='ltr'><strong>us</strong></span> <span class='ocrx_word' id='word_1_208' title='bbox 1128 1613 1242 1666; x_wconf 89' lang='lat' dir='ltr'><strong>ipfius</strong></span> <span class='ocrx_word' id='word_1_209' title='bbox 1259 1613 1408 1666; x_wconf 88' lang='lat' dir='ltr'><strong>generis</strong></span> <span class='ocrx_word' id='word_1_210' title='bbox 1422 1613 1488 1665; x_wconf 86' lang='lat' dir='ltr'><strong>jus</strong></span> <span class='ocrx_word' id='word_1_211' title='bbox 1506 1612 1619 1652; x_wconf 90' lang='lat' dir='ltr'><strong>civile</strong></span> <span class='ocrx_word' id='word_1_212' title='bbox 1634 1613 1807 1652; x_wconf 89' lang='lat' dir='ltr'><strong>nostrum</strong></span> <span class='ocrx_word' id='word_1_213' title='bbox 1819 1631 1833 1660; x_wconf 67' lang='grc' dir='ltr'><strong><em>ς</em></strong></span> 
     </span>
     <span class='ocr_line' id='line_1_22' title="bbox 428 1678 1834 1733; baseline -0.001 -13"><span class='ocrx_word' id='word_1_214' title='bbox 428 1682 492 1720; x_wconf 92' lang='lat' dir='ltr'><strong>sed</strong></span> <span class='ocrx_word' id='word_1_215' title='bbox 511 1681 576 1726; x_wconf 90' lang='lat' dir='ltr'><strong>ita,</strong></span> <span class='ocrx_word' id='word_1_216' title='bbox 598 1681 706 1720; x_wconf 89' lang='lat' dir='ltr'><strong>locus</strong></span> <span class='ocrx_word' id='word_1_217' title='bbox 726 1679 805 1733; x_wconf 90' lang='lat' dir='ltr'><strong>ipse</strong></span> <span class='ocrx_word' id='word_1_218' title='bbox 824 1689 867 1718; x_wconf 92' lang='lat' dir='ltr'><strong>ut</strong></span> <span class='ocrx_word' id='word_1_219' title='bbox 886 1688 1000 1718; x_wconf 89' lang='lat' dir='ltr'><strong>notus</strong></span> <span class='ocrx_word' id='word_1_220' title='bbox 1017 1678 1076 1724; x_wconf 87' lang='lat' dir='ltr'><strong>fit,</strong></span> <span class='ocrx_word' id='word_1_221' title='bbox 1092 1692 1140 1718; x_wconf 85' lang='lat' dir='ltr'><strong>ex</strong></span> <span class='ocrx_word' id='word_1_222' title='bbox 1160 1693 1240 1732; x_wconf 93' lang='lat' dir='ltr'><strong>quo</strong></span> <span class='ocrx_word' id='word_1_223' title='bbox 1259 1679 1421 1718; x_wconf 90' lang='lat' dir='ltr'><strong>ducatur</strong></span> <span class='ocrx_word' id='word_1_224' title='bbox 1435 1692 1598 1733; x_wconf 83' lang='lat' dir='ltr'><strong>quaeque</strong></span> <span class='ocrx_word' id='word_1_225' title='bbox 1612 1680 1806 1733; x_wconf 85' lang='lat' dir='ltr'><strong>parsjuris</strong></span> <span class='ocrx_word' id='word_1_226' title='bbox 1818 1698 1834 1726; x_wconf 74' lang='lat'>3</span> 
     </span>
     <span class='ocr_line' id='line_1_23' title="bbox 429 1745 1834 1799; baseline -0.003 -12"><span class='ocrx_word' id='word_1_227' title='bbox 429 1757 473 1786; x_wconf 91' lang='lat' dir='ltr'><strong>ut</strong></span> <span class='ocrx_word' id='word_1_228' title='bbox 493 1761 571 1786; x_wconf 88' lang='lat' dir='ltr'><strong>non</strong></span> <span class='ocrx_word' id='word_1_229' title='bbox 591 1746 751 1786; x_wconf 86' lang='lat' dir='ltr'><strong>difficile</strong></span> <span class='ocrx_word' id='word_1_230' title='bbox 766 1746 824 1791; x_wconf 82' lang='lat' dir='ltr'><strong>sit,</strong></span> <span class='ocrx_word' id='word_1_231' title='bbox 841 1747 911 1799; x_wconf 88' lang='lat' dir='ltr'><strong>qui</strong></span> <span class='ocrx_word' id='word_1_232' title='bbox 930 1745 1093 1799; x_wconf 84' lang='lat' dir='ltr'><strong>paulum</strong></span> <span class='ocrx_word' id='word_1_233' title='bbox 1109 1746 1228 1784; x_wconf 89' lang='lat' dir='ltr'><strong>modo</strong></span> <span class='ocrx_word' id='word_1_234' title='bbox 1247 1745 1405 1798; x_wconf 88' lang='lat' dir='ltr'><strong>ingenio</strong></span> <span class='ocrx_word' id='word_1_235' title='bbox 1420 1745 1532 1798; x_wconf 88' lang='lat' dir='ltr'><strong>poffit</strong></span> <span class='ocrx_word' id='word_1_236' title='bbox 1552 1746 1713 1790; x_wconf 87' lang='lat' dir='ltr'><strong>moveri,</strong></span> <span class='ocrx_word' id='word_1_237' title='bbox 1728 1759 1834 1798; x_wconf 89' lang='lat' dir='ltr'><strong>quae-</strong></span> 
     </span>
     <span class='ocr_line' id='line_1_24' title="bbox 428 1812 1834 1867; baseline -0.001 -14"><span class='ocrx_word' id='word_1_238' title='bbox 428 1828 584 1867; x_wconf 90' lang='lat' dir='ltr'><strong>cunque</strong></span> <span class='ocrx_word' id='word_1_239' title='bbox 604 1827 702 1853; x_wconf 88' lang='lat' dir='ltr'><strong>nova</strong></span> <span class='ocrx_word' id='word_1_240' title='bbox 719 1813 830 1852; x_wconf 89' lang='lat' dir='ltr'><strong>causa</strong></span> <span class='ocrx_word' id='word_1_241' title='bbox 857 1812 1136 1852; x_wconf 87' lang='lat' dir='ltr'><strong>consultatiove</strong></span> <span class='ocrx_word' id='word_1_242' title='bbox 1155 1812 1351 1858; x_wconf 86' lang='lat' dir='ltr'><strong>acciderit,</strong></span> <span class='ocrx_word' id='word_1_243' title='bbox 1381 1813 1462 1865; x_wconf 91' lang='lat' dir='ltr'><strong>ejus</strong></span> <span class='ocrx_word' id='word_1_244' title='bbox 1491 1820 1618 1850; x_wconf 90' lang='lat' dir='ltr'><strong>tenere</strong></span> <span class='ocrx_word' id='word_1_245' title='bbox 1633 1812 1713 1864; x_wconf 90' lang='lat' dir='ltr'><strong>jus,</strong></span> <span class='ocrx_word' id='word_1_246' title='bbox 1740 1826 1834 1851; x_wconf 87' lang='lat' dir='ltr'><strong>cum</strong></span> 
     </span>
     <span class='ocr_line' id='line_1_25' title="bbox 430 1879 1156 1932; baseline -0.003 -14"><span class='ocrx_word' id='word_1_247' title='bbox 430 1881 522 1919; x_wconf 85' lang='lat' dir='ltr'><strong>scias</strong></span> <span class='ocrx_word' id='word_1_248' title='bbox 543 1894 563 1917; x_wconf 87' lang='lat' dir='ltr'>a</span> <span class='ocrx_word' id='word_1_249' title='bbox 582 1893 661 1932; x_wconf 89' lang='lat' dir='ltr'><strong>quo</strong></span> <span class='ocrx_word' id='word_1_250' title='bbox 681 1879 726 1917; x_wconf 85' lang='lat' dir='ltr'><strong>fit</strong></span> <span class='ocrx_word' id='word_1_251' title='bbox 745 1879 870 1931; x_wconf 87' lang='lat' dir='ltr'><strong>capite</strong></span> <span class='ocrx_word' id='word_1_252' title='bbox 890 1879 1156 1931; x_wconf 87' lang='lat' dir='ltr'><strong>repetendum.</strong></span> 
     </span>
    </p>

    <p class='ocr_par' dir='ltr' id='par_1_4' title="bbox 429 1943 1835 2666">
     <span class='ocr_line' id='line_1_26' title="bbox 485 1943 1834 1997; baseline -0.001 -13"><span class='ocrx_word' id='word_1_253' title='bbox 485 1946 598 1985; x_wconf 91' lang='lat' dir='ltr'>XIX.</span> <span class='ocrx_word' id='word_1_254' title='bbox 623 1945 694 1983; x_wconf 89' lang='lat' dir='ltr'><strong>Sed</strong></span> <span class='ocrx_word' id='word_1_255' title='bbox 704 1943 981 1997; x_wconf 85' lang='lat' dir='ltr'><strong>jurisconsulti,</strong></span> <span class='ocrx_word' id='word_1_256' title='bbox 1000 1944 1071 1982; x_wconf 83' lang='lat' dir='ltr'><strong>slve</strong></span> <span class='ocrx_word' id='word_1_257' title='bbox 1090 1943 1226 1982; x_wconf 85' lang='lat' dir='ltr'><strong>erroris</strong></span> <span class='ocrx_word' id='word_1_258' title='bbox 1246 1943 1455 1996; x_wconf 87' lang='lat' dir='ltr'><strong>objiciendi</strong></span> <span class='ocrx_word' id='word_1_259' title='bbox 1475 1943 1598 1989; x_wconf 72' lang='lat' dir='ltr'><strong>cauffi,</strong></span> <span class='ocrx_word' id='word_1_260' title='bbox 1619 1957 1699 1996; x_wconf 92' lang='lat' dir='ltr'><strong>quo</strong></span> <span class='ocrx_word' id='word_1_261' title='bbox 1724 1943 1834 1996; x_wconf 78' lang='lat' dir='ltr'><strong>plum</strong></span> 
     </span>
     <span class='ocr_line' id='line_1_27' title="bbox 429 2010 1833 2063; baseline -0.002 -12"><span class='ocrx_word' id='word_1_262' title='bbox 429 2023 470 2052; x_wconf 89' lang='lat' dir='ltr'><strong>et</strong></span> <span class='ocrx_word' id='word_1_263' title='bbox 490 2012 707 2051; x_wconf 86' lang='lat' dir='ltr'><strong>difficiliora</strong></span> <span class='ocrx_word' id='word_1_264' title='bbox 724 2011 815 2049; x_wconf 89' lang='lat' dir='ltr'><strong>scire</strong></span> <span class='ocrx_word' id='word_1_265' title='bbox 831 2011 1053 2056; x_wconf 80' lang='lat' dir='ltr'><strong>videantur;</strong></span> <span class='ocrx_word' id='word_1_266' title='bbox 1086 2011 1172 2056; x_wconf 81' lang='lat' dir='ltr'><strong>slve,</strong></span> <span class='ocrx_word' id='word_1_267' title='bbox 1190 2011 1294 2063; x_wconf 92' lang='lat' dir='ltr'><strong>quod</strong></span> <span class='ocrx_word' id='word_1_268' title='bbox 1317 2011 1478 2049; x_wconf 72' lang='lat' dir='ltr'><strong>similius</strong></span> <span class='ocrx_word' id='word_1_269' title='bbox 1499 2011 1577 2049; x_wconf 93' lang='lat' dir='ltr'><strong>veri</strong></span> <span class='ocrx_word' id='word_1_270' title='bbox 1596 2010 1662 2055; x_wconf 89' lang='lat' dir='ltr'><strong>est,</strong></span> <span class='ocrx_word' id='word_1_271' title='bbox 1681 2010 1833 2063; x_wconf 82' lang='lat' dir='ltr'><strong>ignora-</strong></span> 
     </span>
     <span class='ocr_line' id='line_1_28' title="bbox 431 2076 1834 2130; baseline -0.002 -11"><span class='ocrx_word' id='word_1_272' title='bbox 431 2081 537 2119; x_wconf 88' lang='lat' dir='ltr'><strong>tione</strong></span> <span class='ocrx_word' id='word_1_273' title='bbox 557 2078 734 2123; x_wconf 88' lang='lat' dir='ltr'><strong>docendi,</strong></span> <span class='ocrx_word' id='word_1_274' title='bbox 768 2079 877 2130; x_wconf 88' lang='lat' dir='ltr'><strong>(nam</strong></span> <span class='ocrx_word' id='word_1_275' title='bbox 898 2091 975 2116; x_wconf 91' lang='lat' dir='ltr'><strong>non</strong></span> <span class='ocrx_word' id='word_1_276' title='bbox 998 2076 1121 2116; x_wconf 64' lang='lat' dir='ltr'><strong>solium</strong></span> <span class='ocrx_word' id='word_1_277' title='bbox 1142 2077 1235 2116; x_wconf 86' lang='lat' dir='ltr'><strong>scire</strong></span> <span class='ocrx_word' id='word_1_278' title='bbox 1255 2077 1416 2130; x_wconf 77' lang='lat' dir='ltr'><strong>aliquid,</strong></span> <span class='ocrx_word' id='word_1_279' title='bbox 1439 2077 1528 2116; x_wconf 85' lang='lat' dir='ltr'><strong>artis</strong></span> <span class='ocrx_word' id='word_1_280' title='bbox 1558 2077 1624 2121; x_wconf 86' lang='lat' dir='ltr'><strong>est,</strong></span> <span class='ocrx_word' id='word_1_281' title='bbox 1647 2076 1707 2114; x_wconf 87' lang='lat' dir='ltr'><strong>sed</strong></span> <span class='ocrx_word' id='word_1_282' title='bbox 1727 2090 1834 2129; x_wconf 84' lang='lat' dir='ltr'><strong>quae-</strong></span> 
     </span>
     <span class='ocr_line' id='line_1_29' title="bbox 430 2143 1834 2197; baseline -0.001 -13"><span class='ocrx_word' id='word_1_283' title='bbox 430 2147 520 2185; x_wconf 84' lang='lat' dir='ltr'><strong>dam</strong></span> <span class='ocrx_word' id='word_1_284' title='bbox 542 2159 598 2184; x_wconf 85' lang='lat' dir='ltr'><strong>ars</strong></span> <span class='ocrx_word' id='word_1_285' title='bbox 619 2146 736 2183; x_wconf 78' lang='lat' dir='ltr'><strong>etiam</strong></span> <span class='ocrx_word' id='word_1_286' title='bbox 757 2144 940 2196; x_wconf 89' lang='lat' dir='ltr'><strong>docendi)</strong></span> <span class='ocrx_word' id='word_1_287' title='bbox 964 2143 1072 2197; x_wconf 79' lang='lat' dir='ltr'><strong>saepe,</strong></span> <span class='ocrx_word' id='word_1_288' title='bbox 1099 2143 1204 2197; x_wconf 90' lang='lat' dir='ltr'><strong>quod</strong></span> <span class='ocrx_word' id='word_1_289' title='bbox 1225 2144 1392 2197; x_wconf 78' lang='lat' dir='ltr'><strong>positum</strong></span> <span class='ocrx_word' id='word_1_290' title='bbox 1412 2144 1465 2182; x_wconf 87' lang='lat' dir='ltr'><strong>est</strong></span> <span class='ocrx_word' id='word_1_291' title='bbox 1484 2143 1525 2182; x_wconf 91' lang='lat' dir='ltr'><strong>in</strong></span> <span class='ocrx_word' id='word_1_292' title='bbox 1547 2156 1621 2182; x_wconf 86' lang='lat' dir='ltr'><strong>una</strong></span> <span class='ocrx_word' id='word_1_293' title='bbox 1640 2143 1834 2196; x_wconf 86' lang='lat' dir='ltr'><strong>cognitio·</strong></span> 
     </span>
     <span class='ocr_line' id='line_1_30' title="bbox 431 2209 1835 2264; baseline -0.002 -13"><span class='ocrx_word' id='word_1_294' title='bbox 431 2227 492 2257; x_wconf 88' lang='lat' dir='ltr'><strong>ne,</strong></span> <span class='ocrx_word' id='word_1_295' title='bbox 516 2213 553 2250; x_wconf 90' lang='lat' dir='ltr'><strong>id</strong></span> <span class='ocrx_word' id='word_1_296' title='bbox 575 2213 613 2251; x_wconf 92' lang='lat' dir='ltr'><strong>in</strong></span> <span class='ocrx_word' id='word_1_297' title='bbox 636 2212 787 2250; x_wconf 84' lang='lat' dir='ltr'><strong>infinita</strong></span> <span class='ocrx_word' id='word_1_298' title='bbox 807 2211 1083 2264; x_wconf 86' lang='lat' dir='ltr'><strong>dispartiuntur</strong></span> <span class='ocrx_word' id='word_1_299' title='bbox 1103 2226 1111 2249; x_wconf 92' lang='lat'>:</span> <span class='ocrx_word' id='word_1_300' title='bbox 1143 2210 1248 2248; x_wconf 90' lang='lat' dir='ltr'><strong>velut</strong></span> <span class='ocrx_word' id='word_1_301' title='bbox 1268 2211 1307 2248; x_wconf 91' lang='lat' dir='ltr'><strong>in</strong></span> <span class='ocrx_word' id='word_1_302' title='bbox 1329 2209 1403 2249; x_wconf 89' lang='lat' dir='ltr'><strong>hoc</strong></span> <span class='ocrx_word' id='word_1_303' title='bbox 1434 2210 1515 2263; x_wconf 90' lang='lat' dir='ltr'><strong>ipso</strong></span> <span class='ocrx_word' id='word_1_304' title='bbox 1534 2223 1685 2264; x_wconf 86' lang='lat' dir='ltr'><strong>genere,</strong></span> <span class='ocrx_word' id='word_1_305' title='bbox 1716 2223 1835 2261; x_wconf 82' lang='lat' dir='ltr'><strong>quam</strong></span> 
     </span>
     <span class='ocr_line' id='line_1_31' title="bbox 432 2275 1834 2331; baseline -0.004 -14"><span class='ocrx_word' id='word_1_306' title='bbox 432 2292 619 2331; x_wconf 83' lang='lat' dir='ltr'><strong>magnum</strong></span> <span class='ocrx_word' id='word_1_307' title='bbox 640 2278 738 2316; x_wconf 89' lang='lat' dir='ltr'><strong>illud</strong></span> <span class='ocrx_word' id='word_1_308' title='bbox 760 2277 934 2316; x_wconf 79' lang='lat' dir='ltr'><strong>Scaevolae</strong></span> <span class='ocrx_word' id='word_1_309' title='bbox 954 2276 1115 2322; x_wconf 81' lang='lat' dir='ltr'><strong>faciunt,</strong></span> <span class='ocrx_word' id='word_1_310' title='bbox 1150 2276 1509 2323; x_wconf 84' lang='lat' dir='ltr'><strong>Pontifices-ambo,</strong></span> <span class='ocrx_word' id='word_1_311' title='bbox 1539 2286 1576 2315; x_wconf 89' lang='lat' dir='ltr'><strong>et</strong></span> <span class='ocrx_word' id='word_1_312' title='bbox 1602 2276 1720 2315; x_wconf 86' lang='lat' dir='ltr'><strong>iidem</strong></span> <span class='ocrx_word' id='word_1_313' title='bbox 1735 2275 1834 2327; x_wconf 87' lang='lat' dir='ltr'><strong>juris</strong></span> 
     </span>
     <span class='ocr_line' id='line_1_32' title="bbox 432 2340 1834 2397; baseline -0.004 -14"><span class='ocrx_word' id='word_1_314' title='bbox 432 2345 647 2397; x_wconf 76' lang='lat' dir='ltr'><strong>peritissimi</strong></span> <span class='ocrx_word' id='word_1_315' title='bbox 670 2345 683 2381; x_wconf 77' lang='grc' dir='ltr'><em>Ρ</em></span> <span class='ocrx_word' id='word_1_316' title='bbox 715 2346 833 2397; x_wconf 80' lang='lat' dir='ltr'><strong>Saepe,</strong></span> <span class='ocrx_word' id='word_1_317' title='bbox 862 2344 989 2396; x_wconf 85' lang='lat' dir='ltr'><strong>inquit</strong></span> <span class='ocrx_word' id='word_1_318' title='bbox 1012 2343 1142 2382; x_wconf 81' lang='lat' dir='ltr'><strong>Publii</strong></span> <span class='ocrx_word' id='word_1_319' title='bbox 1160 2343 1278 2389; x_wconf 83' lang='lat' dir='ltr'><strong>filius,</strong></span> <span class='ocrx_word' id='word_1_320' title='bbox 1309 2357 1355 2383; x_wconf 89' lang='lat' dir='ltr'><strong>ex</strong></span> <span class='ocrx_word' id='word_1_321' title='bbox 1382 2353 1487 2397; x_wconf 83' lang='lat' dir='ltr'><strong>patre</strong></span> <span class='ocrx_word' id='word_1_322' title='bbox 1507 2342 1648 2386; x_wconf 77' lang='lat' dir='ltr'><strong>audivi,</strong></span> <span class='ocrx_word' id='word_1_323' title='bbox 1668 2340 1834 2379; x_wconf 78' lang='lat' dir='ltr'><strong>Pontifi-</strong></span> 
     </span>
     <span class='ocr_line' id='line_1_33' title="bbox 429 2409 1834 2463; baseline -0.004 -12"><span class='ocrx_word' id='word_1_324' title='bbox 429 2424 518 2451; x_wconf 87' lang='lat' dir='ltr'><strong>cem</strong></span> <span class='ocrx_word' id='word_1_325' title='bbox 540 2412 736 2450; x_wconf 89' lang='lat' dir='ltr'><strong>neminem</strong></span> <span class='ocrx_word' id='word_1_326' title='bbox 757 2411 906 2450; x_wconf 89' lang='lat' dir='ltr'><strong>bonum</strong></span> <span class='ocrx_word' id='word_1_327' title='bbox 927 2411 1010 2457; x_wconf 90' lang='lat' dir='ltr'><strong>csse,</strong></span> <span class='ocrx_word' id='word_1_328' title='bbox 1040 2411 1106 2450; x_wconf 76' lang='lat' dir='ltr'><strong>nisi</strong></span> <span class='ocrx_word' id='word_1_329' title='bbox 1124 2411 1267 2463; x_wconf 87' lang='lat' dir='ltr'><strong>quijus</strong></span> <span class='ocrx_word' id='word_1_330' title='bbox 1285 2411 1399 2449; x_wconf 88' lang='lat' dir='ltr'><strong>civile</strong></span> <span class='ocrx_word' id='word_1_331' title='bbox 1419 2409 1625 2463; x_wconf 87' lang='lat' dir='ltr'><strong>cognosset.</strong></span> <span class='ocrx_word' id='word_1_332' title='bbox 1659 2410 1834 2447; x_wconf 86' lang='lat' dir='ltr'><strong>Totum-</strong></span> 
     </span>
     <span class='ocr_line' id='line_1_34' title="bbox 432 2476 1835 2532; baseline -0.003 -14"><span class='ocrx_word' id='word_1_333' title='bbox 432 2492 480 2518; x_wconf 90' lang='lat' dir='ltr'><strong>ne</strong></span> <span class='ocrx_word' id='word_1_334' title='bbox 499 2480 511 2517; x_wconf 90' lang='lat'>?</span> <span class='ocrx_word' id='word_1_335' title='bbox 542 2479 637 2532; x_wconf 89' lang='lat' dir='ltr'><strong>quid</strong></span> <span class='ocrx_word' id='word_1_336' title='bbox 667 2479 746 2517; x_wconf 81' lang='lat' dir='ltr'><strong>ita?</strong></span> <span class='ocrx_word' id='word_1_337' title='bbox 779 2479 873 2531; x_wconf 88' lang='lat' dir='ltr'><strong>quid</strong></span> <span class='ocrx_word' id='word_1_338' title='bbox 894 2479 1000 2517; x_wconf 87' lang='lat' dir='ltr'><strong>enim</strong></span> <span class='ocrx_word' id='word_1_339' title='bbox 1021 2478 1067 2516; x_wconf 87' lang='lat' dir='ltr'><strong>ad</strong></span> <span class='ocrx_word' id='word_1_340' title='bbox 1090 2477 1334 2521; x_wconf 82' lang='lat' dir='ltr'><strong>Pontificem,</strong></span> <span class='ocrx_word' id='word_1_341' title='bbox 1365 2477 1512 2529; x_wconf 86' lang='lat' dir='ltr'><strong>dejure</strong></span> <span class='ocrx_word' id='word_1_342' title='bbox 1533 2476 1737 2530; x_wconf 86' lang='lat' dir='ltr'><strong>parietum,</strong></span> <span class='ocrx_word' id='word_1_343' title='bbox 1769 2484 1835 2514; x_wconf 82' lang='lat' dir='ltr'><strong>aut</strong></span> 
     </span>
     <span class='ocr_line' id='line_1_35' title="bbox 431 2542 1833 2598; baseline -0.004 -14"><span class='ocrx_word' id='word_1_344' title='bbox 431 2559 633 2598; x_wconf 79' lang='lat' dir='ltr'><strong>aquarum,</strong></span> <span class='ocrx_word' id='word_1_345' title='bbox 655 2555 719 2584; x_wconf 83' lang='lat' dir='ltr'><strong>aut</strong></span> <span class='ocrx_word' id='word_1_346' title='bbox 740 2545 821 2583; x_wconf 89' lang='lat' dir='ltr'><strong>ullo</strong></span> <span class='ocrx_word' id='word_1_347' title='bbox 841 2546 1030 2584; x_wconf 83' lang='lat' dir='ltr'><strong>omnino?</strong></span> <span class='ocrx_word' id='word_1_348' title='bbox 1062 2545 1181 2597; x_wconf 87' lang='lat' dir='ltr'><strong>Erg0,</strong></span> <span class='ocrx_word' id='word_1_349' title='bbox 1203 2544 1308 2596; x_wconf 87' lang='lat' dir='ltr'><strong>quod</strong></span> <span class='ocrx_word' id='word_1_350' title='bbox 1326 2557 1419 2582; x_wconf 88' lang='lat' dir='ltr'><strong>cum</strong></span> <span class='ocrx_word' id='word_1_351' title='bbox 1441 2543 1626 2596; x_wconf 86' lang='lat' dir='ltr'><strong>religione</strong></span> <span class='ocrx_word' id='word_1_352' title='bbox 1645 2542 1833 2594; x_wconf 89' lang='lat' dir='ltr'><strong>conjunc-</strong></span> 
     </span>
     <span class='ocr_line' id='line_1_36' title="bbox 432 2607 1832 2666; baseline -0.004 -15"><span class='ocrx_word' id='word_1_353' title='bbox 432 2622 518 2652; x_wconf 83' lang='lat' dir='ltr'><strong>tum</strong></span> <span class='ocrx_word' id='word_1_354' title='bbox 535 2612 614 2660; x_wconf 68' lang='lat' dir='ltr'><strong>cst,</strong></span> <span class='ocrx_word' id='word_1_355' title='bbox 649 2614 661 2665; x_wconf 98' lang='lat'>(</span> <span class='ocrx_word' id='word_1_356' title='bbox 680 2612 718 2652; x_wconf 92' lang='lat' dir='ltr'><strong>id</strong></span> <span class='ocrx_word' id='word_1_357' title='bbox 738 2622 865 2652; x_wconf 84' lang='lat' dir='ltr'><strong>autem</strong></span> <span class='ocrx_word' id='word_1_358' title='bbox 887 2612 1122 2666; x_wconf 81' lang='lat' dir='ltr'><strong>quantulum</strong></span> <span class='ocrx_word' id='word_1_359' title='bbox 1143 2612 1194 2651; x_wconf 82' lang='lat' dir='ltr'><strong>est</strong></span> <span class='ocrx_word' id='word_1_360' title='bbox 1209 2612 1249 2664; x_wconf 85' lang='lat'><strong>?)</strong></span> <span class='ocrx_word' id='word_1_361' title='bbox 1281 2611 1327 2650; x_wconf 89' lang='lat' dir='ltr'><strong>de</strong></span> <span class='ocrx_word' id='word_1_362' title='bbox 1349 2611 1473 2657; x_wconf 79' lang='lat' dir='ltr'><strong>sacris,</strong></span> <span class='ocrx_word' id='word_1_363' title='bbox 1495 2609 1623 2655; x_wconf 88' lang='lat' dir='ltr'><strong>credo,</strong></span> <span class='ocrx_word' id='word_1_364' title='bbox 1647 2608 1694 2647; x_wconf 88' lang='lat' dir='ltr'><strong>de</strong></span> <span class='ocrx_word' id='word_1_365' title='bbox 1719 2607 1832 2650; x_wconf 77' lang='lat' dir='ltr'><strong>votis.</strong></span> 
     </span>
    </p>
   </div>
  </div>
 </body>
</html>
