<?xml version="1.0" encoding="UTF-8"?>
<!DOCTYPE html PUBLIC "-//W3C//DTD XHTML 1.0 Transitional//EN"
    "http://www.w3.org/TR/xhtml1/DTD/xhtml1-transitional.dtd">
<html xmlns="http://www.w3.org/1999/xhtml" xml:lang="en" lang="en">
 <head>
  <title>
</title>
<meta http-equiv="Content-Type" content="text/html;charset=utf-8" />
  <meta name='ocr-system' content='tesseract 3.04.00' />
  <meta name='ocr-capabilities' content='ocr_page ocr_carea ocr_par ocr_line ocrx_word'/>
</head>
<body>
  <div class='ocr_page' id='page_1' title='image "./operacumindicibu03ciceuoft_0422.png"; bbox 0 0 2223 3003; ppageno 0'>
   <div class='ocr_carea' id='block_1_1' title="bbox 451 189 1558 248">
    <p class='ocr_par' dir='ltr' id='par_1_1' title="bbox 451 189 1558 248">
     <span class='ocr_line' id='line_1_1' title="bbox 451 189 1558 248; baseline -0.007 -12"><span class='ocrx_word' id='word_1_1' title='bbox 451 197 530 248; x_wconf 82' lang='lat'><strong>416</strong></span> <span class='ocrx_word' id='word_1_2' title='bbox 756 189 1558 233; x_wconf 88' lang='lat' dir='ltr'>I&#39;HILOSOPHICORUM</span> 
     </span>
    </p>
   </div>
   <div class='ocr_carea' id='block_1_2' title="bbox 449 285 1914 347">
    <p class='ocr_par' dir='ltr' id='par_1_2' title="bbox 449 285 1914 347">
     <span class='ocr_line' id='line_1_2' title="bbox 449 285 1914 347; baseline -0.003 -14"><span class='ocrx_word' id='word_1_3' title='bbox 449 294 706 347; x_wconf 74' lang='lat' dir='ltr'><strong>requisitum,</strong></span> <span class='ocrx_word' id='word_1_4' title='bbox 739 304 862 328; x_wconf 88' lang='lat' dir='ltr'><strong>unum</strong></span> <span class='ocrx_word' id='word_1_5' title='bbox 879 289 1122 340; x_wconf 64' lang='lat' dir='ltr'><strong>interjectum</strong></span> <span class='ocrx_word' id='word_1_6' title='bbox 1144 285 1335 332; x_wconf 88' lang='lat' dir='ltr'><strong>medium,</strong></span> <span class='ocrx_word' id='word_1_7' title='bbox 1357 296 1395 325; x_wconf 89' lang='lat' dir='ltr'><strong>et</strong></span> <span class='ocrx_word' id='word_1_8' title='bbox 1415 286 1451 324; x_wconf 90' lang='lat' dir='ltr'><strong>se</strong></span> <span class='ocrx_word' id='word_1_9' title='bbox 1471 286 1613 340; x_wconf 83' lang='lat' dir='ltr'><strong>ipsum,</strong></span> <span class='ocrx_word' id='word_1_10' title='bbox 1634 295 1672 325; x_wconf 88' lang='lat' dir='ltr'><strong>et</strong></span> <span class='ocrx_word' id='word_1_11' title='bbox 1691 300 1747 334; x_wconf 88' lang='lat' dir='ltr'><strong>ea,</strong></span> <span class='ocrx_word' id='word_1_12' title='bbox 1769 290 1861 342; x_wconf 90' lang='lat' dir='ltr'><strong>qui-</strong></span> <span class='ocrx_word' id='word_1_13' title='bbox 1909 288 1914 293; x_wconf 77' lang='grc'><strong><em>’</em></strong></span> 
     </span>
    </p>
   </div>
   <div class='ocr_carea' id='block_1_3' title="bbox 451 353 1873 1679">
    <p class='ocr_par' dir='ltr' id='par_1_3' title="bbox 451 353 1873 1679">
     <span class='ocr_line' id='line_1_3' title="bbox 452 353 1864 408; baseline -0.004 -8"><span class='ocrx_word' id='word_1_14' title='bbox 452 362 524 400; x_wconf 82' lang='lat' dir='ltr'><strong>bus</strong></span> <span class='ocrx_word' id='word_1_15' title='bbox 556 359 642 398; x_wconf 81' lang='lat' dir='ltr'><strong>effet</strong></span> <span class='ocrx_word' id='word_1_16' title='bbox 678 355 962 408; x_wconf 77' lang='lat' dir='ltr'><strong>interpolitum,</strong></span> <span class='ocrx_word' id='word_1_17' title='bbox 997 353 1210 406; x_wconf 88' lang='lat' dir='ltr'><strong>colligaret.</strong></span> <span class='ocrx_word' id='word_1_18' title='bbox 1261 353 1347 399; x_wconf 89' lang='lat' dir='ltr'>Sed,</span> <span class='ocrx_word' id='word_1_19' title='bbox 1382 367 1475 392; x_wconf 91' lang='lat' dir='ltr'><strong>cum</strong></span> <span class='ocrx_word' id='word_1_20' title='bbox 1509 353 1678 392; x_wconf 86' lang='lat' dir='ltr'>soliditas</span> <span class='ocrx_word' id='word_1_21' title='bbox 1713 356 1864 394; x_wconf 90' lang='lat' dir='ltr'><strong>mundo</strong></span> 
     </span>
     <span class='ocr_line' id='line_1_4' title="bbox 452 420 1865 480; baseline -0.004 -15"><span class='ocrx_word' id='word_1_22' title='bbox 452 433 695 480; x_wconf 58' lang='lat' dir='ltr'><strong>quau-eretur,</strong></span> <span class='ocrx_word' id='word_1_23' title='bbox 728 422 847 461; x_wconf 86' lang='lat' dir='ltr'><strong>solida</strong></span> <span class='ocrx_word' id='word_1_24' title='bbox 875 431 1005 460; x_wconf 86' lang='lat' dir='ltr'><strong>autem</strong></span> <span class='ocrx_word' id='word_1_25' title='bbox 1036 421 1170 459; x_wconf 88' lang='lat' dir='ltr'><strong>omnia</strong></span> <span class='ocrx_word' id='word_1_26' title='bbox 1197 434 1276 459; x_wconf 91' lang='lat' dir='ltr'><strong>uno</strong></span> <span class='ocrx_word' id='word_1_27' title='bbox 1306 420 1438 460; x_wconf 91' lang='lat' dir='ltr'><strong>medio</strong></span> <span class='ocrx_word' id='word_1_28' title='bbox 1464 434 1680 474; x_wconf 89' lang='lat' dir='ltr'><strong>nunquam,</strong></span> <span class='ocrx_word' id='word_1_29' title='bbox 1712 421 1865 460; x_wconf 88' lang='lat' dir='ltr'><strong>duobus</strong></span> 
     </span>
     <span class='ocr_line' id='line_1_5' title="bbox 451 487 1861 545; baseline -0.003 -15"><span class='ocrx_word' id='word_1_30' title='bbox 451 494 612 545; x_wconf 80' lang='lat' dir='ltr'><strong>semper,</strong></span> <span class='ocrx_word' id='word_1_31' title='bbox 647 489 906 543; x_wconf 72' lang='lat' dir='ltr'><strong>copulentur,</strong></span> <span class='ocrx_word' id='word_1_32' title='bbox 952 488 1006 526; x_wconf 89' lang='lat' dir='ltr'><strong>ita</strong></span> <span class='ocrx_word' id='word_1_33' title='bbox 1038 487 1229 540; x_wconf 86' lang='lat' dir='ltr'><strong>contigit,</strong></span> <span class='ocrx_word' id='word_1_34' title='bbox 1261 496 1305 526; x_wconf 90' lang='lat' dir='ltr'><strong>ut</strong></span> <span class='ocrx_word' id='word_1_35' title='bbox 1338 487 1437 526; x_wconf 86' lang='lat' dir='ltr'><strong>inter</strong></span> <span class='ocrx_word' id='word_1_36' title='bbox 1468 488 1602 540; x_wconf 87' lang='lat' dir='ltr'><strong>ignem</strong></span> <span class='ocrx_word' id='word_1_37' title='bbox 1635 497 1674 526; x_wconf 92' lang='lat' dir='ltr'><strong>et</strong></span> <span class='ocrx_word' id='word_1_38' title='bbox 1707 496 1861 534; x_wconf 87' lang='lat' dir='ltr'><strong>terram,</strong></span> 
     </span>
     <span class='ocr_line' id='line_1_6' title="bbox 452 553 1865 611; baseline -0.003 -15"><span class='ocrx_word' id='word_1_39' title='bbox 452 572 591 611; x_wconf 76' lang='lat' dir='ltr'><strong>aquam</strong></span> <span class='ocrx_word' id='word_1_40' title='bbox 625 557 748 601; x_wconf 81' lang='lat' dir='ltr'><strong>Deus,</strong></span> <span class='ocrx_word' id='word_1_41' title='bbox 785 556 1034 607; x_wconf 85' lang='lat' dir='ltr'><strong>animamque</strong></span> <span class='ocrx_word' id='word_1_42' title='bbox 1060 563 1233 608; x_wconf 91' lang='lat' dir='ltr'><strong>poneret,</strong></span> <span class='ocrx_word' id='word_1_43' title='bbox 1264 567 1383 607; x_wconf 91' lang='lat' dir='ltr'><strong>eaque</strong></span> <span class='ocrx_word' id='word_1_44' title='bbox 1415 554 1514 592; x_wconf 90' lang='lat' dir='ltr'><strong>inter</strong></span> <span class='ocrx_word' id='word_1_45' title='bbox 1545 553 1581 592; x_wconf 92' lang='lat' dir='ltr'><strong>se</strong></span> <span class='ocrx_word' id='word_1_46' title='bbox 1612 563 1865 608; x_wconf 88' lang='lat' dir='ltr'><strong>compararet,</strong></span> 
     </span>
     <span class='ocr_line' id='line_1_7' title="bbox 451 620 1864 678; baseline -0.003 -15"><span class='ocrx_word' id='word_1_47' title='bbox 451 635 489 663; x_wconf 90' lang='lat' dir='ltr'><strong>et</strong></span> <span class='ocrx_word' id='word_1_48' title='bbox 519 623 767 678; x_wconf 81' lang='lat' dir='ltr'><strong>proportione</strong></span> <span class='ocrx_word' id='word_1_49' title='bbox 801 623 1081 675; x_wconf 70' lang='lat' dir='ltr'><strong>conjungeret,</strong></span> <span class='ocrx_word' id='word_1_50' title='bbox 1130 630 1186 666; x_wconf 93' lang='lat' dir='ltr'><strong>ut,</strong></span> <span class='ocrx_word' id='word_1_51' title='bbox 1217 620 1550 674; x_wconf 87' lang='lat' dir='ltr'><strong>quemadmodum</strong></span> <span class='ocrx_word' id='word_1_52' title='bbox 1580 621 1681 674; x_wconf 89' lang='lat' dir='ltr'><strong>ignis</strong></span> <span class='ocrx_word' id='word_1_53' title='bbox 1711 621 1864 666; x_wconf 84' lang='lat' dir='ltr'><strong>animae,</strong></span> 
     </span>
     <span class='ocr_line' id='line_1_8' title="bbox 451 687 1863 742; baseline -0.003 -12"><span class='ocrx_word' id='word_1_54' title='bbox 451 691 500 730; x_wconf 85' lang='lat' dir='ltr'><strong>fic</strong></span> <span class='ocrx_word' id='word_1_55' title='bbox 535 691 664 729; x_wconf 85' lang='lat' dir='ltr'><strong>anima</strong></span> <span class='ocrx_word' id='word_1_56' title='bbox 696 703 804 742; x_wconf 85' lang='lat' dir='ltr'><strong>aquae</strong></span> <span class='ocrx_word' id='word_1_57' title='bbox 821 706 832 734; x_wconf 65' lang='grc' dir='ltr'><strong><em>ς</em></strong></span> <span class='ocrx_word' id='word_1_58' title='bbox 878 688 1062 741; x_wconf 91' lang='lat' dir='ltr'><strong>quodque</strong></span> <span class='ocrx_word' id='word_1_59' title='bbox 1092 688 1222 726; x_wconf 84' lang='lat' dir='ltr'><strong>anima</strong></span> <span class='ocrx_word' id='word_1_60' title='bbox 1241 701 1363 741; x_wconf 85' lang='lat' dir='ltr'><strong>aquae,</strong></span> <span class='ocrx_word' id='word_1_61' title='bbox 1404 687 1445 726; x_wconf 92' lang='lat' dir='ltr'><strong>id</strong></span> <span class='ocrx_word' id='word_1_62' title='bbox 1478 701 1576 740; x_wconf 89' lang='lat' dir='ltr'><strong>aqua</strong></span> <span class='ocrx_word' id='word_1_63' title='bbox 1614 697 1735 733; x_wconf 87' lang='lat' dir='ltr'><strong>terrae,</strong></span> <span class='ocrx_word' id='word_1_64' title='bbox 1771 700 1863 741; x_wconf 85' lang='lat' dir='ltr'><strong>pro-</strong></span> 
     </span>
     <span class='ocr_line' id='line_1_9' title="bbox 452 754 1868 813; baseline -0.004 -16"><span class='ocrx_word' id='word_1_65' title='bbox 452 759 631 813; x_wconf 85' lang='lat' dir='ltr'><strong>portione</strong></span> <span class='ocrx_word' id='word_1_66' title='bbox 650 756 823 795; x_wconf 88' lang='lat' dir='ltr'><strong>redderet</strong></span> <span class='ocrx_word' id='word_1_67' title='bbox 839 770 847 794; x_wconf 74' lang='grc' dir='ltr'><strong><em>ε</em></strong></span> <span class='ocrx_word' id='word_1_68' title='bbox 880 769 956 808; x_wconf 88' lang='lat' dir='ltr'><strong>qua</strong></span> <span class='ocrx_word' id='word_1_69' title='bbox 974 768 1022 794; x_wconf 89' lang='lat' dir='ltr'><strong>ex</strong></span> <span class='ocrx_word' id='word_1_70' title='bbox 1041 755 1316 807; x_wconf 73' lang='lat' dir='ltr'><strong>conjunCtione</strong></span> <span class='ocrx_word' id='word_1_71' title='bbox 1335 754 1483 793; x_wconf 85' lang='lat' dir='ltr'><strong>coelum</strong></span> <span class='ocrx_word' id='word_1_72' title='bbox 1503 757 1557 793; x_wconf 91' lang='lat' dir='ltr'><strong>ita</strong></span> <span class='ocrx_word' id='word_1_73' title='bbox 1574 764 1710 808; x_wconf 90' lang='lat' dir='ltr'><strong>aptum</strong></span> <span class='ocrx_word' id='word_1_74' title='bbox 1730 754 1806 800; x_wconf 91' lang='lat' dir='ltr'><strong>est‚·</strong></span> <span class='ocrx_word' id='word_1_75' title='bbox 1821 763 1868 793; x_wconf 91' lang='lat' dir='ltr'><strong>ut</strong></span> 
     </span>
     <span class='ocr_line' id='line_1_10' title="bbox 452 821 1866 877; baseline -0.004 -13"><span class='ocrx_word' id='word_1_76' title='bbox 452 826 521 864; x_wconf 84' lang='lat' dir='ltr'><strong>sub</strong></span> <span class='ocrx_word' id='word_1_77' title='bbox 542 824 736 877; x_wconf 66' lang='lat' dir='ltr'><strong>aspectum</strong></span> <span class='ocrx_word' id='word_1_78' title='bbox 756 832 794 860; x_wconf 91' lang='lat' dir='ltr'><strong>et</strong></span> <span class='ocrx_word' id='word_1_79' title='bbox 814 823 962 860; x_wconf 63' lang='lat' dir='ltr'><strong>tactum</strong></span> <span class='ocrx_word' id='word_1_80' title='bbox 981 821 1103 859; x_wconf 81' lang='lat' dir='ltr'><strong>cadat.</strong></span> <span class='ocrx_word' id='word_1_81' title='bbox 1126 822 1263 874; x_wconf 91' lang='lat' dir='ltr'><strong>Itaque</strong></span> <span class='ocrx_word' id='word_1_82' title='bbox 1274 830 1313 859; x_wconf 90' lang='lat' dir='ltr'><strong>et</strong></span> <span class='ocrx_word' id='word_1_83' title='bbox 1332 821 1384 860; x_wconf 93' lang='lat' dir='ltr'><strong>ob</strong></span> <span class='ocrx_word' id='word_1_84' title='bbox 1403 834 1489 859; x_wconf 89' lang='lat' dir='ltr'><strong>eam</strong></span> <span class='ocrx_word' id='word_1_85' title='bbox 1505 822 1672 867; x_wconf 89' lang='lat' dir='ltr'><strong>causam,</strong></span> <span class='ocrx_word' id='word_1_86' title='bbox 1693 831 1732 860; x_wconf 92' lang='lat' dir='ltr'><strong>et</strong></span> <span class='ocrx_word' id='word_1_87' title='bbox 1751 821 1798 860; x_wconf 89' lang='lat' dir='ltr'><strong>ab</strong></span> <span class='ocrx_word' id='word_1_88' title='bbox 1818 821 1866 860; x_wconf 75' lang='lat' dir='ltr'><strong>iis</strong></span> 
     </span>
     <span class='ocr_line' id='line_1_11' title="bbox 453 885 1866 940; baseline -0.003 -10"><span class='ocrx_word' id='word_1_89' title='bbox 453 892 566 930; x_wconf 87' lang='lat' dir='ltr'><strong>rebus</strong></span> <span class='ocrx_word' id='word_1_90' title='bbox 588 901 752 927; x_wconf 89' lang='lat' dir='ltr'><strong>numero</strong></span> <span class='ocrx_word' id='word_1_91' title='bbox 772 896 937 940; x_wconf 91' lang='lat' dir='ltr'><strong>quatuor</strong></span> <span class='ocrx_word' id='word_1_92' title='bbox 967 887 1108 925; x_wconf 90' lang='lat' dir='ltr'><strong>mundi</strong></span> <span class='ocrx_word' id='word_1_93' title='bbox 1131 886 1186 925; x_wconf 92' lang='lat' dir='ltr'><strong>est</strong></span> <span class='ocrx_word' id='word_1_94' title='bbox 1214 899 1354 940; x_wconf 90' lang='lat' dir='ltr'><strong>corpus</strong></span> <span class='ocrx_word' id='word_1_95' title='bbox 1373 885 1572 932; x_wconf 73' lang='lat' dir='ltr'><strong>effectum,</strong></span> <span class='ocrx_word' id='word_1_96' title='bbox 1604 901 1648 925; x_wconf 84' lang='lat' dir='ltr'><strong>ea</strong></span> <span class='ocrx_word' id='word_1_97' title='bbox 1665 887 1866 927; x_wconf 89' lang='lat' dir='ltr'><strong>construc-</strong></span> 
     </span>
     <span class='ocr_line' id='line_1_12' title="bbox 451 953 1868 1009; baseline -0.002 -14"><span class='ocrx_word' id='word_1_98' title='bbox 451 967 539 995; x_wconf 89' lang='lat' dir='ltr'><strong>tum</strong></span> <span class='ocrx_word' id='word_1_99' title='bbox 573 955 837 1009; x_wconf 85' lang='lat' dir='ltr'><strong>proportione,</strong></span> <span class='ocrx_word' id='word_1_100' title='bbox 866 967 943 1007; x_wconf 90' lang='lat' dir='ltr'><strong>qua</strong></span> <span class='ocrx_word' id='word_1_101' title='bbox 973 953 1070 993; x_wconf 87' lang='lat' dir='ltr'><strong>dixi.</strong></span> <span class='ocrx_word' id='word_1_102' title='bbox 1115 955 1179 992; x_wconf 93' lang='lat' dir='ltr'><strong>Ex</strong></span> <span class='ocrx_word' id='word_1_103' title='bbox 1199 967 1279 1008; x_wconf 93' lang='lat' dir='ltr'><strong>quo</strong></span> <span class='ocrx_word' id='word_1_104' title='bbox 1309 953 1388 1007; x_wconf 91' lang='lat' dir='ltr'><strong>ipse</strong></span> <span class='ocrx_word' id='word_1_105' title='bbox 1419 953 1455 992; x_wconf 91' lang='lat' dir='ltr'><strong>se</strong></span> <span class='ocrx_word' id='word_1_106' title='bbox 1485 954 1670 993; x_wconf 89' lang='lat' dir='ltr'><strong>concordi</strong></span> <span class='ocrx_word' id='word_1_107' title='bbox 1700 954 1868 1007; x_wconf 86' lang='lat' dir='ltr'><strong>quadam</strong></span> 
     </span>
     <span class='ocr_line' id='line_1_13' title="bbox 453 1019 1867 1075; baseline -0.002 -13"><span class='ocrx_word' id='word_1_108' title='bbox 453 1020 625 1062; x_wconf 87' lang='lat' dir='ltr'><strong>amicitia</strong></span> <span class='ocrx_word' id='word_1_109' title='bbox 644 1031 683 1060; x_wconf 91' lang='lat' dir='ltr'><strong>et</strong></span> <span class='ocrx_word' id='word_1_110' title='bbox 702 1022 858 1060; x_wconf 86' lang='lat' dir='ltr'><strong>caritate</strong></span> <span class='ocrx_word' id='word_1_111' title='bbox 877 1021 1152 1074; x_wconf 70' lang='lat' dir='ltr'><strong>compleffitur</strong></span> <span class='ocrx_word' id='word_1_112' title='bbox 1165 1039 1178 1067; x_wconf 73' lang='lat'>5</span> <span class='ocrx_word' id='word_1_113' title='bbox 1210 1030 1328 1074; x_wconf 91' lang='lat' dir='ltr'><strong>atque</strong></span> <span class='ocrx_word' id='word_1_114' title='bbox 1345 1021 1399 1059; x_wconf 90' lang='lat' dir='ltr'><strong>ita</strong></span> <span class='ocrx_word' id='word_1_115' title='bbox 1418 1030 1505 1075; x_wconf 88' lang='lat' dir='ltr'><strong>apte</strong></span> <span class='ocrx_word' id='word_1_116' title='bbox 1524 1020 1704 1066; x_wconf 86' lang='lat' dir='ltr'><strong>cohaeret,</strong></span> <span class='ocrx_word' id='word_1_117' title='bbox 1726 1030 1770 1059; x_wconf 93' lang='lat' dir='ltr'><strong>ut</strong></span> <span class='ocrx_word' id='word_1_118' title='bbox 1790 1019 1867 1059; x_wconf 86' lang='lat' dir='ltr'><strong>dis-</strong></span> 
     </span>
     <span class='ocr_line' id='line_1_14' title="bbox 453 1087 1866 1141; baseline -0.003 -11"><span class='ocrx_word' id='word_1_119' title='bbox 453 1091 546 1130; x_wconf 93' lang='lat' dir='ltr'><strong>solvi</strong></span> <span class='ocrx_word' id='word_1_120' title='bbox 579 1089 687 1128; x_wconf 90' lang='lat' dir='ltr'><strong>nullo</strong></span> <span class='ocrx_word' id='word_1_121' title='bbox 723 1089 842 1127; x_wconf 91' lang='lat' dir='ltr'><strong>modo</strong></span> <span class='ocrx_word' id='word_1_122' title='bbox 862 1098 991 1141; x_wconf 88' lang='lat' dir='ltr'><strong>queat,</strong></span> <span class='ocrx_word' id='word_1_123' title='bbox 1027 1087 1095 1127; x_wconf 89' lang='lat' dir='ltr'><strong>nifi</strong></span> <span class='ocrx_word' id='word_1_124' title='bbox 1130 1087 1178 1126; x_wconf 89' lang='lat' dir='ltr'><strong>ab</strong></span> <span class='ocrx_word' id='word_1_125' title='bbox 1212 1088 1365 1134; x_wconf 91' lang='lat' dir='ltr'><strong>eodem,</strong></span> <span class='ocrx_word' id='word_1_126' title='bbox 1396 1101 1417 1127; x_wconf 89' lang='lat' dir='ltr'><strong>a</strong></span> <span class='ocrx_word' id='word_1_127' title='bbox 1450 1101 1530 1141; x_wconf 91' lang='lat' dir='ltr'><strong>quo</strong></span> <span class='ocrx_word' id='word_1_128' title='bbox 1563 1087 1616 1127; x_wconf 91' lang='lat' dir='ltr'><strong>est</strong></span> <span class='ocrx_word' id='word_1_129' title='bbox 1646 1087 1866 1141; x_wconf 78' lang='lat' dir='ltr'><strong>colligatus,</strong></span> 
     </span>
     <span class='ocr_line' id='line_1_15' title="bbox 453 1154 1869 1209; baseline -0.002 -13"><span class='ocrx_word' id='word_1_130' title='bbox 453 1159 601 1197; x_wconf 87' lang='lat' dir='ltr'><strong>Earum</strong></span> <span class='ocrx_word' id='word_1_131' title='bbox 622 1165 752 1195; x_wconf 87' lang='lat' dir='ltr'><strong>autem</strong></span> <span class='ocrx_word' id='word_1_132' title='bbox 774 1164 940 1208; x_wconf 91' lang='lat' dir='ltr'><strong>quatuor</strong></span> <span class='ocrx_word' id='word_1_133' title='bbox 959 1169 1102 1201; x_wconf 89' lang='lat' dir='ltr'><strong>rerum,</strong></span> <span class='ocrx_word' id='word_1_134' title='bbox 1125 1168 1218 1208; x_wconf 90' lang='lat' dir='ltr'><strong>quas</strong></span> <span class='ocrx_word' id='word_1_135' title='bbox 1238 1154 1348 1209; x_wconf 90' lang='lat' dir='ltr'><strong>supra</strong></span> <span class='ocrx_word' id='word_1_136' title='bbox 1366 1155 1464 1201; x_wconf 86' lang='lat' dir='ltr'><strong>dixi,</strong></span> <span class='ocrx_word' id='word_1_137' title='bbox 1485 1155 1536 1194; x_wconf 91' lang='lat' dir='ltr'><strong>fic</strong></span> <span class='ocrx_word' id='word_1_138' title='bbox 1553 1155 1595 1193; x_wconf 88' lang='lat' dir='ltr'><strong>in</strong></span> <span class='ocrx_word' id='word_1_139' title='bbox 1612 1154 1722 1194; x_wconf 88' lang='lat' dir='ltr'><strong>omni</strong></span> <span class='ocrx_word' id='word_1_140' title='bbox 1748 1167 1869 1193; x_wconf 88' lang='lat' dir='ltr'><strong>mun-</strong></span> 
     </span>
     <span class='ocr_line' id='line_1_16' title="bbox 453 1221 1868 1277; baseline -0.002 -14"><span class='ocrx_word' id='word_1_141' title='bbox 453 1225 502 1263; x_wconf 92' lang='lat' dir='ltr'><strong>do</strong></span> <span class='ocrx_word' id='word_1_142' title='bbox 523 1237 659 1263; x_wconf 88' lang='lat' dir='ltr'><strong>omnes</strong></span> <span class='ocrx_word' id='word_1_143' title='bbox 691 1231 815 1277; x_wconf 87' lang='lat' dir='ltr'><strong>partes</strong></span> <span class='ocrx_word' id='word_1_144' title='bbox 851 1221 1048 1261; x_wconf 88' lang='lat' dir='ltr'><strong>collocatae</strong></span> <span class='ocrx_word' id='word_1_145' title='bbox 1069 1221 1170 1268; x_wconf 93' lang='lat' dir='ltr'><strong>sunt,</strong></span> <span class='ocrx_word' id='word_1_146' title='bbox 1205 1231 1248 1261; x_wconf 93' lang='lat' dir='ltr'><strong>ut</strong></span> <span class='ocrx_word' id='word_1_147' title='bbox 1278 1222 1387 1261; x_wconf 85' lang='lat' dir='ltr'><strong>nulla</strong></span> <span class='ocrx_word' id='word_1_148' title='bbox 1415 1236 1500 1276; x_wconf 84' lang='lat' dir='ltr'><strong>pars</strong></span> <span class='ocrx_word' id='word_1_149' title='bbox 1529 1221 1691 1275; x_wconf 88' lang='lat' dir='ltr'><strong>hujusce</strong></span> <span class='ocrx_word' id='word_1_150' title='bbox 1718 1221 1868 1275; x_wconf 89' lang='lat' dir='ltr'><strong>generis</strong></span> 
     </span>
     <span class='ocr_line' id='line_1_17' title="bbox 452 1287 1867 1342; baseline -0.004 -12"><span class='ocrx_word' id='word_1_151' title='bbox 452 1292 654 1330; x_wconf 82' lang='lat' dir='ltr'><strong>excederet</strong></span> <span class='ocrx_word' id='word_1_152' title='bbox 687 1299 806 1334; x_wconf 84' lang='lat' dir='ltr'><strong>extra,</strong></span> <span class='ocrx_word' id='word_1_153' title='bbox 838 1299 953 1342; x_wconf 88' lang='lat' dir='ltr'><strong>atque</strong></span> <span class='ocrx_word' id='word_1_154' title='bbox 973 1289 1014 1327; x_wconf 91' lang='lat' dir='ltr'><strong>in</strong></span> <span class='ocrx_word' id='word_1_155' title='bbox 1043 1288 1119 1326; x_wconf 92' lang='lat' dir='ltr'><strong>hoc</strong></span> <span class='ocrx_word' id='word_1_156' title='bbox 1140 1288 1317 1327; x_wconf 86' lang='lat' dir='ltr'><strong>universo</strong></span> <span class='ocrx_word' id='word_1_157' title='bbox 1336 1289 1495 1328; x_wconf 73' lang='lat' dir='ltr'><strong>inessent</strong></span> <span class='ocrx_word' id='word_1_158' title='bbox 1514 1302 1652 1342; x_wconf 88' lang='lat' dir='ltr'><strong>genera</strong></span> <span class='ocrx_word' id='word_1_159' title='bbox 1681 1288 1746 1326; x_wconf 89' lang='lat' dir='ltr'><strong>illa</strong></span> <span class='ocrx_word' id='word_1_160' title='bbox 1777 1287 1867 1326; x_wconf 90' lang='lat' dir='ltr'><strong>uni-</strong></span> 
     </span>
     <span class='ocr_line' id='line_1_18' title="bbox 454 1351 1869 1407; baseline -0.003 -12"><span class='ocrx_word' id='word_1_161' title='bbox 454 1357 567 1395; x_wconf 74' lang='lat' dir='ltr'><strong>versa.</strong></span> <span class='ocrx_word' id='word_1_162' title='bbox 614 1356 659 1394; x_wconf 84' lang='lat' dir='ltr'><strong>Id</strong></span> <span class='ocrx_word' id='word_1_163' title='bbox 680 1355 731 1393; x_wconf 91' lang='lat' dir='ltr'><strong>ob</strong></span> <span class='ocrx_word' id='word_1_164' title='bbox 751 1367 810 1392; x_wconf 84' lang='lat' dir='ltr'><strong>eas</strong></span> <span class='ocrx_word' id='word_1_165' title='bbox 832 1354 972 1399; x_wconf 77' lang='lat' dir='ltr'><strong>causas,</strong></span> <span class='ocrx_word' id='word_1_166' title='bbox 1005 1351 1194 1407; x_wconf 70' lang='lat' dir='ltr'><strong>primum,</strong></span> <span class='ocrx_word' id='word_1_167' title='bbox 1223 1362 1267 1393; x_wconf 90' lang='lat' dir='ltr'><strong>ut</strong></span> <span class='ocrx_word' id='word_1_168' title='bbox 1287 1355 1458 1393; x_wconf 88' lang='lat' dir='ltr'><strong>mundus</strong></span> <span class='ocrx_word' id='word_1_169' title='bbox 1488 1355 1662 1393; x_wconf 87' lang='lat' dir='ltr'><strong>animans</strong></span> <span class='ocrx_word' id='word_1_170' title='bbox 1684 1353 1796 1407; x_wconf 87' lang='lat' dir='ltr'><strong>poffit</strong></span> <span class='ocrx_word' id='word_1_171' title='bbox 1821 1367 1869 1391; x_wconf 83' lang='lat' dir='ltr'><strong>ex</strong></span> 
     </span>
     <span class='ocr_line' id='line_1_19' title="bbox 453 1419 1870 1478; baseline -0.004 -16"><span class='ocrx_word' id='word_1_172' title='bbox 453 1423 631 1478; x_wconf 58' lang='lat' dir='ltr'><strong>perfectis</strong></span> <span class='ocrx_word' id='word_1_173' title='bbox 666 1421 839 1474; x_wconf 88' lang='lat' dir='ltr'><strong>partibus</strong></span> <span class='ocrx_word' id='word_1_174' title='bbox 873 1419 945 1458; x_wconf 81' lang='lat' dir='ltr'><strong>effe</strong></span> <span class='ocrx_word' id='word_1_175' title='bbox 975 1419 1192 1473; x_wconf 62' lang='lat' dir='ltr'><strong>perfectus,</strong></span> <span class='ocrx_word' id='word_1_176' title='bbox 1224 1421 1376 1466; x_wconf 88' lang='lat' dir='ltr'><strong>deinde,</strong></span> <span class='ocrx_word' id='word_1_177' title='bbox 1412 1430 1457 1459; x_wconf 89' lang='lat' dir='ltr'><strong>ut</strong></span> <span class='ocrx_word' id='word_1_178' title='bbox 1490 1434 1590 1459; x_wconf 91' lang='lat' dir='ltr'><strong>unus</strong></span> <span class='ocrx_word' id='word_1_179' title='bbox 1624 1420 1728 1465; x_wconf 69' lang='lat' dir='ltr'><strong>esset,</strong></span> <span class='ocrx_word' id='word_1_180' title='bbox 1763 1420 1870 1459; x_wconf 82' lang='lat' dir='ltr'><strong>nulla</strong></span> 
     </span>
     <span class='ocr_line' id='line_1_20' title="bbox 453 1485 1871 1544; baseline -0.003 -15"><span class='ocrx_word' id='word_1_181' title='bbox 453 1499 573 1544; x_wconf 83' lang='lat' dir='ltr'><strong>parte,</strong></span> <span class='ocrx_word' id='word_1_182' title='bbox 596 1489 697 1528; x_wconf 91' lang='lat' dir='ltr'><strong>unde</strong></span> <span class='ocrx_word' id='word_1_183' title='bbox 717 1487 811 1525; x_wconf 91' lang='lat' dir='ltr'><strong>alter</strong></span> <span class='ocrx_word' id='word_1_184' title='bbox 831 1487 1067 1540; x_wconf 88' lang='lat' dir='ltr'><strong>gigneretur,</strong></span> <span class='ocrx_word' id='word_1_185' title='bbox 1098 1486 1228 1524; x_wconf 69' lang='lat' dir='ltr'><strong>relicta</strong></span> <span class='ocrx_word' id='word_1_186' title='bbox 1243 1504 1256 1530; x_wconf 89' lang='lat'>;</span> <span class='ocrx_word' id='word_1_187' title='bbox 1287 1485 1495 1539; x_wconf 87' lang='lat' dir='ltr'><strong>postremo,</strong></span> <span class='ocrx_word' id='word_1_188' title='bbox 1523 1499 1572 1524; x_wconf 93' lang='lat' dir='ltr'><strong>ne</strong></span> <span class='ocrx_word' id='word_1_189' title='bbox 1592 1486 1680 1539; x_wconf 88' lang='lat' dir='ltr'><strong>quis</strong></span> <span class='ocrx_word' id='word_1_190' title='bbox 1710 1486 1871 1525; x_wconf 89' lang='lat' dir='ltr'><strong>morbus</strong></span> 
     </span>
     <span class='ocr_line' id='line_1_21' title="bbox 453 1551 1871 1610; baseline -0.003 -14"><span class='ocrx_word' id='word_1_191' title='bbox 453 1570 546 1596; x_wconf 89' lang='lat' dir='ltr'><strong>eum</strong></span> <span class='ocrx_word' id='word_1_192' title='bbox 567 1555 694 1610; x_wconf 85' lang='lat' dir='ltr'><strong>poffit,</strong></span> <span class='ocrx_word' id='word_1_193' title='bbox 714 1563 780 1592; x_wconf 88' lang='lat' dir='ltr'><strong>aut</strong></span> <span class='ocrx_word' id='word_1_194' title='bbox 795 1553 966 1592; x_wconf 69' lang='lat' dir='ltr'><strong>senee‘tus</strong></span> <span class='ocrx_word' id='word_1_195' title='bbox 987 1551 1169 1606; x_wconf 89' lang='lat' dir='ltr'><strong>affligere.</strong></span> <span class='ocrx_word' id='word_1_196' title='bbox 1192 1553 1337 1592; x_wconf 85' lang='lat' dir='ltr'><strong>Omnis</strong></span> <span class='ocrx_word' id='word_1_197' title='bbox 1357 1553 1465 1591; x_wconf 89' lang='lat' dir='ltr'><strong>enim</strong></span> <span class='ocrx_word' id='word_1_198' title='bbox 1481 1553 1767 1606; x_wconf 84' lang='lat' dir='ltr'><strong>coagmentatio</strong></span> <span class='ocrx_word' id='word_1_199' title='bbox 1782 1566 1871 1592; x_wconf 88' lang='lat' dir='ltr'><strong>cor-</strong></span> 
     </span>
     <span class='ocr_line' id='line_1_22' title="bbox 454 1619 1873 1679; baseline -0.003 -16"><span class='ocrx_word' id='word_1_200' title='bbox 454 1624 573 1679; x_wconf 86' lang='lat' dir='ltr'><strong>poris,</strong></span> <span class='ocrx_word' id='word_1_201' title='bbox 606 1622 667 1661; x_wconf 93' lang='lat' dir='ltr'><strong>vel</strong></span> <span class='ocrx_word' id='word_1_202' title='bbox 687 1621 826 1666; x_wconf 90' lang='lat' dir='ltr'><strong>calore,</strong></span> <span class='ocrx_word' id='word_1_203' title='bbox 859 1619 918 1659; x_wconf 80' lang='lat' dir='ltr'><strong>vel</strong></span> <span class='ocrx_word' id='word_1_204' title='bbox 948 1619 1110 1673; x_wconf 81' lang='lat' dir='ltr'><strong>frigore,</strong></span> <span class='ocrx_word' id='word_1_205' title='bbox 1143 1619 1205 1659; x_wconf 92' lang='lat' dir='ltr'><strong>vel</strong></span> <span class='ocrx_word' id='word_1_206' title='bbox 1233 1619 1363 1674; x_wconf 87' lang='lat' dir='ltr'><strong>aliqua</strong></span> <span class='ocrx_word' id='word_1_207' title='bbox 1387 1620 1619 1674; x_wconf 76' lang='lat' dir='ltr'><strong>impulsione</strong></span> <span class='ocrx_word' id='word_1_208' title='bbox 1649 1619 1873 1659; x_wconf 84' lang='lat' dir='ltr'><strong>vehementi</strong></span> 
     </span>
    </p>
   </div>
   <div class='ocr_carea' id='block_1_4' title="bbox 453 1686 1940 1742">
    <p class='ocr_par' dir='ltr' id='par_1_4' title="bbox 453 1686 1940 1742">
     <span class='ocr_line' id='line_1_23' title="bbox 453 1686 1940 1742; baseline -0.003 -13"><span class='ocrx_word' id='word_1_209' title='bbox 453 1689 704 1730; x_wconf 63' lang='lat' dir='ltr'><strong>labefactatur</strong></span> <span class='ocrx_word' id='word_1_210' title='bbox 723 1695 761 1726; x_wconf 90' lang='lat' dir='ltr'><strong>et</strong></span> <span class='ocrx_word' id='word_1_211' title='bbox 780 1686 984 1740; x_wconf 85' lang='lat' dir='ltr'><strong>frangitur,</strong></span> <span class='ocrx_word' id='word_1_212' title='bbox 1015 1695 1054 1725; x_wconf 89' lang='lat' dir='ltr'><strong>et</strong></span> <span class='ocrx_word' id='word_1_213' title='bbox 1074 1686 1120 1725; x_wconf 88' lang='lat' dir='ltr'><strong>ad</strong></span> <span class='ocrx_word' id='word_1_214' title='bbox 1140 1686 1299 1726; x_wconf 91' lang='lat' dir='ltr'><strong>morbos</strong></span> <span class='ocrx_word' id='word_1_215' title='bbox 1329 1687 1643 1741; x_wconf 63' lang='lat' dir='ltr'><strong>senectutemque</strong></span> <span class='ocrx_word' id='word_1_216' title='bbox 1661 1686 1872 1740; x_wconf 86' lang='lat' dir='ltr'><strong>compelli-</strong></span> <span class='ocrx_word' id='word_1_217' title='bbox 1933 1734 1940 1742; x_wconf 37' lang='grc' dir='ltr'>ι</span> 
     </span>
    </p>
   </div>
   <div class='ocr_carea' id='block_1_5' title="bbox 455 1753 1874 2538">
    <p class='ocr_par' dir='ltr' id='par_1_5' title="bbox 455 1753 1874 1995">
     <span class='ocr_line' id='line_1_24' title="bbox 455 1753 1874 1808; baseline -0.004 -12"><span class='ocrx_word' id='word_1_218' title='bbox 455 1766 532 1796; x_wconf 87' lang='lat' dir='ltr'><strong>tur.</strong></span> <span class='ocrx_word' id='word_1_219' title='bbox 576 1757 692 1796; x_wconf 89' lang='lat' dir='ltr'><strong>Hanc</strong></span> <span class='ocrx_word' id='word_1_220' title='bbox 719 1755 838 1808; x_wconf 88' lang='lat' dir='ltr'><strong>igitur</strong></span> <span class='ocrx_word' id='word_1_221' title='bbox 867 1753 1007 1792; x_wconf 91' lang='lat' dir='ltr'><strong>habuit</strong></span> <span class='ocrx_word' id='word_1_222' title='bbox 1041 1754 1232 1793; x_wconf 90' lang='lat' dir='ltr'><strong>rationem</strong></span> <span class='ocrx_word' id='word_1_223' title='bbox 1261 1753 1419 1793; x_wconf 62' lang='lat' dir='ltr'><strong>effeetor</strong></span> <span class='ocrx_word' id='word_1_224' title='bbox 1448 1753 1602 1800; x_wconf 89' lang='lat' dir='ltr'><strong>mundi,</strong></span> <span class='ocrx_word' id='word_1_225' title='bbox 1635 1754 1874 1806; x_wconf 86' lang='lat' dir='ltr'><strong>molitorque</strong></span> 
     </span>
     <span class='ocr_line' id='line_1_25' title="bbox 456 1820 1872 1875; baseline -0.003 -13"><span class='ocrx_word' id='word_1_226' title='bbox 456 1825 581 1869; x_wconf 84' lang='lat' dir='ltr'><strong>Deus,</strong></span> <span class='ocrx_word' id='word_1_227' title='bbox 613 1832 656 1861; x_wconf 89' lang='lat' dir='ltr'><strong>ut</strong></span> <span class='ocrx_word' id='word_1_228' title='bbox 676 1836 802 1861; x_wconf 90' lang='lat' dir='ltr'><strong>unum</strong></span> <span class='ocrx_word' id='word_1_229' title='bbox 821 1835 918 1874; x_wconf 87' lang='lat' dir='ltr'><strong>opus</strong></span> <span class='ocrx_word' id='word_1_230' title='bbox 940 1830 1070 1860; x_wconf 90' lang='lat' dir='ltr'><strong>totum</strong></span> <span class='ocrx_word' id='word_1_231' title='bbox 1101 1830 1217 1875; x_wconf 90' lang='lat' dir='ltr'><strong>atque</strong></span> <span class='ocrx_word' id='word_1_232' title='bbox 1236 1820 1451 1874; x_wconf 68' lang='lat' dir='ltr'><strong>perfectum</strong></span> <span class='ocrx_word' id='word_1_233' title='bbox 1485 1835 1534 1860; x_wconf 90' lang='lat' dir='ltr'><strong>ex</strong></span> <span class='ocrx_word' id='word_1_234' title='bbox 1564 1822 1749 1860; x_wconf 88' lang='lat' dir='ltr'><strong>omnibus</strong></span> <span class='ocrx_word' id='word_1_235' title='bbox 1779 1821 1872 1859; x_wconf 87' lang='lat' dir='ltr'><strong>totis</strong></span> 
     </span>
     <span class='ocr_line' id='line_1_26' title="bbox 457 1886 1871 1942; baseline -0.003 -15"><span class='ocrx_word' id='word_1_236' title='bbox 457 1899 572 1942; x_wconf 86' lang='lat' dir='ltr'><strong>atque</strong></span> <span class='ocrx_word' id='word_1_237' title='bbox 610 1887 786 1942; x_wconf 62' lang='lat' dir='ltr'><strong>perfectis</strong></span> <span class='ocrx_word' id='word_1_238' title='bbox 826 1886 1083 1925; x_wconf 86' lang='lat' dir='ltr'><strong>absolveretur</strong></span> <span class='ocrx_word' id='word_1_239' title='bbox 1094 1905 1106 1932; x_wconf 72' lang='lat'><em>5</em></span> <span class='ocrx_word' id='word_1_240' title='bbox 1157 1888 1263 1939; x_wconf 89' lang='lat' dir='ltr'><strong>quod</strong></span> <span class='ocrx_word' id='word_1_241' title='bbox 1300 1889 1410 1926; x_wconf 91' lang='lat' dir='ltr'><strong>omni</strong></span> <span class='ocrx_word' id='word_1_242' title='bbox 1445 1888 1584 1926; x_wconf 87' lang='lat' dir='ltr'><strong>morbo</strong></span> <span class='ocrx_word' id='word_1_243' title='bbox 1622 1887 1772 1926; x_wconf 87' lang='lat' dir='ltr'><strong>seniove</strong></span> <span class='ocrx_word' id='word_1_244' title='bbox 1805 1899 1871 1924; x_wconf 83' lang='lat' dir='ltr'><strong>ca-</strong></span> 
     </span>
     <span class='ocr_line' id='line_1_27' title="bbox 457 1965 569 1995; baseline -0.018 0"><span class='ocrx_word' id='word_1_245' title='bbox 457 1965 569 1995; x_wconf 85' lang='lat' dir='ltr'><strong>reret.</strong></span> 
     </span>
    </p>

    <p class='ocr_par' dir='ltr' id='par_1_6' title="bbox 458 2018 1874 2538">
     <span class='ocr_line' id='line_1_28' title="bbox 514 2018 1872 2073; baseline -0.002 -14"><span class='ocrx_word' id='word_1_246' title='bbox 514 2023 549 2059; x_wconf 85' lang='lat' dir='ltr'>V</span> <span class='ocrx_word' id='word_1_247' title='bbox 554 2023 586 2061; x_wconf 91' lang='lat' dir='ltr'><strong>I.</strong></span> <span class='ocrx_word' id='word_1_248' title='bbox 619 2022 805 2060; x_wconf 87' lang='lat' dir='ltr'><strong>Formam</strong></span> <span class='ocrx_word' id='word_1_249' title='bbox 825 2028 956 2058; x_wconf 84' lang='lat' dir='ltr'><strong>autem</strong></span> <span class='ocrx_word' id='word_1_250' title='bbox 977 2028 1015 2058; x_wconf 90' lang='lat' dir='ltr'><strong>et</strong></span> <span class='ocrx_word' id='word_1_251' title='bbox 1035 2019 1205 2058; x_wconf 83' lang='lat' dir='ltr'><strong>maxime</strong></span> <span class='ocrx_word' id='word_1_252' title='bbox 1234 2019 1303 2058; x_wconf 83' lang='lat' dir='ltr'><strong>fibi</strong></span> <span class='ocrx_word' id='word_1_253' title='bbox 1323 2028 1527 2073; x_wconf 85' lang='lat' dir='ltr'><strong>cognatam</strong></span> <span class='ocrx_word' id='word_1_254' title='bbox 1547 2028 1583 2058; x_wconf 87' lang='lat' dir='ltr'><strong>et</strong></span> <span class='ocrx_word' id='word_1_255' title='bbox 1604 2019 1782 2058; x_wconf 82' lang='lat' dir='ltr'><strong>decoram</strong></span> <span class='ocrx_word' id='word_1_256' title='bbox 1802 2018 1872 2057; x_wconf 84' lang='lat' dir='ltr'><strong>de-</strong></span> 
     </span>
     <span class='ocr_line' id='line_1_29' title="bbox 458 2085 1873 2140; baseline -0.003 -13"><span class='ocrx_word' id='word_1_257' title='bbox 458 2089 529 2127; x_wconf 91' lang='lat' dir='ltr'><strong>dit.</strong></span> <span class='ocrx_word' id='word_1_258' title='bbox 576 2089 613 2126; x_wconf 90' lang='lat' dir='ltr'><strong>A</strong></span> <span class='ocrx_word' id='word_1_259' title='bbox 635 2100 714 2140; x_wconf 91' lang='lat' dir='ltr'><strong>quo</strong></span> <span class='ocrx_word' id='word_1_260' title='bbox 733 2086 841 2124; x_wconf 88' lang='lat' dir='ltr'><strong>enim</strong></span> <span class='ocrx_word' id='word_1_261' title='bbox 861 2086 1055 2124; x_wconf 88' lang='lat' dir='ltr'><strong>animante</strong></span> <span class='ocrx_word' id='word_1_262' title='bbox 1077 2098 1214 2124; x_wconf 90' lang='lat' dir='ltr'><strong>omnes</strong></span> <span class='ocrx_word' id='word_1_263' title='bbox 1241 2085 1409 2138; x_wconf 80' lang='lat' dir='ltr'><strong>reliquos</strong></span> <span class='ocrx_word' id='word_1_264' title='bbox 1431 2086 1621 2125; x_wconf 89' lang='lat' dir='ltr'><strong>contineri</strong></span> <span class='ocrx_word' id='word_1_265' title='bbox 1653 2085 1768 2124; x_wconf 86' lang='lat' dir='ltr'><strong>vellet</strong></span> <span class='ocrx_word' id='word_1_266' title='bbox 1787 2085 1873 2123; x_wconf 84' lang='lat' dir='ltr'><strong>ani-</strong></span> 
     </span>
     <span class='ocr_line' id='line_1_30' title="bbox 459 2151 1874 2206; baseline -0.003 -11"><span class='ocrx_word' id='word_1_267' title='bbox 459 2165 623 2199; x_wconf 81' lang='lat' dir='ltr'><strong>mantes,</strong></span> <span class='ocrx_word' id='word_1_268' title='bbox 655 2153 760 2192; x_wconf 89' lang='lat' dir='ltr'><strong>hunc</strong></span> <span class='ocrx_word' id='word_1_269' title='bbox 781 2153 825 2191; x_wconf 64' lang='lat' dir='ltr'><strong>est</strong></span> <span class='ocrx_word' id='word_1_270' title='bbox 845 2152 973 2192; x_wconf 64' lang='lat' dir='ltr'><strong>forma</strong></span> <span class='ocrx_word' id='word_1_271' title='bbox 992 2152 1186 2205; x_wconf 87' lang='lat' dir='ltr'><strong>figuravit,</strong></span> <span class='ocrx_word' id='word_1_272' title='bbox 1215 2166 1292 2205; x_wconf 83' lang='lat' dir='ltr'><strong>qua</strong></span> <span class='ocrx_word' id='word_1_273' title='bbox 1311 2166 1387 2191; x_wconf 87' lang='lat' dir='ltr'><strong>una</strong></span> <span class='ocrx_word' id='word_1_274' title='bbox 1405 2166 1540 2192; x_wconf 87' lang='lat' dir='ltr'><strong>omnes</strong></span> <span class='ocrx_word' id='word_1_275' title='bbox 1562 2153 1717 2206; x_wconf 81' lang='lat' dir='ltr'><strong>reliquae</strong></span> <span class='ocrx_word' id='word_1_276' title='bbox 1737 2151 1874 2191; x_wconf 80' lang='lat' dir='ltr'><strong>formae</strong></span> 
     </span>
     <span class='ocr_line' id='line_1_31' title="bbox 460 2212 1872 2274; baseline -0.003 -14"><span class='ocrx_word' id='word_1_277' title='bbox 460 2221 749 2260; x_wconf 88' lang='lat' dir='ltr'><strong>concluduntur</strong></span> <span class='ocrx_word' id='word_1_278' title='bbox 766 2238 777 2264; x_wconf 85' lang='lat'>;</span> <span class='ocrx_word' id='word_1_279' title='bbox 809 2229 847 2257; x_wconf 93' lang='lat' dir='ltr'><strong>et</strong></span> <span class='ocrx_word' id='word_1_280' title='bbox 867 2218 1046 2272; x_wconf 86' lang='lat' dir='ltr'><strong>globosus</strong></span> <span class='ocrx_word' id='word_1_281' title='bbox 1067 2218 1120 2257; x_wconf 90' lang='lat' dir='ltr'><strong>est</strong></span> <span class='ocrx_word' id='word_1_282' title='bbox 1139 2217 1371 2264; x_wconf 86' lang='lat' dir='ltr'><strong>fabricatus;</strong></span> <span class='ocrx_word' id='word_1_283' title='bbox 1403 2219 1508 2272; x_wconf 91' lang='lat' dir='ltr'><strong>quod</strong></span> <span class='ocrx_word' id='word_1_284' title='bbox 1529 2212 1725 2274; x_wconf 58' lang='grc' dir='ltr'><strong>σφαιροεπδὲς</strong></span> <span class='ocrx_word' id='word_1_285' title='bbox 1745 2219 1872 2256; x_wconf 76' lang='lat' dir='ltr'><strong>Graeci</strong></span> 
     </span>
     <span class='ocr_line' id='line_1_32' title="bbox 460 2285 1871 2339; baseline -0.003 -13"><span class='ocrx_word' id='word_1_286' title='bbox 460 2297 612 2327; x_wconf 86' lang='lat' dir='ltr'><strong>vocant.</strong></span> <span class='ocrx_word' id='word_1_287' title='bbox 661 2288 784 2339; x_wconf 84' lang='lat' dir='ltr'><strong>Cujus</strong></span> <span class='ocrx_word' id='word_1_288' title='bbox 815 2286 943 2325; x_wconf 87' lang='lat' dir='ltr'><strong>omnis</strong></span> <span class='ocrx_word' id='word_1_289' title='bbox 975 2286 1198 2325; x_wconf 85' lang='lat' dir='ltr'><strong>extremitas</strong></span> <span class='ocrx_word' id='word_1_290' title='bbox 1229 2286 1384 2339; x_wconf 84' lang='lat' dir='ltr'><strong>paribus</strong></span> <span class='ocrx_word' id='word_1_291' title='bbox 1415 2299 1436 2324; x_wconf 82' lang='lat' dir='ltr'><strong>a</strong></span> <span class='ocrx_word' id='word_1_292' title='bbox 1457 2286 1586 2324; x_wconf 89' lang='lat' dir='ltr'><strong>medio</strong></span> <span class='ocrx_word' id='word_1_293' title='bbox 1618 2285 1730 2323; x_wconf 80' lang='lat' dir='ltr'><strong>radiis</strong></span> <span class='ocrx_word' id='word_1_294' title='bbox 1751 2285 1871 2322; x_wconf 79' lang='lat' dir='ltr'><strong>attin-</strong></span> 
     </span>
     <span class='ocr_line' id='line_1_33' title="bbox 459 2351 1871 2408; baseline -0.003 -16"><span class='ocrx_word' id='word_1_295' title='bbox 459 2355 591 2408; x_wconf 71' lang='lat' dir='ltr'><strong>gitur,</strong></span> <span class='ocrx_word' id='word_1_296' title='bbox 626 2354 742 2406; x_wconf 91' lang='lat' dir='ltr'><strong>idque</strong></span> <span class='ocrx_word' id='word_1_297' title='bbox 773 2354 824 2391; x_wconf 74' lang='lat' dir='ltr'><strong>ita</strong></span> <span class='ocrx_word' id='word_1_298' title='bbox 854 2354 1033 2398; x_wconf 76' lang='lat' dir='ltr'><strong>tornavit,</strong></span> <span class='ocrx_word' id='word_1_299' title='bbox 1066 2363 1109 2392; x_wconf 89' lang='lat' dir='ltr'><strong>ut</strong></span> <span class='ocrx_word' id='word_1_300' title='bbox 1136 2352 1234 2392; x_wconf 87' lang='lat' dir='ltr'><strong>nihil</strong></span> <span class='ocrx_word' id='word_1_301' title='bbox 1266 2353 1368 2392; x_wconf 87' lang='lat' dir='ltr'><strong>effici</strong></span> <span class='ocrx_word' id='word_1_302' title='bbox 1388 2352 1500 2406; x_wconf 78' lang='lat' dir='ltr'><strong>possit</strong></span> <span class='ocrx_word' id='word_1_303' title='bbox 1521 2351 1739 2396; x_wconf 80' lang='lat' dir='ltr'><strong>rotundius,</strong></span> <span class='ocrx_word' id='word_1_304' title='bbox 1774 2351 1871 2389; x_wconf 85' lang='lat' dir='ltr'><strong>nihil</strong></span> 
     </span>
     <span class='ocr_line' id='line_1_34' title="bbox 464 2418 1872 2475; baseline -0.003 -16"><span class='ocrx_word' id='word_1_305' title='bbox 464 2431 506 2459; x_wconf 87' lang='lat' dir='ltr'><strong>ut</strong></span> <span class='ocrx_word' id='word_1_306' title='bbox 527 2421 735 2475; x_wconf 77' lang='lat' dir='ltr'><strong>asperitatis</strong></span> <span class='ocrx_word' id='word_1_307' title='bbox 758 2419 928 2465; x_wconf 76' lang='lat' dir='ltr'><strong>liaberet,</strong></span> <span class='ocrx_word' id='word_1_308' title='bbox 963 2419 1062 2458; x_wconf 89' lang='lat' dir='ltr'><strong>nihil</strong></span> <span class='ocrx_word' id='word_1_309' title='bbox 1097 2419 1330 2465; x_wconf 81' lang='lat' dir='ltr'><strong>offensionis,</strong></span> <span class='ocrx_word' id='word_1_310' title='bbox 1361 2419 1460 2458; x_wconf 86' lang='lat' dir='ltr'><strong>nihil</strong></span> <span class='ocrx_word' id='word_1_311' title='bbox 1493 2419 1686 2457; x_wconf 88' lang='lat' dir='ltr'><strong>inclusum</strong></span> <span class='ocrx_word' id='word_1_312' title='bbox 1707 2418 1872 2471; x_wconf 82' lang='lat' dir='ltr'><strong>angulis,</strong></span> 
     </span>
     <span class='ocr_line' id='line_1_35' title="bbox 461 2485 1874 2538; baseline -0.003 -12"><span class='ocrx_word' id='word_1_313' title='bbox 461 2486 561 2526; x_wconf 88' lang='lat' dir='ltr'><strong>nihil</strong></span> <span class='ocrx_word' id='word_1_314' title='bbox 595 2487 842 2533; x_wconf 66' lang='lat' dir='ltr'><strong>anfractibus,</strong></span> <span class='ocrx_word' id='word_1_315' title='bbox 875 2486 974 2526; x_wconf 86' lang='lat' dir='ltr'><strong>nihil</strong></span> <span class='ocrx_word' id='word_1_316' title='bbox 1009 2487 1200 2532; x_wconf 82' lang='lat' dir='ltr'><strong>eminens,</strong></span> <span class='ocrx_word' id='word_1_317' title='bbox 1236 2485 1336 2526; x_wconf 88' lang='lat' dir='ltr'><strong>nihil</strong></span> <span class='ocrx_word' id='word_1_318' title='bbox 1369 2486 1621 2532; x_wconf 74' lang='lat' dir='ltr'><strong>lacunosum,</strong></span> <span class='ocrx_word' id='word_1_319' title='bbox 1665 2485 1874 2538; x_wconf 86' lang='lat' dir='ltr'><strong>omnesque</strong></span> 
     </span>
    </p>
   </div>
  </div>
 </body>
</html>
