2223 3003
602 206 893 247 VARIAE
982 204 1538 248 LECTIONES.

366 322 372 329 .
435 302 457 331 l.

348 341 403 371 108
428 344 461 371 ¹8
483 341 614 373 dicentur
627 344 651 373 E
665 344 807 374 dicerentur

426 391 458 411 21
484 383 693 413 extimescenda
711 384 735 412 E
761 384 909 413 extimanda
929 383 955 419 ψ
976 385 1046 423 aesti-

522 425 619 452 nanda

428 471 465 490 22
488 463 593 491 necesse
609 463 631 491 E
646 464 730 500 neceffi
742 465 778 501 est

423 516 465 525 —
485 502 589 532 Veniet
613 503 642 532 in
658 501 853 531 Tusculanum
869 500 1047 535 Hortensius,

523 543 589 576 ψό.

425 590 441 610 2
446 591 460 619 3
482 591 580 610 verum
596 582 619 610 E
635 583 660 617 ψ
674 592 739 611 vera

424 631 460 660 25
483 622 656 659 Appellatur
669 622 693 650 E
707 621 871 660 appellamur

421 675 463 729 Z
482 661 728 775 ἓέἓῧὲιῶξὶιῒεᾶὲ
742 712 760 729 a
769 700 879 738 physicis
893 698 923 728 U
938 699 966 726 d.

418 755 460 763 -—
479 750 494 768 e
589 762 596 769 .

418 794 461 802 —-
480 779 597 808 omnino
612 781 635 808 E
651 780 676 814 ψ
690 781 718 808 d.

423 829 460 856 27
482 829 599 856 agamus
614 820 644 848 U
657 830 758 858 agemus

421 874 461 927 2-8-
482 859 690 932 ξιεῧίἰῖῒξίςηῖ
696 860 843 929 ὲίἶὶῖἶεεξι
857 910 904 927 non

422 947 460 976 29
480 938 553 966 Item

522 978 547 1012 ψ
566 979 594 1007 d.

424 1026 457 1055 3¹
482 1017 648 1046 alterutrum
664 1017 753 1046 fatum
768 1018 792 1046 E
807 1016 1026 1055 alterumfae‘i'um

423 1067 459 1094 33
482 1066 573 1096 genus
590 1058 612 1086 E
627 1061 711 1096 igitur

420 1111 460 1119 —
480 1097 618 1135 ignavum
635 1098 657 1125 E
673 1100 798 1136 ignavum
810 1098 844 1134 est

422 1146 461 1174 34
480 1137 517 1164 est
533 1137 555 1165 E
570 1138 599 1166 d.

422 1186 457 1215 35
481 1186 516 1204 ne
530 1178 552 1205 E
566 1189 612 1205 non
630 1176 657 1205 U
672 1186 710 1205 me

342 1225 399 1254 109
443 1225 457 1253 3
480 1216 664 1247 convalesces.
677 1217 704 1250 ψ
717 1215 867 1245 adhibueris

420 1270 461 1278 —
482 1257 612 1293 Itemque
629 1257 651 1285 E
666 1257 731 1285 Item

442 1305 463 1333 4
482 1295 533 1324 isto
546 1296 570 1324 E
585 1297 631 1324 boc

439 1345 455 1374 ς
478 1335 642 1364 adhibueris
656 1336 679 1364 E
694 1336 722 1364 d.

438 1390 480 1398 —
500 1383 600 1404 caetera
615 1376 638 1404 E
653 1376 678 1410 ψ
692 1383 763 1404 certa

440 1424 458 1452 7
480 1415 575 1453 inquit
590 1416 613 1444 E
625 1417 653 1444 d.

422 1469 464 1523 -Ξ
483 1455 652 1522 εορέιΙῗξεἹῙΙί
665 1455 798 1492 campestra

479 1503 514 1522 eo
613 1507 622 1523 ι
646 1506 659 1522 α

419 1548 461 1557 -
480 1542 508 1562 et
522 1543 558 1562 ex
572 1535 596 1562 E
611 1545 643 1562 ex

421 1584 458 1611 14
479 1574 554 1602 Mino
567 1575 590 1602 E
606 1573 694 1603 Minos

418 1628 457 1636 —
476 1613 592 1642 referret
606 1615 630 1643 E
644 1617 736 1651 rgferet

419 1668 460 1675 —
481 1653 612 1682 habuerit
626 1655 655 1683 U
670 1653 764 1682 habuit

422 1703 455 1731 ις
480 1693 610 1722 habuerit
626 1694 649 1722 E
663 1694 689 1728 ψ
702 1695 728 1722 d.
746 1693 775 1722 U
792 1692 884 1722 habuit

423 1741 457 1769 ¹7
481 1733 571 1771 igitur
586 1734 608 1761 E
623 1735 651 1761 d.

418 1787 460 1795 —
480 1773 579 1801 eodem
596 1774 619 1802 E
634 1774 679 1801 hoc

419 1826 459 1834 —
480 1820 512 1841 tu
529 1812 558 1840 U
572 1814 600 1841 d.

423 1855 458 1880 18
480 1861 535 1880 non
551 1851 714 1882 adhibueris
727 1853 752 1881 E
767 1853 797 1882 U
811 1851 839 1888 ψ
853 1862 900 1881 non

420 1900 453 1920 21
479 1892 619 1929 probabat
634 1893 657 1921 E
669 1893 767 1930 probat

421 1941 456 1970 ²5
480 1931 605 1961 conserte
631 1940 820 1971 contexteque
844 1932 868 1961 E
888 1932 914 1966 ψ
928 1932 1040 1967 confirm

517 1980 682 2010 ‘onttmaque

418 2025 458 2033 —
479 2011 550 2040 fiunt
562 2013 658 2049 spsunt

420 2059 458 2087 27
479 2051 525 2079 Est
538 2066 619 2074 ——
633 2052 767 2090 potestate
781 2052 805 2081 E
819 2052 845 2087 ψ
858 2052 883 2079 d.

418 2104 459 2112 —
480 2089 550 2120 fiunt
564 2092 587 2120 E
594 2093 668 2130 fian!

422 2132 457 2158 28
481 2129 551 2159 fiunt
565 2131 589 2159 E
604 2131 631 2166 ψ
645 2133 733 2168 infime

419 2183 460 2192 -—
479 2169 569 2207 igitur
583 2171 606 2199 E
621 2174 686 2199 enim

423 2219 460 2246 30
480 2209 551 2238 Haec
565 2211 590 2243 ψ
601 2211 645 2238 boc

419 2263 460 2272 —
479 2249 552 2278 ratio
567 2251 589 2278 E
605 2251 630 2285 ψ
644 2253 742 2279 ratione

421 2298 453 2326 3¹
478 2288 518 2316 ita
532 2290 555 2318 E
571 2291 598 2317 d.

421 2338 458 2366 32
479 2329 592 2358 eveniat
607 2329 630 2357 E
645 2331 738 2357 veniae

422 2377 457 2406 35
481 2377 548 2397 vera
561 2370 584 2398 E
597 2369 665 2398 ‘vera‘
677 2371 712 2406 est

419 2422 460 2429 —
480 2409 611 2442 naturali,
632 2409 728 2437 futura
742 2408 764 2437 E
779 2407 804 2444 ψ
818 2407 972 2436 naturalita-

345 2455 400 2476 ιιο
442 2456 453 2475 ι
477 2448 576 2485 poffint
590 2449 720 2486 Epffcne

674 948 730 967 non
759 938 934 968 convalesces
968 936 992 966 E
1015 935 1046 965 U

1101 314 1160 372 iio
1191 304 1216 382 ,ἐ
1241 349 1272 372 ut
1285 343 1308 372 E
1323 346 1364 372 ita
1377 350 1406 371 ut

1200 392 1220 420 4
1240 383 1298 420 ipse
1312 384 1334 412 E
1349 386 1391 412 im

1180 437 1221 445 —-
1241 430 1283 451 ter
1299 423 1321 452 E
1336 422 1363 458 ψ
1376 431 1436 452 tunc

1202 472 1217 500 ς
1241 471 1276 490 ex
1292 463 1314 490 E
1328 471 1351 490 et
1365 474 1396 491 ex

1200 501 1219 529 6
1240 511 1276 530 ne
1291 503 1314 530 E
1330 513 1372 530 nec

1202 542 1219 569 8
1241 551 1299 579 quo
1313 543 1334 570 E
1347 553 1373 570 eo

1180 595 1220 603 —
1239 591 1383 619 quamque
1396 591 1455 611 rem
1469 578 1591 620 cognitis
1617 578 1641 608 E
1655 586 1799 616 quanquam

1279 632 1307 650 re
1320 624 1455 658 incognitis

1199 670 1218 697 9
1239 660 1304 689 effet
1319 661 1342 689 E
1352 662 1390 699 sit

1185 708 1220 727 ιο
1240 700 1383 738 OEdipode
1398 700 1420 727 E
1434 699 1516 735 Εῲτο

1183 748 1214 766 ιι
1239 739 1394 777 praepofitis
1409 739 1432 766 E
1442 738 1575 776 propositis

1178 792 1219 801 —-·
1238 779 1275 807 ab
1288 788 1323 807 eo
1335 780 1359 807 E
1371 779 1442 807 labeo

1203 828 1236 857 ις
1259 818 1402 857 pertinent
1416 819 1440 847 E
1454 817 1484 846 U
1497 816 1617 845 dicuntur
1637 815 1662 849 ψ
1676 814 1799 843 ducimur

1202 868 1236 895 ¹7
1259 868 1315 886 non
1332 859 1353 886 E
1368 859 1393 893 ψ
1406 860 1434 886 d.

1178 913 1220 920 —
1239 898 1282 927 Hi
1297 899 1320 926 E
1327 900 1358 935 fi

1176 953 1217 1006 Ξ
1238 937 1561 1015 ἓὲξῖῖὲῖἓῖεῒηζῖῧῖἔὶ

1176 1032 1218 1040 -
1238 1017 1327 1045 soluta
1342 1026 1375 1045 ac
1391 1017 1413 1045 E
1429 1015 1456 1052 ψ
1470 1014 1588 1054 absoluta
1600 1020 1625 1043 et

1181 1067 1218 1086 20
1238 1057 1317 1085 causa
1333 1057 1356 1085 E
1369 1059 1397 1085 d.

1178 1112 1219 1118 -—
1238 1105 1303 1134 apta
1318 1097 1340 1124 E
1354 1101 1416 1125 aaa

1180 1146 1196 1165 2
1202 1146 1215 1173 3
1239 1136 1264 1164 ei
1280 1137 1303 1164 E
1318 1137 1344 1171 ψ
1355 1143 1380 1164 et

1181 1176 1218 1204 26
1239 1176 1424 1214 Tyndareum
1441 1175 1464 1203 E
1479 1174 1504 1209 ψ
1519 1171 1663 1202 Tindarum
1676 1171 1779 1208 causant

1179 1217 1216 1244 28
1238 1215 1381 1254 grassatori
1397 1215 1475 1243 fuiffe
1488 1213 1599 1243 dicetur
1615 1211 1636 1239 E
1652 1211 1679 1239 A.

1177 1268 1218 1278 ·—
1238 1255 1348 1283 dicetur
1362 1256 1387 1289 ψ
1400 1257 1499 1283 dicetur
1511 1253 1658 1291 causafieri

1179 1304 1216 1332 29
1239 1295 1325 1324 Ennii
1341 1296 1363 1323 E
1380 1294 1406 1329 ψ
1420 1295 1446 1322 d.

1180 1343 1213 1372 3¹
1239 1334 1319 1363 Caesa
1339 1334 1481 1363 cecidisset
1503 1333 1527 1362 E
1543 1331 1572 1360 U
1587 1331 1613 1366 ψ
1632 1330 1717 1367 Caesae
1738 1331 1802 1356 ceci-

1279 1375 1365 1412 dg'ffint
1781 1408 1786 1413 ·

1177 1429 1218 1438 —
1238 1414 1361 1452 abiegna
1382 1413 1418 1442 ad
1432 1421 1535 1443 terram
1550 1410 1642 1440 trabes
1660 1409 1684 1437 E
1699 1406 1726 1443 ψ
1739 1405 1801 1435 abx-

1271 1465 1347 1492 genae
1358 1453 1444 1481 trabes

1180 1503 1215 1531 33
1237 1494 1332 1522 Pelius
1346 1493 1369 1520 E
1385 1492 1483 1521 Pellias

1176 1548 1217 1555 —
1236 1532 1418 1570 similiterque
1432 1531 1459 1567 ψ
1465 1530 1589 1569 fimiliter

1179 1583 1217 1611 34
1237 1572 1378 1612 superiora
1392 1578 1564 1610 repetentem
1580 1566 1692 1607 regredi
1716 1565 1740 1594 E
1753 1566 1802 1601 su-

1273 1614 1368 1651 pervi:
1382 1611 1481 1650 regredi
1494 1609 1643 1647 &superius
1656 1607 1755 1645 regredi

1184 1662 1219 1691 35
1242 1652 1310 1680 inde
1325 1652 1355 1680 U
1370 1653 1439 1680 modo

1177 1708 1217 1715 —
1237 1691 1403 1720 inchoandae
1418 1691 1441 1719 E
1459 1689 1488 1718 U
1504 1689 1642 1718 inchoandi

1178 1747 1219 1755 -
1239 1732 1360 1769 caepisset
1374 1731 1402 1759 U
1417 1731 1512 1768 cepzffit

1101 1783 1111 1802 1
1123 1783 1130 1802 1
1142 1781 1152 1801 ι
1200 1783 1216 1802 z
1237 1772 1349 1799 efferret
1363 1772 1386 1799 E
1401 1771 1450 1798 huc
1462 1771 1545 1808 efferet
1559 1766 1587 1804 ψ
1601 1767 1648 1796 buc
1661 1765 1766 1802 assem-et

1200 1823 1214 1850 3
1239 1811 1344 1840 Medea
1355 1810 1378 1838 E
1390 1808 1418 1845 ψ
1432 1809 1457 1837 d.

1197 1863 1216 1888 4
1237 1861 1277 1879 eae
1291 1851 1315 1879 E
1329 1851 1354 1885 ψ
1369 1850 1425 1879 baec

1174 1906 1215 1913 —
1236 1891 1368 1918 afferrent
1382 1890 1405 1917 E
1418 1889 1444 1922 ψ
1457 1889 1567 1926 afflrens

1197 1942 1212 1970 ς
1235 1929 1373 1967 ejusmodi
1387 1929 1411 1957 E
1429 1927 1571 1966 hujusmodi

1196 1971 1214 1999 6
1235 1979 1293 2008 quo
1308 1970 1330 1997 E
1345 1980 1398 1998 cum
1412 1979 1459 2007 quo

1195 2021 1214 2079 ἒ
1235 2008 1486 2086 ἓὲῗυῖῗῖ-ῗλῖἰῗ

1174 2104 1215 2112 ·-
1236 2089 1298 2117 Nec
1315 2088 1337 2116 E
1349 2099 1379 2116 ne

1180 2139 1215 2159 ιο
1237 2128 1361 2155 ulcerato
1375 2126 1399 2154 E
1411 2127 1437 2159 ψ
1451 2126 1478 2154 d.

1176 2183 1213 2192 -
1234 2166 1326 2195 morsu
1361 2166 1519 2195 Philosteta
1553 2163 1577 2192 E
1608 2162 1640 2200 ψ,
1665 2162 1797 2192 Philoma

1266 2209 1358 2243 saucio

1178 2257 1207 2276 ιι
1233 2247 1256 2275 is
1270 2246 1299 2274 in
1317 2246 1338 2274 E
1353 2246 1379 2274 d.

1176 2297 1210 2325 ¹3
1233 2285 1286 2314 Sed
1302 2285 1360 2322 Est

1178 2337 1188 2355 ι
1197 2337 1212 2364 7
1234 2335 1267 2354 ea
1282 2326 1304 2354 E
1315 2326 1341 2353 d.

1172 2380 1213 2389 -·-
1233 2366 1271 2394 ait
1286 2365 1354 2403 quid
1371 2364 1392 2392 E
1404 2364 1429 2398 ψ
1443 2365 1554 2401 affirma!
1567 2363 1636 2401 quod

1176 2415 1214 2435 zo
1233 2405 1364 2433 volumus
1380 2405 1402 2433 E
1417 2405 1442 2438 ψ
1457 2403 1610 2432 voluerim:

1175 2455 1207 2475 21
1233 2445 1366 2474 effeEd.

1414 2481 1487 2511 Lll
1511 2491 1526 2510 2
