2223 3003
443 350 520 388 244
840 334 944 373 DE
1015 331 1442 374 OFFICIIS

439 437 654 490 benignitas
674 433 816 487 aperire
836 447 914 472 non
935 433 1047 487 pofiit
1063 451 1075 479 ;
1106 447 1178 473 nec
1198 434 1251 473 ita
1270 434 1475 480 reseranda,
1503 442 1546 473 ut
1565 442 1691 488 pateat
1708 437 1840 475 omni-'

440 505 525 541 bus.
557 502 705 540 Modus
725 499 962 547 adhibeatur,
993 501 1100 554 isque
1130 500 1314 540 referatur
1343 502 1389 540 ad
1407 501 1620 540 facultates.
1664 501 1842 541 Omnino

438 567 655 607 meminiffe
692 567 877 607 debemus
917 567 970 613 id,
1002 567 1120 620 quod,
1159 581 1181 606 a
1215 568 1351 607 nostris
1388 567 1616 607 hominibus
1647 567 1843 621 saepiffime

438 634 679 687 usurpatum,
705 635 789 687 jam
820 634 860 672 in
894 634 1087 688 proverbii
1107 634 1426 674 consuetudinem
1445 635 1563 680 venit,
1595 634 1842 687 largitionem

437 700 607 740 fundum
638 714 716 740 non
747 699 900 740 habere.
951 701 1112 739 Etenim
1139 701 1226 753 quis
1258 701 1379 754 potest
1410 701 1549 740 modus
1580 700 1664 746 effe,
1691 713 1784 739 cum
1804 708 1843 738 et

437 766 543 806 idem
563 767 632 820 qui
652 767 896 811 consuerunt,
917 775 956 804 et
975 767 1078 804 idem
1099 766 1198 805 illud
1217 767 1282 805 alii
1301 767 1538 806 defiderent?

493 835 606 873 XVI.
631 834 809 872 Omnino
828 833 906 871 duo
925 832 1012 870 sunt
1032 846 1171 885 genera
1184 833 1378 886 largorum
1393 852 1406 879 ς
1437 847 1605 886 quorum
1621 833 1729 871 alteri
1750 844 1841 886 pro-

438 900 534 954 digi,
556 900 664 938 alteri
694 898 882 937 liberales.
928 897 1100 950 Prodigi,
1128 899 1197 951 qui
1216 899 1355 951 epulis,
1387 908 1426 936 et
1445 899 1773 943 viscerationibus,
1804 906 1844 936 et

438 965 672 1018 gladiatoriis
693 964 934 1009 muneribus,
954 963 1140 1002 ludorum
1159 963 1488 1017 venationumque
1506 973 1699 1017 apparatu,
1721 977 1842 1016 pecu-

439 1031 520 1070 nias
540 1031 784 1085 profundunt
803 1031 844 1068 in
864 1043 923 1069 eas
955 1043 1027 1075 res,
1058 1043 1223 1083 quarum
1244 1030 1473 1068 memoriam
1492 1039 1558 1068 aut
1577 1030 1747 1074 brevem,
1778 1037 1846 1068 aut

439 1097 589 1136 nullam
608 1097 771 1136 omnino
790 1096 863 1135 fint
883 1096 1064 1135 relicturi.
1087 1096 1283 1136 Liberales
1303 1105 1448 1141 autem,
1463 1097 1532 1149 qui
1551 1096 1626 1135 suis
1646 1095 1843 1135 facultati-

439 1164 513 1203 bus
532 1174 598 1203 aut
616 1173 747 1218 captos
767 1177 788 1202 a
806 1163 1052 1217 praedonibus
1071 1163 1282 1208 redimunt,
1300 1172 1364 1201 aut
1380 1176 1427 1202 aes
1447 1163 1618 1201 alienum
1633 1161 1845 1215 suscipiunt

439 1231 670 1276 amicorum,
691 1239 758 1268 aut
776 1230 817 1269 in
836 1229 1004 1268 filiarum
1025 1230 1278 1269 collocatione
1296 1229 1490 1281 adjuvant,
1521 1238 1586 1267 aut
1605 1229 1848 1282 opitulantur

440 1297 480 1335 in
501 1311 540 1336 re
559 1297 619 1335 vel
639 1296 855 1350 quaerenda,
875 1296 933 1335 vel
955 1296 1140 1349 augenda.
1183 1297 1318 1349 Itaque
1337 1295 1470 1340 miror,
1493 1295 1588 1348 quid
1609 1296 1648 1333 in
1670 1305 1844 1334 mentem

439 1363 586 1401 venerit
605 1363 643 1401 T
647 1360 889 1414 heophrasto,
910 1361 950 1400 in
970 1375 1016 1400 eo
1035 1362 1149 1407 libro,
1164 1375 1282 1415 quem
1303 1362 1350 1400 de
1370 1361 1514 1400 divitiis
1536 1361 1693 1414 scripsit,
1709 1361 1748 1399 in
1765 1375 1846 1414 quo

441 1429 564 1468 multa
594 1429 798 1481 praeclare;
831 1427 928 1466 illud
959 1427 1146 1466 absurde:
1183 1428 1237 1466 est
1265 1428 1371 1466 enim
1406 1427 1554 1466 multus
1586 1428 1626 1466 in
1658 1427 1846 1465 laudanda

441 1495 727 1549 magnificentia
759 1503 797 1532 et
817 1494 1060 1547 apparatione
1082 1494 1329 1547 popularium
1358 1507 1595 1538 munerum;
1628 1493 1846 1546 taliumque

440 1562 668 1614 sumptuum
700 1559 940 1605 facultatem,
972 1559 1144 1598 fruCtum
1165 1560 1387 1598 divitiarum
1418 1568 1542 1613 putat.
1585 1558 1693 1597 Mihi
1714 1568 1844 1598 autem

438 1627 504 1666 ille
523 1626 670 1666 fruetus
691 1626 944 1672 liberalitatis,
965 1628 1076 1679 cujus
1095 1626 1272 1680 exempla
1289 1639 1410 1679 pauca
1430 1625 1551 1679 posui,
1578 1626 1706 1664 multo
1725 1626 1845 1665 etiam

440 1694 560 1746 major
579 1693 731 1732 videtur
749 1701 787 1730 et
807 1693 958 1731 certior.
979 1693 1139 1745 Qanto
1159 1692 1381 1732 Aristoteles
1401 1693 1552 1746 gravius
1571 1702 1610 1730 et
1629 1694 1753 1732 verius
1775 1706 1844 1732 nos

439 1759 696 1813 reprehendit,
726 1759 795 1811 qui
814 1757 882 1798 has
902 1760 1155 1812 pecuniarum
1175 1758 1373 1798 effufiones
1395 1773 1473 1798 non
1493 1760 1741 1806 admiremur,
1759 1772 1845 1812 quae

440 1826 539 1864 fiunt
559 1825 605 1863 ad
626 1825 921 1863 multitudinem
941 1825 1225 1865 deliniendam:
1258 1835 1295 1865 at
1315 1826 1357 1870 ii,
1383 1826 1451 1879 qui
1472 1826 1519 1864 ab
1540 1824 1646 1864 hoste
1665 1825 1844 1864 obsiden-

440 1901 515 1936 tur,
547 1891 572 1929 s1
603 1904 730 1929 emere
760 1904 866 1942 aquae
897 1891 1102 1929 sextarium
1133 1892 1240 1929 mina
1259 1901 1500 1943 cogerentur,
1530 1891 1606 1930 hoc
1633 1893 1763 1944 primo
1780 1893 1844 1930 in·-

439 1957 621 1996 credibile
641 1957 752 1995 nobis
772 1956 907 2001 videri,
939 1956 1149 2010 omnesque
1183 1957 1338 2002 mirari;
1370 1957 1446 2001 sed,
1479 1971 1571 1995 cum
1598 1958 1843 2002 attenderint,

440 2023 591 2061 veniam
613 2021 818 2061 neceffitati
839 2022 951 2061 dare:
984 2023 1023 2060 in
1054 2022 1115 2061 his
1137 2023 1375 2061 immanibus
1400 2024 1573 2075 jasturis,
1608 2023 1844 2076 infinitisque

441 2088 675 2142 sumptibus,
696 2087 796 2126 nihil
817 2101 885 2126 nos
906 2102 1138 2141 magnopere
1160 2090 1315 2134 mirari,
1338 2103 1430 2127 cum
1453 2089 1658 2142 praesertim
1683 2103 1752 2127 nec
1775 2103 1844 2127 ne-

441 2155 596 2193 cessitati
619 2154 875 2199 subveniatur,
897 2168 967 2193 nec
995 2155 1160 2207 dignitas
1181 2165 1385 2208 augeatur3
1419 2155 1572 2208 ipsaque
1593 2155 1658 2193 illa
1678 2155 1843 2194 delecta-

442 2223 496 2259 tio
517 2221 781 2260 multitudinis
803 2221 846 2259 sit
867 2221 912 2259 ad
934 2221 1045 2259 breve
1065 2222 1330 2274 exiguumque
1355 2231 1521 2275 ternpus,
1553 2235 1671 2275 eaque
1692 2236 1712 2259 a
1732 2222 1844 2259 levis-

443 2287 536 2325 simo
556 2301 739 2340 quoque,
772 2288 810 2325 in
843 2301 921 2339 quo
943 2296 1069 2325 tamen
1093 2288 1185 2340 ipso,
1219 2287 1294 2325 una
1320 2302 1411 2326 cum
1445 2289 1624 2332 satietate,
1656 2288 1843 2326 memoria

440 2367 597 2406 quoquc
618 2354 802 2391 moriatur
823 2353 1042 2406 voluptatis.
1077 2355 1177 2392 Bene
1196 2355 1313 2392 etiam
1334 2353 1499 2405 colligit.
1531 2353 1611 2391 hoec
1634 2354 1773 2406 pueris,
1805 2363 1844 2392 ct

442 2419 697 2462 mulierculis.
729 2429 764 2456 et
788 2419 911 2464 servis,
943 2430 979 2458 et
1000 2420 1193 2459 servorum
1225 2419 1433 2457 simillimis
1455 2420 1596 2462 liberis,
1619 2419 1688 2457 effe
1708 2430 1841 2472 gratam

441 2485 543 2538 gravi
567 2499 654 2523 vcro
675 2484 840 2530 homini,
873 2495 910 2523 ct
936 2500 990 2531 cn,
1024 2501 1108 2539 quae
1140 2485 1252 2530 fiunt,
1284 2485 1434 2538 jndicio
1465 2495 1569 2523 certo
1601 2486 1842 2538 ponderanti,

443 2551 590 2605 probari
615 2551 712 2604 posse
735 2551 842 2589 nullo
863 2553 993 2591 modo.

498 2620 731 2671 Qanquam
754 2618 944 2672 intelligo,
976 2619 1013 2657 in
1038 2619 1159 2659 nostra
1179 2619 1332 2657 civitate
1361 2617 1670 2671 inveterass‘ejam
1690 2631 1709 2655 a
1732 2617 1842 2656 bonis
