2223 3003
396 253 470 295 132
802 238 904 277 DE
975 237 1376 275 LEGIBUS

390 339 432 378 in
451 353 493 378 ea
511 340 670 392 quidem
691 336 894 390 spernenda
912 344 951 373 et
971 334 1216 388 repudianda,
1244 335 1365 373 virtus
1385 334 1445 372 vel
1464 333 1634 372 maxime
1659 335 1787 373 cerni-

390 415 466 445 tur.
485 403 694 447 Videtisne,
715 410 857 454 quanta
876 400 984 439 series
1004 414 1134 439 rerum
1154 400 1505 453 sententiarumque
1525 399 1595 445 s1t3
1617 409 1731 452 atque
1746 408 1791 438 ut

389 485 436 510 ex
456 471 530 509 alio
546 469 618 507 alia
636 469 834 506 nestantur
851 467 864 504 ?
886 467 995 518 Qin
1011 467 1165 506 labebar
1183 466 1352 520 longius,
1375 467 1444 505 nifi
1461 479 1524 505 me
1537 465 1787 504 retinuissem.

415 537 508 575 XX.
543 536 769 587 Q1NTus.
791 534 883 584 Qo
903 534 1059 573 tandem
1077 534 1091 571 ?
1120 534 1285 572 libenter
1306 534 1427 580 enim,
1455 533 1584 578 frater,
1614 533 1660 571 ad
1680 532 1790 571 istam

390 603 603 647 orationem
623 611 754 641 tecum
774 600 1002 654 prolaberer.
1035 601 1246 640 MARCUS.
1270 601 1333 639 Ad
1353 600 1473 639 finem
1490 601 1697 644 bonorum,
1711 611 1789 652 quo

389 667 621 713 referuntur,
651 678 690 706 et
719 667 829 719 cujus
849 666 1042 720 apiscendi
1062 666 1170 705 causa
1194 667 1281 705 sunt
1300 665 1475 705 facienda
1504 666 1660 705 omnia:
1692 678 1789 704 con-

387 734 595 773 troversam
615 747 710 778 rem,
742 743 781 771 et
800 732 954 786 plenam
974 731 1206 771 dissensionis
1237 733 1337 771 inter
1356 732 1605 776 dofflssimos,
1637 731 1698 769 sed
1718 730 1790 768 ali-

389 801 545 854 quando
564 811 690 839 tamen
705 797 968 852 judicandam.
1010 800 1235 837 ATTicus.
1258 799 1339 849 Qt
1359 798 1459 837 istud
1477 797 1559 836 fieri
1582 796 1716 851 potest,
1739 797 1788 834 L.

388 867 522 906 Gellio
542 865 724 905 mortuo?
756 865 966 902 MAncus.
990 863 1098 915 Qid
1119 864 1274 902 tandem
1293 863 1332 902 id
1352 864 1398 902 ad
1418 865 1532 903 rem?
1564 865 1789 902 ATT1cus.

389 935 495 986 Qia
514 947 577 971 me
599 931 764 971 Athenis
790 930 920 968 audire
941 944 988 968 ex
1008 929 1170 969 Phaedro
1189 945 1277 969 meo
1297 931 1475 976 memini,
1507 929 1700 975 Gellium,
1731 927 1791 967 fa-

387 999 579 1038 miliarem
601 1008 728 1042 tuum,
757 1010 851 1034 cum
872 1010 941 1050 pro
962 995 1129 1035 Consule
1148 1009 1194 1035 ex
1215 1006 1377 1049 praetura
1395 997 1436 1035 in
1457 997 1649 1035 Graeciam
1664 994 1792 1034 venis·

389 1065 454 1110 set,
474 1064 640 1104 Athenis
671 1062 937 1117 philosophos,
969 1063 1038 1115 qui
1069 1072 1155 1100 tum
1175 1072 1294 1108 erant,
1325 1063 1366 1101 in
1392 1062 1526 1102 locum
1547 1075 1671 1100 unum
1695 1074 1795 1099 con-

389 1131 545 1176 vocass‘e,
570 1130 731 1184 ipfisque
755 1142 987 1182 magnopere
1007 1130 1203 1167 auctorem
1228 1127 1353 1175 fuisse,
1386 1138 1430 1168 ut
1458 1127 1666 1181 aliquando
1693 1140 1794 1166 con-

390 1197 654 1237 troversiarum
673 1196 845 1248 aliquem
864 1194 1033 1233 facerent
1053 1195 1231 1233 modum.
1263 1195 1382 1246 Qod
1398 1195 1424 1232 fi
1444 1193 1561 1232 essent
1580 1208 1625 1233 eo
1644 1194 1790 1239 animo,

389 1272 432 1302 ut
453 1263 602 1301 nollent
622 1270 773 1300 aetatem
793 1261 833 1298 in
864 1260 999 1298 litibus
1021 1270 1228 1305 conterere,
1259 1259 1361 1312 poss‘e
1382 1273 1464 1298 rem
1493 1259 1722 1298 convenire:
1753 1268 1792 1297 et

388 1329 503 1368 simul
523 1341 679 1381 operam
698 1326 803 1365 suam
824 1325 900 1364 illis
921 1325 991 1363 effe
1007 1325 1243 1378 pollicitum,
1265 1326 1290 1363 fi
1311 1325 1430 1378 pofl'et
1446 1326 1544 1364 inter
1560 1339 1623 1364 eos
1645 1325 1792 1378 aliquid

387 1394 606 1434 convenire.
656 1393 867 1432 MARCUS.
899 1391 1078 1442 joculare
1108 1391 1209 1429 istud
1238 1392 1413 1444 quidem,
1457 1391 1666 1445 Pomponi,
1702 1402 1739 1430 et
1773 1405 1793 1429 a

388 1460 524 1500 multis
545 1460 639 1513 saepe
659 1457 853 1497 derisum:
885 1456 947 1495 sed
977 1470 1050 1509 ego
1080 1457 1191 1510 plane
1221 1457 1361 1496 vellem
1383 1471 1447 1495 me
1477 1458 1666 1496 arbitrum
1694 1459 1794 1495 inter

387 1527 587 1580 antiquam
607 1525 859 1564 Academiam
879 1532 917 1561 et
939 1524 1143 1562 Zenonem
1163 1524 1311 1562 datum.
1344 1525 1568 1562 ATT1cus.
1592 1524 1686 1576 Qo
1706 1532 1792 1561 tan-

387 1593 477 1632 dem
498 1593 594 1630 istuc
614 1592 760 1631 modo?
805 1591 1020 1629 MARctrs.
1044 1591 1149 1641 Qia
1168 1590 1214 1628 de
1234 1603 1274 1628 re
1294 1603 1370 1628 una
1389 1590 1514 1628 solum
1535 1589 1724 1635 diffident,
1746 1591 1793 1628 de

387 1659 531 1698 caeteris
551 1657 716 1697 mirifice
735 1665 969 1710 congruunt.
1007 1658 1240 1696 ATTlcus.
1262 1656 1354 1695 Ain'
1374 1656 1560 1695 tandem?
1596 1670 1720 1695 unane
1740 1657 1793 1695 est

387 1725 513 1765 solum
532 1723 704 1764 diffenfio
725 1725 738 1761 ?
770 1724 986 1763 MARcus.
1008 1723 1106 1772 Qae
1127 1723 1289 1776 quidem
1308 1723 1355 1761 ad
1375 1736 1456 1761 rem
1471 1723 1673 1775 pertineat,
1696 1736 1790 1761 una:

388 1795 534 1846 quippe
552 1805 646 1830 cum
665 1791 816 1843 antiqui
835 1803 985 1836 omnes,
1015 1790 1120 1842 quod
1147 1790 1357 1829 secundum
1381 1798 1556 1828 naturam
1577 1788 1680 1834 esset,
1711 1803 1794 1842 quo

383 1861 605 1911 juvaremur
632 1858 673 1895 in
703 1857 794 1901 vita,
825 1857 975 1894 bonum
996 1855 1067 1893 effe
1093 1856 1330 1894 decreverint
1346 1875 1358 1899 ;
1389 1855 1469 1901 hic,
1503 1855 1572 1894 nisi
1592 1855 1698 1908 quod
1717 1854 1792 1894 ho-

389 1924 541 1963 nestum
560 1923 662 1968 effet,
693 1921 793 1960 nihil
824 1922 968 1975 putarit
988 1922 1151 1960 bonum.
1203 1924 1431 1960 ATT1cus.
1456 1923 1683 1973 Perparvam
1703 1935 1793 1960 vero

389 1989 684 2029 controverfiam
705 1987 816 2033 dicis,
838 2001 880 2026 ac
901 2001 979 2025 non
999 2001 1097 2032 eam,
1120 2001 1204 2040 quae
1225 1987 1380 2026 dirimat
1399 1987 1544 2026 omnia.
1578 1987 1791 2025 MAncus.

392 2057 515 2095 Probe
536 2055 694 2109 quidem
716 2054 842 2099 sentis,
865 2054 890 2092 fi
911 2068 962 2099 re,
984 2068 1026 2092 ac
1048 2068 1125 2092 non
1147 2055 1286 2099 verbis,
1309 2054 1540 2092 diffiderent.

444 2123 557 2162 XXI.
576 2124 802 2160 Arncus.
822 2121 928 2173 Ergo
943 2120 1124 2159 assentiris
1146 2120 1346 2159 Antiocho
1366 2120 1546 2159 familiari
1566 2133 1668 2165 meo,
1689 2121 1793 2171 (ma—

388 2191 504 2243 gistro
523 2189 628 2228 enim
649 2203 726 2227 non
747 2188 867 2227 audeo
886 2188 1030 2239 dicere)
1056 2201 1229 2241 quocum
1247 2189 1340 2233 vixi,
1362 2198 1400 2226 et
1419 2189 1488 2241 qui
1508 2201 1571 2227 me
1590 2201 1636 2226 ex
1659 2186 1792 2225 nostris

390 2271 486 2310 pene
518 2255 701 2295 convellit
732 2253 914 2299 hortulis,
945 2254 1182 2307 deduxitque
1214 2255 1254 2293 in
1276 2254 1528 2293 Academiam
1549 2253 1792 2307 perpauculis

389 2322 568 2376 pastibus.
601 2322 817 2359 MARCUS.
842 2321 912 2357 Vir
932 2319 1013 2365 istc,
1036 2319 1111 2358 fuit
1131 2320 1198 2359 ille
1218 2321 1378 2374 quidem
1400 2321 1566 2373 prudens
1586 2329 1624 2358 et
1643 2329 1791 2363 acutus,

390 2398 426 2427 et
449 2389 487 2427 in
510 2389 574 2427 suo
594 2401 729 2440 genere
751 2386 954 2441 persectuS,
979 2386 1172 2440 mihique,
1205 2398 1249 2426 ut
1269 2387 1353 2433 scis,
1379 2387 1602 2431 familiaris;
1639 2387 1702 2424 cui
1734 2396 1792 2423 ta—

391 2469 479 2494 men
500 2469 572 2507 cgo
592 2454 761 2492 alsentinr
794 2455 832 2492 in
866 2454 1064 2499 omnibus,
1099 2468 1232 2500 necne,
1266 2468 1359 2494 mox
1393 2454 1545 2493 videro:
1578 2453 1653 2492 hoc
1688 2453 1790 2498 dico,

391 2522 684 2560 comtos-ernam
707 2530 825 2559 totam
849 2521 955 2558 istam
978 2520 1078 2574 posse
1098 2521 1228 2560 sedari.

447 2590 675 2629 Amicus.
708 2589 790 2642 Q?
810 2587 908 2627 istud
930 2587 1082 2629 tandem
1102 2588 1239 2629 vides?
1279 2588 1494 2630 MARCUS.
1528 2587 1647 2640 Qin,
1677 2586 1718 2634 fi,
1750 2595 1791 2624 ut
