<?xml version="1.0" encoding="UTF-8"?>
<!DOCTYPE html PUBLIC "-//W3C//DTD XHTML 1.0 Transitional//EN"
    "http://www.w3.org/TR/xhtml1/DTD/xhtml1-transitional.dtd">
<html xmlns="http://www.w3.org/1999/xhtml" xml:lang="en" lang="en">
 <head>
  <title>
</title>
<meta http-equiv="Content-Type" content="text/html;charset=utf-8" />
  <meta name='ocr-system' content='tesseract 3.04.00' />
  <meta name='ocr-capabilities' content='ocr_page ocr_carea ocr_par ocr_line ocrx_word'/>
</head>
<body>
  <div class='ocr_page' id='page_1' title='image "./operacumindicibu03ciceuoft_0425.png"; bbox 0 0 2223 3003; ppageno 0'>
   <div class='ocr_carea' id='block_1_1' title="bbox 706 222 1710 275">
    <p class='ocr_par' dir='ltr' id='par_1_1' title="bbox 706 222 1710 275">
     <span class='ocr_line' id='line_1_1' title="bbox 706 222 1710 275; baseline 0.001 -13"><span class='ocrx_word' id='word_1_1' title='bbox 706 222 1309 263; x_wconf 86' lang='lat' dir='ltr'><strong>FRAGMENTA.</strong></span> <span class='ocrx_word' id='word_1_2' title='bbox 1635 240 1710 275; x_wconf 69' lang='lat'>4¹9</span> 
     </span>
    </p>
   </div>
   <div class='ocr_carea' id='block_1_2' title="bbox 302 320 1717 2623">
    <p class='ocr_par' dir='ltr' id='par_1_2' title="bbox 305 320 1715 968">
     <span class='ocr_line' id='line_1_2' title="bbox 306 320 1713 375; baseline 0 -15"><span class='ocrx_word' id='word_1_3' title='bbox 306 321 444 360; x_wconf 87' lang='lat' dir='ltr'>eodem</span> <span class='ocrx_word' id='word_1_4' title='bbox 464 332 556 366; x_wconf 88' lang='lat' dir='ltr'>erat,</span> <span class='ocrx_word' id='word_1_5' title='bbox 586 320 800 375; x_wconf 89' lang='lat' dir='ltr'>eodemque</span> <span class='ocrx_word' id='word_1_6' title='bbox 831 321 949 360; x_wconf 91' lang='lat' dir='ltr'>modo</span> <span class='ocrx_word' id='word_1_7' title='bbox 979 322 1164 367; x_wconf 68' lang='lat' dir='ltr'>debatur,</span> <span class='ocrx_word' id='word_1_8' title='bbox 1198 322 1369 375; x_wconf 85' lang='lat' dir='ltr'>undique</span> <span class='ocrx_word' id='word_1_9' title='bbox 1389 322 1441 360; x_wconf 89' lang='lat' dir='ltr'>est</span> <span class='ocrx_word' id='word_1_10' title='bbox 1461 335 1520 361; x_wconf 87' lang='lat' dir='ltr'>eas</span> <span class='ocrx_word' id='word_1_11' title='bbox 1541 322 1713 360; x_wconf 86' lang='lat' dir='ltr'>circum·</span> 
     </span>
     <span class='ocr_line' id='line_1_3' title="bbox 307 388 1712 443; baseline 0 -17"><span class='ocrx_word' id='word_1_12' title='bbox 307 388 460 440; x_wconf 83' lang='lat' dir='ltr'>plexus.</span> <span class='ocrx_word' id='word_1_13' title='bbox 502 390 635 440; x_wconf 91' lang='lat' dir='ltr'>Atque</span> <span class='ocrx_word' id='word_1_14' title='bbox 670 388 722 426; x_wconf 85' lang='lat' dir='ltr'>ita</span> <span class='ocrx_word' id='word_1_15' title='bbox 738 417 749 433; x_wconf 95' lang='lat'>,</span> <span class='ocrx_word' id='word_1_16' title='bbox 786 401 879 426; x_wconf 90' lang='lat' dir='ltr'>cum</span> <span class='ocrx_word' id='word_1_17' title='bbox 913 388 1077 427; x_wconf 88' lang='lat' dir='ltr'>alterum</span> <span class='ocrx_word' id='word_1_18' title='bbox 1122 388 1211 427; x_wconf 81' lang='lat' dir='ltr'>effet</span> <span class='ocrx_word' id='word_1_19' title='bbox 1240 389 1469 428; x_wconf 78' lang='lat' dir='ltr'>exteriorem</span> <span class='ocrx_word' id='word_1_20' title='bbox 1512 390 1712 443; x_wconf 57' lang='lat' dir='ltr'>amplexus</span> 
     </span>
     <span class='ocr_line' id='line_1_4' title="bbox 307 453 1712 506; baseline 0.002 -15"><span class='ocrx_word' id='word_1_21' title='bbox 307 454 458 498; x_wconf 88' lang='lat' dir='ltr'>orbem,</span> <span class='ocrx_word' id='word_1_22' title='bbox 481 453 610 500; x_wconf 91' lang='lat' dir='ltr'>illum,</span> <span class='ocrx_word' id='word_1_23' title='bbox 631 453 799 506; x_wconf 87' lang='lat' dir='ltr'>ejusdem</span> <span class='ocrx_word' id='word_1_24' title='bbox 821 463 962 492; x_wconf 82' lang='lat' dir='ltr'>naturae</span> <span class='ocrx_word' id='word_1_25' title='bbox 974 472 986 500; x_wconf 71' lang='lat'>5</span> <span class='ocrx_word' id='word_1_26' title='bbox 1019 453 1139 500; x_wconf 91' lang='lat' dir='ltr'>hunc,</span> <span class='ocrx_word' id='word_1_27' title='bbox 1161 455 1314 494; x_wconf 82' lang='lat' dir='ltr'>alterius</span> <span class='ocrx_word' id='word_1_28' title='bbox 1336 456 1572 494; x_wconf 85' lang='lat' dir='ltr'>nominavit:</span> <span class='ocrx_word' id='word_1_29' title='bbox 1605 470 1712 494; x_wconf 85' lang='lat' dir='ltr'>eam-</span> 
     </span>
     <span class='ocr_line' id='line_1_5' title="bbox 306 519 1711 575; baseline 0.003 -18"><span class='ocrx_word' id='word_1_30' title='bbox 306 533 397 572; x_wconf 88' lang='lat' dir='ltr'>que,</span> <span class='ocrx_word' id='word_1_31' title='bbox 411 534 497 573; x_wconf 87' lang='lat' dir='ltr'>quae</span> <span class='ocrx_word' id='word_1_32' title='bbox 515 529 594 559; x_wconf 88' lang='lat' dir='ltr'>erat</span> <span class='ocrx_word' id='word_1_33' title='bbox 612 519 796 573; x_wconf 90' lang='lat' dir='ltr'>ejusdem,</span> <span class='ocrx_word' id='word_1_34' title='bbox 819 519 972 559; x_wconf 78' lang='lat' dir='ltr'>detorsit</span> <span class='ocrx_word' id='word_1_35' title='bbox 991 534 1012 558; x_wconf 90' lang='lat' dir='ltr'>a</span> <span class='ocrx_word' id='word_1_36' title='bbox 1031 520 1146 559; x_wconf 83' lang='lat' dir='ltr'>latere</span> <span class='ocrx_word' id='word_1_37' title='bbox 1166 522 1204 559; x_wconf 89' lang='lat' dir='ltr'>in</span> <span class='ocrx_word' id='word_1_38' title='bbox 1222 521 1395 560; x_wconf 77' lang='lat' dir='ltr'>dextram</span> <span class='ocrx_word' id='word_1_39' title='bbox 1417 532 1563 575; x_wconf 86' lang='lat' dir='ltr'>partem</span> <span class='ocrx_word' id='word_1_40' title='bbox 1577 541 1588 568; x_wconf 68' lang='grc' dir='ltr'><strong><em>ς</em></strong></span> <span class='ocrx_word' id='word_1_41' title='bbox 1612 522 1711 561; x_wconf 79' lang='lat' dir='ltr'>hanc</span> 
     </span>
     <span class='ocr_line' id='line_1_6' title="bbox 306 586 1712 642; baseline 0.002 -18"><span class='ocrx_word' id='word_1_42' title='bbox 306 594 437 624; x_wconf 86' lang='lat' dir='ltr'>autem</span> <span class='ocrx_word' id='word_1_43' title='bbox 457 587 634 625; x_wconf 89' lang='lat' dir='ltr'>citimam</span> <span class='ocrx_word' id='word_1_44' title='bbox 664 600 684 624; x_wconf 92' lang='lat' dir='ltr'>a</span> <span class='ocrx_word' id='word_1_45' title='bbox 714 586 842 624; x_wconf 83' lang='lat' dir='ltr'>media</span> <span class='ocrx_word' id='word_1_46' title='bbox 872 586 970 624; x_wconf 88' lang='lat' dir='ltr'>linea</span> <span class='ocrx_word' id='word_1_47' title='bbox 991 587 1131 625; x_wconf 84' lang='lat' dir='ltr'>direxit</span> <span class='ocrx_word' id='word_1_48' title='bbox 1162 587 1208 625; x_wconf 89' lang='lat' dir='ltr'>ad</span> <span class='ocrx_word' id='word_1_49' title='bbox 1232 587 1389 626; x_wconf 81' lang='lat' dir='ltr'>laevam:</span> <span class='ocrx_word' id='word_1_50' title='bbox 1423 588 1483 626; x_wconf 86' lang='lat' dir='ltr'>sed</span> <span class='ocrx_word' id='word_1_51' title='bbox 1519 590 1712 642; x_wconf 84' lang='lat' dir='ltr'>principa-</span> 
     </span>
     <span class='ocr_line' id='line_1_7' title="bbox 307 651 1714 705; baseline 0.003 -16"><span class='ocrx_word' id='word_1_52' title='bbox 307 659 394 690; x_wconf 88' lang='lat' dir='ltr'>tum</span> <span class='ocrx_word' id='word_1_53' title='bbox 415 651 519 690; x_wconf 84' lang='lat' dir='ltr'><strong>dedit</strong></span> <span class='ocrx_word' id='word_1_54' title='bbox 539 651 736 704; x_wconf 86' lang='lat' dir='ltr'>superiori,</span> <span class='ocrx_word' id='word_1_55' title='bbox 753 664 871 703; x_wconf 89' lang='lat' dir='ltr'>quam</span> <span class='ocrx_word' id='word_1_56' title='bbox 891 651 1009 689; x_wconf 87' lang='lat' dir='ltr'>solam</span> <span class='ocrx_word' id='word_1_57' title='bbox 1030 652 1272 690; x_wconf 84' lang='lat' dir='ltr'>individuam</span> <span class='ocrx_word' id='word_1_58' title='bbox 1293 653 1462 705; x_wconf 90' lang='lat' dir='ltr'>reliquit.</span> <span class='ocrx_word' id='word_1_59' title='bbox 1488 654 1714 693; x_wconf 82' lang='lat' dir='ltr'>Interiorem</span> 
     </span>
     <span class='ocr_line' id='line_1_8' title="bbox 305 715 1715 772; baseline 0.002 -17"><span class='ocrx_word' id='word_1_60' title='bbox 305 726 437 756; x_wconf 89' lang='lat' dir='ltr'>autern</span> <span class='ocrx_word' id='word_1_61' title='bbox 457 730 550 756; x_wconf 90' lang='lat' dir='ltr'>cum</span> <span class='ocrx_word' id='word_1_62' title='bbox 570 717 610 755; x_wconf 89' lang='lat' dir='ltr'>in</span> <span class='ocrx_word' id='word_1_63' title='bbox 631 716 695 754; x_wconf 85' lang='lat' dir='ltr'>sex</span> <span class='ocrx_word' id='word_1_64' title='bbox 713 725 838 769; x_wconf 86' lang='lat' dir='ltr'>partes</span> <span class='ocrx_word' id='word_1_65' title='bbox 856 715 1045 762; x_wconf 82' lang='lat' dir='ltr'>divififfet,</span> <span class='ocrx_word' id='word_1_66' title='bbox 1062 717 1208 770; x_wconf 89' lang='lat' dir='ltr'>septem</span> <span class='ocrx_word' id='word_1_67' title='bbox 1224 718 1334 757; x_wconf 88' lang='lat' dir='ltr'>orbes</span> <span class='ocrx_word' id='word_1_68' title='bbox 1353 718 1515 771; x_wconf 83' lang='lat' dir='ltr'>dispares</span> <span class='ocrx_word' id='word_1_69' title='bbox 1537 719 1657 772; x_wconf 92' lang='lat' dir='ltr'>duplo</span> <span class='ocrx_word' id='word_1_70' title='bbox 1677 731 1715 758; x_wconf 88' lang='lat' dir='ltr'>et</span> 
     </span>
     <span class='ocr_line' id='line_1_9' title="bbox 306 782 1714 836; baseline 0.002 -15"><span class='ocrx_word' id='word_1_71' title='bbox 306 783 424 836; x_wconf 88' lang='lat' dir='ltr'>triplo</span> <span class='ocrx_word' id='word_1_72' title='bbox 444 782 645 821; x_wconf 87' lang='lat' dir='ltr'>intervallo</span> <span class='ocrx_word' id='word_1_73' title='bbox 665 782 812 821; x_wconf 89' lang='lat' dir='ltr'>moveri</span> <span class='ocrx_word' id='word_1_74' title='bbox 826 782 949 835; x_wconf 87' lang='lat' dir='ltr'>juffit,</span> <span class='ocrx_word' id='word_1_75' title='bbox 971 783 1171 822; x_wconf 82' lang='lat' dir='ltr'>contrariis</span> <span class='ocrx_word' id='word_1_76' title='bbox 1192 784 1290 822; x_wconf 88' lang='lat' dir='ltr'>inter</span> <span class='ocrx_word' id='word_1_77' title='bbox 1307 783 1342 821; x_wconf 90' lang='lat' dir='ltr'>se</span> <span class='ocrx_word' id='word_1_78' title='bbox 1360 784 1546 823; x_wconf 77' lang='lat' dir='ltr'>cursibus.</span> <span class='ocrx_word' id='word_1_79' title='bbox 1565 785 1714 824; x_wconf 88' lang='lat' dir='ltr'>Eorum</span> 
     </span>
     <span class='ocr_line' id='line_1_10' title="bbox 305 847 1712 906; baseline 0.003 -20"><span class='ocrx_word' id='word_1_80' title='bbox 305 857 437 887; x_wconf 90' lang='lat' dir='ltr'>autem</span> <span class='ocrx_word' id='word_1_81' title='bbox 459 849 578 887; x_wconf 89' lang='lat' dir='ltr'>trium</span> <span class='ocrx_word' id='word_1_82' title='bbox 598 847 693 887; x_wconf 92' lang='lat' dir='ltr'>fecit</span> <span class='ocrx_word' id='word_1_83' title='bbox 711 861 818 901; x_wconf 89' lang='lat' dir='ltr'>pares</span> <span class='ocrx_word' id='word_1_84' title='bbox 838 848 1063 894; x_wconf 86' lang='lat' dir='ltr'>celeritates,</span> <span class='ocrx_word' id='word_1_85' title='bbox 1085 848 1146 887; x_wconf 88' lang='lat' dir='ltr'>sed</span> <span class='ocrx_word' id='word_1_86' title='bbox 1167 858 1330 902; x_wconf 91' lang='lat' dir='ltr'>quatuor</span> <span class='ocrx_word' id='word_1_87' title='bbox 1350 858 1388 887; x_wconf 87' lang='lat' dir='ltr'>et</span> <span class='ocrx_word' id='word_1_88' title='bbox 1407 849 1507 888; x_wconf 88' lang='lat' dir='ltr'>inter</span> <span class='ocrx_word' id='word_1_89' title='bbox 1532 851 1568 889; x_wconf 90' lang='lat' dir='ltr'>se</span> <span class='ocrx_word' id='word_1_90' title='bbox 1587 851 1712 906; x_wconf 88' lang='lat' dir='ltr'>dispa-</span> 
     </span>
     <span class='ocr_line' id='line_1_11' title="bbox 305 915 1072 968; baseline 0.001 -16"><span class='ocrx_word' id='word_1_91' title='bbox 305 927 378 960; x_wconf 86' lang='lat' dir='ltr'>res,</span> <span class='ocrx_word' id='word_1_92' title='bbox 399 923 438 953; x_wconf 91' lang='lat' dir='ltr'>et</span> <span class='ocrx_word' id='word_1_93' title='bbox 457 915 656 954; x_wconf 83' lang='lat' dir='ltr'>diffimiles</span> <span class='ocrx_word' id='word_1_94' title='bbox 677 915 797 953; x_wconf 90' lang='lat' dir='ltr'>trium</span> <span class='ocrx_word' id='word_1_95' title='bbox 817 915 1072 968; x_wconf 88' lang='lat' dir='ltr'>reliquorum.</span> 
     </span>
    </p>

    <p class='ocr_par' dir='ltr' id='par_1_3' title="bbox 302 981 1717 2623">
     <span class='ocr_line' id='line_1_12' title="bbox 360 981 1714 1035; baseline 0.002 -15"><span class='ocrx_word' id='word_1_96' title='bbox 360 981 477 1020; x_wconf 86' lang='lat' dir='ltr'><strong>VIII.</strong></span> <span class='ocrx_word' id='word_1_97' title='bbox 499 982 695 1020; x_wconf 90' lang='lat' dir='ltr'>Animum</span> <span class='ocrx_word' id='word_1_98' title='bbox 721 981 842 1034; x_wconf 86' lang='lat' dir='ltr'>igitur</span> <span class='ocrx_word' id='word_1_99' title='bbox 861 995 953 1020; x_wconf 90' lang='lat' dir='ltr'>cum</span> <span class='ocrx_word' id='word_1_100' title='bbox 974 981 1041 1020; x_wconf 90' lang='lat' dir='ltr'>ille</span> <span class='ocrx_word' id='word_1_101' title='bbox 1059 990 1276 1035; x_wconf 87' lang='lat' dir='ltr'>procreator</span> <span class='ocrx_word' id='word_1_102' title='bbox 1295 982 1433 1020; x_wconf 90' lang='lat' dir='ltr'>mundi</span> <span class='ocrx_word' id='word_1_103' title='bbox 1455 983 1561 1022; x_wconf 89' lang='lat' dir='ltr'>Deus</span> <span class='ocrx_word' id='word_1_104' title='bbox 1583 997 1630 1023; x_wconf 82' lang='lat' dir='ltr'>ex</span> <span class='ocrx_word' id='word_1_105' title='bbox 1651 984 1714 1023; x_wconf 87' lang='lat' dir='ltr'>sua</span> 
     </span>
     <span class='ocr_line' id='line_1_13' title="bbox 305 1046 1713 1100; baseline 0.002 -15"><span class='ocrx_word' id='word_1_106' title='bbox 305 1056 437 1085; x_wconf 89' lang='lat' dir='ltr'>mente</span> <span class='ocrx_word' id='word_1_107' title='bbox 457 1057 495 1085; x_wconf 92' lang='lat' dir='ltr'>et</span> <span class='ocrx_word' id='word_1_108' title='bbox 515 1047 715 1085; x_wconf 84' lang='lat' dir='ltr'>divinitate</span> <span class='ocrx_word' id='word_1_109' title='bbox 734 1046 934 1100; x_wconf 69' lang='lat' dir='ltr'>genuisset,</span> <span class='ocrx_word' id='word_1_110' title='bbox 951 1056 1038 1085; x_wconf 86' lang='lat' dir='ltr'>tum</span> <span class='ocrx_word' id='word_1_111' title='bbox 1059 1047 1225 1099; x_wconf 89' lang='lat' dir='ltr'>denique</span> <span class='ocrx_word' id='word_1_112' title='bbox 1240 1060 1371 1092; x_wconf 90' lang='lat' dir='ltr'>omne,</span> <span class='ocrx_word' id='word_1_113' title='bbox 1393 1048 1498 1100; x_wconf 91' lang='lat' dir='ltr'>quod</span> <span class='ocrx_word' id='word_1_114' title='bbox 1519 1059 1597 1087; x_wconf 86' lang='lat' dir='ltr'>erat</span> <span class='ocrx_word' id='word_1_115' title='bbox 1617 1063 1713 1089; x_wconf 87' lang='lat' dir='ltr'>con-</span> 
     </span>
     <span class='ocr_line' id='line_1_14' title="bbox 304 1112 1713 1168; baseline 0.001 -16"><span class='ocrx_word' id='word_1_116' title='bbox 304 1122 456 1152; x_wconf 88' lang='lat' dir='ltr'>cretum</span> <span class='ocrx_word' id='word_1_117' title='bbox 475 1123 592 1167; x_wconf 86' lang='lat' dir='ltr'>atque</span> <span class='ocrx_word' id='word_1_118' title='bbox 611 1126 856 1166; x_wconf 87' lang='lat' dir='ltr'>corporeum,</span> <span class='ocrx_word' id='word_1_119' title='bbox 887 1112 1147 1152; x_wconf 88' lang='lat' dir='ltr'>substernebat</span> <span class='ocrx_word' id='word_1_120' title='bbox 1167 1113 1311 1159; x_wconf 88' lang='lat' dir='ltr'>animo,</span> <span class='ocrx_word' id='word_1_121' title='bbox 1339 1114 1574 1168; x_wconf 90' lang='lat' dir='ltr'>interiusque</span> <span class='ocrx_word' id='word_1_122' title='bbox 1594 1115 1713 1154; x_wconf 88' lang='lat' dir='ltr'>facie-</span> 
     </span>
     <span class='ocr_line' id='line_1_15' title="bbox 306 1179 1714 1234; baseline 0.002 -16"><span class='ocrx_word' id='word_1_123' title='bbox 306 1179 372 1218; x_wconf 89' lang='lat' dir='ltr'>bat</span> <span class='ocrx_word' id='word_1_124' title='bbox 386 1195 399 1218; x_wconf 84' lang='lat'>:</span> <span class='ocrx_word' id='word_1_125' title='bbox 431 1189 546 1233; x_wconf 91' lang='lat' dir='ltr'>atque</span> <span class='ocrx_word' id='word_1_126' title='bbox 564 1179 618 1218; x_wconf 87' lang='lat' dir='ltr'>ita</span> <span class='ocrx_word' id='word_1_127' title='bbox 637 1179 767 1218; x_wconf 88' lang='lat' dir='ltr'>medio</span> <span class='ocrx_word' id='word_1_128' title='bbox 787 1179 964 1218; x_wconf 91' lang='lat' dir='ltr'>medium</span> <span class='ocrx_word' id='word_1_129' title='bbox 983 1179 1278 1218; x_wconf 88' lang='lat' dir='ltr'>accommodans</span> <span class='ocrx_word' id='word_1_130' title='bbox 1299 1180 1518 1234; x_wconf 88' lang='lat' dir='ltr'>copulabat.</span> <span class='ocrx_word' id='word_1_131' title='bbox 1550 1182 1611 1221; x_wconf 91' lang='lat' dir='ltr'>Sic</span> <span class='ocrx_word' id='word_1_132' title='bbox 1630 1183 1714 1221; x_wconf 85' lang='lat' dir='ltr'>ani-</span> 
     </span>
     <span class='ocr_line' id='line_1_16' title="bbox 305 1244 1716 1302; baseline 0.003 -18"><span class='ocrx_word' id='word_1_133' title='bbox 305 1258 409 1291; x_wconf 90' lang='lat' dir='ltr'>mus,</span> <span class='ocrx_word' id='word_1_134' title='bbox 445 1259 465 1284; x_wconf 87' lang='lat' dir='ltr'>a</span> <span class='ocrx_word' id='word_1_135' title='bbox 495 1245 624 1284; x_wconf 91' lang='lat' dir='ltr'>medio</span> <span class='ocrx_word' id='word_1_136' title='bbox 643 1244 852 1299; x_wconf 61' lang='lat' dir='ltr'>profectus,</span> <span class='ocrx_word' id='word_1_137' title='bbox 886 1245 1173 1284; x_wconf 83' lang='lat' dir='ltr'>extremitatem</span> <span class='ocrx_word' id='word_1_138' title='bbox 1207 1245 1291 1284; x_wconf 82' lang='lat' dir='ltr'>caeli</span> <span class='ocrx_word' id='word_1_139' title='bbox 1317 1259 1336 1284; x_wconf 90' lang='lat' dir='ltr'>a</span> <span class='ocrx_word' id='word_1_140' title='bbox 1357 1247 1532 1300; x_wconf 88' lang='lat' dir='ltr'>suprema</span> <span class='ocrx_word' id='word_1_141' title='bbox 1561 1249 1716 1302; x_wconf 88' lang='lat' dir='ltr'>regione</span> 
     </span>
     <span class='ocr_line' id='line_1_17' title="bbox 305 1311 1715 1365; baseline 0.002 -15"><span class='ocrx_word' id='word_1_142' title='bbox 305 1312 473 1351; x_wconf 88' lang='lat' dir='ltr'>rotundo</span> <span class='ocrx_word' id='word_1_143' title='bbox 492 1312 644 1350; x_wconf 89' lang='lat' dir='ltr'>ambitu</span> <span class='ocrx_word' id='word_1_144' title='bbox 674 1311 933 1364; x_wconf 90' lang='lat' dir='ltr'>circumjecit,</span> <span class='ocrx_word' id='word_1_145' title='bbox 965 1311 1116 1364; x_wconf 88' lang='lat' dir='ltr'>seseque</span> <span class='ocrx_word' id='word_1_146' title='bbox 1135 1311 1213 1365; x_wconf 90' lang='lat' dir='ltr'>ipse</span> <span class='ocrx_word' id='word_1_147' title='bbox 1242 1312 1404 1358; x_wconf 90' lang='lat' dir='ltr'>versans,</span> <span class='ocrx_word' id='word_1_148' title='bbox 1426 1313 1578 1360; x_wconf 82' lang='lat' dir='ltr'>divinae,</span> <span class='ocrx_word' id='word_1_149' title='bbox 1614 1315 1715 1353; x_wconf 87' lang='lat' dir='ltr'>sem·-</span> 
     </span>
     <span class='ocr_line' id='line_1_18' title="bbox 305 1376 1717 1432; baseline 0.001 -15"><span class='ocrx_word' id='word_1_150' title='bbox 305 1377 476 1431; x_wconf 87' lang='lat' dir='ltr'>piternae,</span> <span class='ocrx_word' id='word_1_151' title='bbox 498 1376 751 1432; x_wconf 89' lang='lat' dir='ltr'>sapientisque</span> <span class='ocrx_word' id='word_1_152' title='bbox 780 1377 867 1416; x_wconf 88' lang='lat' dir='ltr'>vitae</span> <span class='ocrx_word' id='word_1_153' title='bbox 887 1377 1042 1415; x_wconf 83' lang='lat' dir='ltr'>induxit</span> <span class='ocrx_word' id='word_1_154' title='bbox 1061 1376 1278 1416; x_wconf 88' lang='lat' dir='ltr'>exordium.</span> <span class='ocrx_word' id='word_1_155' title='bbox 1324 1378 1377 1416; x_wconf 85' lang='lat' dir='ltr'>Et</span> <span class='ocrx_word' id='word_1_156' title='bbox 1396 1392 1535 1432; x_wconf 89' lang='lat' dir='ltr'>corpus</span> <span class='ocrx_word' id='word_1_157' title='bbox 1555 1379 1717 1432; x_wconf 90' lang='lat' dir='ltr'>quidem</span> 
     </span>
     <span class='ocr_line' id='line_1_19' title="bbox 304 1443 1717 1499; baseline 0.001 -16"><span class='ocrx_word' id='word_1_158' title='bbox 304 1444 390 1483; x_wconf 87' lang='lat' dir='ltr'>caeli</span> <span class='ocrx_word' id='word_1_159' title='bbox 420 1444 624 1498; x_wconf 69' lang='lat' dir='ltr'>spectabile</span> <span class='ocrx_word' id='word_1_160' title='bbox 652 1443 834 1482; x_wconf 64' lang='lat' dir='ltr'>effectum</span> <span class='ocrx_word' id='word_1_161' title='bbox 869 1443 947 1489; x_wconf 86' lang='lat' dir='ltr'>est,</span> <span class='ocrx_word' id='word_1_162' title='bbox 992 1443 1144 1482; x_wconf 87' lang='lat' dir='ltr'>animus</span> <span class='ocrx_word' id='word_1_163' title='bbox 1178 1452 1306 1483; x_wconf 88' lang='lat' dir='ltr'>autem</span> <span class='ocrx_word' id='word_1_164' title='bbox 1339 1445 1544 1484; x_wconf 89' lang='lat' dir='ltr'>oculorum</span> <span class='ocrx_word' id='word_1_165' title='bbox 1578 1445 1717 1499; x_wconf 84' lang='lat' dir='ltr'>effugit</span> 
     </span>
     <span class='ocr_line' id='line_1_20' title="bbox 302 1508 1714 1554; baseline 0.001 -5"><span class='ocrx_word' id='word_1_166' title='bbox 302 1511 505 1549; x_wconf 91' lang='lat' dir='ltr'>obtutum.</span> <span class='ocrx_word' id='word_1_167' title='bbox 548 1508 617 1547; x_wconf 86' lang='lat' dir='ltr'>Est</span> <span class='ocrx_word' id='word_1_168' title='bbox 651 1517 781 1546; x_wconf 92' lang='lat' dir='ltr'>autem</span> <span class='ocrx_word' id='word_1_169' title='bbox 814 1509 967 1547; x_wconf 87' lang='lat' dir='ltr'>animus</span> <span class='ocrx_word' id='word_1_170' title='bbox 998 1521 1046 1546; x_wconf 87' lang='lat' dir='ltr'>ex</span> <span class='ocrx_word' id='word_1_171' title='bbox 1072 1509 1271 1554; x_wconf 89' lang='lat' dir='ltr'>omnibus,</span> <span class='ocrx_word' id='word_1_172' title='bbox 1302 1511 1459 1550; x_wconf 90' lang='lat' dir='ltr'>rationis</span> <span class='ocrx_word' id='word_1_173' title='bbox 1487 1513 1714 1551; x_wconf 89' lang='lat' dir='ltr'>concentio-</span> 
     </span>
     <span class='ocr_line' id='line_1_21' title="bbox 304 1573 1715 1629; baseline 0.001 -14"><span class='ocrx_word' id='word_1_174' title='bbox 304 1576 442 1629; x_wconf 89' lang='lat' dir='ltr'>nisque</span> <span class='ocrx_word' id='word_1_175' title='bbox 473 1573 620 1628; x_wconf 64' lang='grc' dir='ltr'>(ἁρμονίη</span> <span class='ocrx_word' id='word_1_176' title='bbox 651 1575 805 1627; x_wconf 86' lang='lat' dir='ltr'>Graece)</span> <span class='ocrx_word' id='word_1_177' title='bbox 837 1574 1156 1628; x_wconf 84' lang='lat' dir='ltr'>sempiternarum</span> <span class='ocrx_word' id='word_1_178' title='bbox 1187 1589 1314 1614; x_wconf 89' lang='lat' dir='ltr'>rerum</span> <span class='ocrx_word' id='word_1_179' title='bbox 1333 1606 1344 1621; x_wconf 94' lang='lat'>‚</span> <span class='ocrx_word' id='word_1_180' title='bbox 1389 1586 1427 1615; x_wconf 88' lang='lat' dir='ltr'>et</span> <span class='ocrx_word' id='word_1_181' title='bbox 1461 1577 1530 1616; x_wconf 89' lang='lat' dir='ltr'>sub</span> <span class='ocrx_word' id='word_1_182' title='bbox 1566 1579 1715 1617; x_wconf 86' lang='lat' dir='ltr'>intelli-</span> 
     </span>
     <span class='ocr_line' id='line_1_22' title="bbox 302 1641 1717 1698; baseline 0.002 -17"><span class='ocrx_word' id='word_1_183' title='bbox 302 1643 477 1697; x_wconf 86' lang='lat' dir='ltr'>gentiam</span> <span class='ocrx_word' id='word_1_184' title='bbox 507 1641 747 1686; x_wconf 89' lang='lat' dir='ltr'>cadentium,</span> <span class='ocrx_word' id='word_1_185' title='bbox 778 1654 939 1694; x_wconf 88' lang='lat' dir='ltr'>compos</span> <span class='ocrx_word' id='word_1_186' title='bbox 971 1650 1008 1680; x_wconf 91' lang='lat' dir='ltr'>et</span> <span class='ocrx_word' id='word_1_187' title='bbox 1028 1642 1216 1695; x_wconf 87' lang='lat' dir='ltr'>particeps</span> <span class='ocrx_word' id='word_1_188' title='bbox 1232 1660 1244 1688; x_wconf 69' lang='grc' dir='ltr'><strong><em>ς</em></strong></span> <span class='ocrx_word' id='word_1_189' title='bbox 1276 1656 1355 1695; x_wconf 91' lang='lat' dir='ltr'>quo</span> <span class='ocrx_word' id='word_1_190' title='bbox 1378 1642 1477 1682; x_wconf 89' lang='lat' dir='ltr'>nihil</span> <span class='ocrx_word' id='word_1_191' title='bbox 1498 1644 1544 1682; x_wconf 91' lang='lat' dir='ltr'>ab</span> <span class='ocrx_word' id='word_1_192' title='bbox 1563 1645 1717 1698; x_wconf 89' lang='lat' dir='ltr'>optimo</span> 
     </span>
     <span class='ocr_line' id='line_1_23' title="bbox 304 1707 1716 1764; baseline 0.001 -16"><span class='ocrx_word' id='word_1_193' title='bbox 304 1719 343 1748; x_wconf 92' lang='lat' dir='ltr'>et</span> <span class='ocrx_word' id='word_1_194' title='bbox 376 1707 680 1762; x_wconf 85' lang='lat' dir='ltr'>praestantiffimo</span> <span class='ocrx_word' id='word_1_195' title='bbox 699 1708 873 1761; x_wconf 89' lang='lat' dir='ltr'>genitore</span> <span class='ocrx_word' id='word_1_196' title='bbox 893 1708 1032 1746; x_wconf 88' lang='lat' dir='ltr'>melius</span> <span class='ocrx_word' id='word_1_197' title='bbox 1069 1718 1340 1762; x_wconf 86' lang='lat' dir='ltr'>procreatum:</span> <span class='ocrx_word' id='word_1_198' title='bbox 1388 1710 1534 1764; x_wconf 89' lang='lat' dir='ltr'>quippe</span> <span class='ocrx_word' id='word_1_199' title='bbox 1564 1711 1634 1764; x_wconf 91' lang='lat' dir='ltr'>qui</span> <span class='ocrx_word' id='word_1_200' title='bbox 1668 1725 1716 1750; x_wconf 86' lang='lat' dir='ltr'>ex</span> 
     </span>
     <span class='ocr_line' id='line_1_24' title="bbox 302 1774 1716 1829; baseline 0.001 -16"><span class='ocrx_word' id='word_1_201' title='bbox 302 1775 438 1814; x_wconf 88' lang='lat' dir='ltr'>eadem</span> <span class='ocrx_word' id='word_1_202' title='bbox 457 1775 623 1819; x_wconf 65' lang='lat' dir='ltr'>vinetus,</span> <span class='ocrx_word' id='word_1_203' title='bbox 654 1774 846 1828; x_wconf 88' lang='lat' dir='ltr'>alteraque</span> <span class='ocrx_word' id='word_1_204' title='bbox 866 1783 1012 1820; x_wconf 85' lang='lat' dir='ltr'>natura,</span> <span class='ocrx_word' id='word_1_205' title='bbox 1037 1775 1216 1827; x_wconf 61' lang='lat' dir='ltr'>adjuncta</span> <span class='ocrx_word' id='word_1_206' title='bbox 1236 1776 1406 1821; x_wconf 69' lang='lat' dir='ltr'>materia,</span> <span class='ocrx_word' id='word_1_207' title='bbox 1439 1777 1716 1829; x_wconf 88' lang='lat' dir='ltr'>temperatione</span> 
     </span>
     <span class='ocr_line' id='line_1_25' title="bbox 304 1841 1716 1894; baseline 0.002 -15"><span class='ocrx_word' id='word_1_208' title='bbox 304 1841 425 1880; x_wconf 83' lang='lat' dir='ltr'>trium</span> <span class='ocrx_word' id='word_1_209' title='bbox 446 1841 630 1894; x_wconf 85' lang='lat' dir='ltr'>partium,</span> <span class='ocrx_word' id='word_1_210' title='bbox 662 1841 910 1894; x_wconf 84' lang='lat' dir='ltr'>proportione</span> <span class='ocrx_word' id='word_1_211' title='bbox 940 1841 1153 1894; x_wconf 65' lang='lat' dir='ltr'>compacta,</span> <span class='ocrx_word' id='word_1_212' title='bbox 1186 1841 1221 1878; x_wconf 91' lang='lat' dir='ltr'>se</span> <span class='ocrx_word' id='word_1_213' title='bbox 1254 1841 1329 1894; x_wconf 92' lang='lat' dir='ltr'>ipse</span> <span class='ocrx_word' id='word_1_214' title='bbox 1350 1842 1588 1888; x_wconf 86' lang='lat' dir='ltr'>conversans,</span> <span class='ocrx_word' id='word_1_215' title='bbox 1623 1856 1716 1882; x_wconf 88' lang='lat' dir='ltr'>cum</span> 
     </span>
     <span class='ocr_line' id='line_1_26' title="bbox 302 1906 1716 1962; baseline 0.001 -16"><span class='ocrx_word' id='word_1_216' title='bbox 302 1907 505 1946; x_wconf 85' lang='lat' dir='ltr'>materiam</span> <span class='ocrx_word' id='word_1_217' title='bbox 526 1907 758 1945; x_wconf 89' lang='lat' dir='ltr'>mutabilem</span> <span class='ocrx_word' id='word_1_218' title='bbox 774 1906 999 1959; x_wconf 71' lang='lat' dir='ltr'>arripuisset,</span> <span class='ocrx_word' id='word_1_219' title='bbox 1017 1916 1055 1944; x_wconf 89' lang='lat' dir='ltr'>et</span> <span class='ocrx_word' id='word_1_220' title='bbox 1074 1920 1167 1945; x_wconf 91' lang='lat' dir='ltr'>cum</span> <span class='ocrx_word' id='word_1_221' title='bbox 1184 1907 1309 1944; x_wconf 87' lang='lat' dir='ltr'>rursus</span> <span class='ocrx_word' id='word_1_222' title='bbox 1330 1908 1571 1947; x_wconf 89' lang='lat' dir='ltr'>individuam</span> <span class='ocrx_word' id='word_1_223' title='bbox 1601 1919 1716 1962; x_wconf 85' lang='lat' dir='ltr'>atque</span> 
     </span>
     <span class='ocr_line' id='line_1_27' title="bbox 305 1973 1715 2028; baseline 0.001 -15"><span class='ocrx_word' id='word_1_224' title='bbox 305 1974 536 2028; x_wconf 76' lang='lat' dir='ltr'>simplicem,</span> <span class='ocrx_word' id='word_1_225' title='bbox 572 1987 640 2027; x_wconf 90' lang='lat' dir='ltr'>per</span> <span class='ocrx_word' id='word_1_226' title='bbox 660 1987 778 2027; x_wconf 89' lang='lat' dir='ltr'>quarn</span> <span class='ocrx_word' id='word_1_227' title='bbox 808 1973 936 2012; x_wconf 90' lang='lat' dir='ltr'>omnis</span> <span class='ocrx_word' id='word_1_228' title='bbox 969 1983 1171 2019; x_wconf 87' lang='lat' dir='ltr'>movetur;</span> <span class='ocrx_word' id='word_1_229' title='bbox 1205 1973 1397 2020; x_wconf 83' lang='lat' dir='ltr'>discernit,</span> <span class='ocrx_word' id='word_1_230' title='bbox 1430 1975 1526 2027; x_wconf 85' lang='lat' dir='ltr'>quid</span> <span class='ocrx_word' id='word_1_231' title='bbox 1546 1975 1591 2014; x_wconf 89' lang='lat' dir='ltr'>s1t</span> <span class='ocrx_word' id='word_1_232' title='bbox 1615 1976 1715 2027; x_wconf 86' lang='lat' dir='ltr'>ejus-</span> 
     </span>
     <span class='ocr_line' id='line_1_28' title="bbox 306 2040 1714 2094; baseline 0.001 -15"><span class='ocrx_word' id='word_1_233' title='bbox 306 2041 395 2079; x_wconf 90' lang='lat' dir='ltr'>dem</span> <span class='ocrx_word' id='word_1_234' title='bbox 415 2041 578 2094; x_wconf 87' lang='lat' dir='ltr'>generis,</span> <span class='ocrx_word' id='word_1_235' title='bbox 611 2040 706 2094; x_wconf 89' lang='lat' dir='ltr'>quid</span> <span class='ocrx_word' id='word_1_236' title='bbox 726 2040 894 2085; x_wconf 87' lang='lat' dir='ltr'>alterius,</span> <span class='ocrx_word' id='word_1_237' title='bbox 925 2049 963 2078; x_wconf 87' lang='lat' dir='ltr'>et</span> <span class='ocrx_word' id='word_1_238' title='bbox 982 2049 1115 2078; x_wconf 81' lang='lat' dir='ltr'>caetera</span> <span class='ocrx_word' id='word_1_239' title='bbox 1135 2041 1335 2092; x_wconf 76' lang='lat' dir='ltr'>dijudicat,</span> <span class='ocrx_word' id='word_1_240' title='bbox 1367 2042 1462 2093; x_wconf 82' lang='lat' dir='ltr'>quid</span> <span class='ocrx_word' id='word_1_241' title='bbox 1494 2042 1635 2094; x_wconf 87' lang='lat' dir='ltr'>cuique</span> <span class='ocrx_word' id='word_1_242' title='bbox 1662 2044 1714 2081; x_wconf 89' lang='lat' dir='ltr'>rei</span> 
     </span>
     <span class='ocr_line' id='line_1_29' title="bbox 306 2105 1715 2160; baseline 0.001 -16"><span class='ocrx_word' id='word_1_243' title='bbox 306 2106 350 2145; x_wconf 91' lang='lat' dir='ltr'>fit</span> <span class='ocrx_word' id='word_1_244' title='bbox 371 2106 542 2144; x_wconf 83' lang='lat' dir='ltr'>maxime</span> <span class='ocrx_word' id='word_1_245' title='bbox 571 2115 720 2159; x_wconf 90' lang='lat' dir='ltr'>aptum,</span> <span class='ocrx_word' id='word_1_246' title='bbox 753 2106 849 2159; x_wconf 89' lang='lat' dir='ltr'>quid</span> <span class='ocrx_word' id='word_1_247' title='bbox 879 2119 1035 2158; x_wconf 90' lang='lat' dir='ltr'>quoque</span> <span class='ocrx_word' id='word_1_248' title='bbox 1062 2105 1161 2150; x_wconf 89' lang='lat' dir='ltr'>loco,</span> <span class='ocrx_word' id='word_1_249' title='bbox 1191 2115 1255 2143; x_wconf 85' lang='lat' dir='ltr'>aut</span> <span class='ocrx_word' id='word_1_250' title='bbox 1283 2106 1414 2150; x_wconf 87' lang='lat' dir='ltr'>modo,</span> <span class='ocrx_word' id='word_1_251' title='bbox 1446 2115 1511 2145; x_wconf 88' lang='lat' dir='ltr'>aut</span> <span class='ocrx_word' id='word_1_252' title='bbox 1542 2117 1715 2160; x_wconf 86' lang='lat' dir='ltr'>tempore</span> 
     </span>
     <span class='ocr_line' id='line_1_30' title="bbox 305 2171 1712 2225; baseline 0 -14"><span class='ocrx_word' id='word_1_253' title='bbox 305 2173 520 2225; x_wconf 87' lang='lat' dir='ltr'>contingat,</span> <span class='ocrx_word' id='word_1_254' title='bbox 553 2184 716 2224; x_wconf 86' lang='lat' dir='ltr'>quaeque</span> <span class='ocrx_word' id='word_1_255' title='bbox 737 2171 930 2209; x_wconf 66' lang='lat' dir='ltr'>distinctio</span> <span class='ocrx_word' id='word_1_256' title='bbox 950 2171 994 2208; x_wconf 87' lang='lat' dir='ltr'>fit</span> <span class='ocrx_word' id='word_1_257' title='bbox 1021 2171 1118 2207; x_wconf 75' lang='lat' dir='ltr'>inter</span> <span class='ocrx_word' id='word_1_258' title='bbox 1149 2184 1204 2214; x_wconf 86' lang='lat' dir='ltr'>ea,</span> <span class='ocrx_word' id='word_1_259' title='bbox 1236 2184 1320 2222; x_wconf 80' lang='lat' dir='ltr'>quae</span> <span class='ocrx_word' id='word_1_260' title='bbox 1340 2171 1561 2224; x_wconf 77' lang='lat' dir='ltr'>gignantur,</span> <span class='ocrx_word' id='word_1_261' title='bbox 1589 2183 1626 2211; x_wconf 92' lang='lat' dir='ltr'>et</span> <span class='ocrx_word' id='word_1_262' title='bbox 1657 2187 1712 2219; x_wconf 90' lang='lat' dir='ltr'>ea,</span> 
     </span>
     <span class='ocr_line' id='line_1_31' title="bbox 305 2236 1713 2292; baseline 0.001 -15"><span class='ocrx_word' id='word_1_263' title='bbox 305 2253 391 2292; x_wconf 84' lang='lat' dir='ltr'>quae</span> <span class='ocrx_word' id='word_1_264' title='bbox 418 2238 490 2276; x_wconf 86' lang='lat' dir='ltr'>fint</span> <span class='ocrx_word' id='word_1_265' title='bbox 511 2237 658 2291; x_wconf 89' lang='lat' dir='ltr'>semper</span> <span class='ocrx_word' id='word_1_266' title='bbox 677 2237 823 2275; x_wconf 88' lang='lat' dir='ltr'>eadem.</span> <span class='ocrx_word' id='word_1_267' title='bbox 857 2236 973 2274; x_wconf 89' lang='lat' dir='ltr'>Ratio</span> <span class='ocrx_word' id='word_1_268' title='bbox 1003 2247 1133 2273; x_wconf 86' lang='lat' dir='ltr'>autem</span> <span class='ocrx_word' id='word_1_269' title='bbox 1167 2249 1265 2281; x_wconf 81' lang='lat' dir='ltr'>vera,</span> <span class='ocrx_word' id='word_1_270' title='bbox 1296 2251 1381 2289; x_wconf 74' lang='lat' dir='ltr'>quae</span> <span class='ocrx_word' id='word_1_271' title='bbox 1406 2238 1571 2277; x_wconf 81' lang='lat' dir='ltr'>versatur</span> <span class='ocrx_word' id='word_1_272' title='bbox 1591 2240 1630 2278; x_wconf 87' lang='lat' dir='ltr'>in</span> <span class='ocrx_word' id='word_1_273' title='bbox 1653 2241 1713 2285; x_wconf 78' lang='lat' dir='ltr'>iis,</span> 
     </span>
     <span class='ocr_line' id='line_1_32' title="bbox 306 2303 1712 2357; baseline 0.001 -14"><span class='ocrx_word' id='word_1_274' title='bbox 306 2319 391 2357; x_wconf 84' lang='lat' dir='ltr'>quae</span> <span class='ocrx_word' id='word_1_275' title='bbox 422 2304 509 2343; x_wconf 89' lang='lat' dir='ltr'>sunt</span> <span class='ocrx_word' id='word_1_276' title='bbox 529 2304 677 2357; x_wconf 89' lang='lat' dir='ltr'>semper</span> <span class='ocrx_word' id='word_1_277' title='bbox 707 2303 853 2348; x_wconf 83' lang='lat' dir='ltr'>eadem,</span> <span class='ocrx_word' id='word_1_278' title='bbox 884 2312 921 2340; x_wconf 92' lang='lat' dir='ltr'>et</span> <span class='ocrx_word' id='word_1_279' title='bbox 947 2303 986 2340; x_wconf 89' lang='lat' dir='ltr'>in</span> <span class='ocrx_word' id='word_1_280' title='bbox 1009 2303 1068 2347; x_wconf 73' lang='lat' dir='ltr'>iis,</span> <span class='ocrx_word' id='word_1_281' title='bbox 1101 2316 1185 2355; x_wconf 79' lang='lat' dir='ltr'>quae</span> <span class='ocrx_word' id='word_1_282' title='bbox 1213 2314 1427 2349; x_wconf 82' lang='lat' dir='ltr'>mutantur,</span> <span class='ocrx_word' id='word_1_283' title='bbox 1460 2319 1551 2344; x_wconf 91' lang='lat' dir='ltr'>cum</span> <span class='ocrx_word' id='word_1_284' title='bbox 1574 2307 1613 2344; x_wconf 89' lang='lat' dir='ltr'>in</span> <span class='ocrx_word' id='word_1_285' title='bbox 1645 2320 1712 2344; x_wconf 89' lang='lat' dir='ltr'>eo-</span> 
     </span>
     <span class='ocr_line' id='line_1_33' title="bbox 306 2369 1711 2422; baseline 0.001 -13"><span class='ocrx_word' id='word_1_286' title='bbox 306 2372 411 2416; x_wconf 90' lang='lat' dir='ltr'>dem,</span> <span class='ocrx_word' id='word_1_287' title='bbox 441 2380 480 2409; x_wconf 90' lang='lat' dir='ltr'>et</span> <span class='ocrx_word' id='word_1_288' title='bbox 500 2372 539 2409; x_wconf 90' lang='lat' dir='ltr'>in</span> <span class='ocrx_word' id='word_1_289' title='bbox 559 2371 679 2409; x_wconf 87' lang='lat' dir='ltr'>altero</span> <span class='ocrx_word' id='word_1_290' title='bbox 699 2380 876 2409; x_wconf 89' lang='lat' dir='ltr'>movetur</span> <span class='ocrx_word' id='word_1_291' title='bbox 896 2369 973 2422; x_wconf 88' lang='lat' dir='ltr'>ipsa</span> <span class='ocrx_word' id='word_1_292' title='bbox 992 2383 1059 2422; x_wconf 85' lang='lat' dir='ltr'>per</span> <span class='ocrx_word' id='word_1_293' title='bbox 1079 2369 1113 2407; x_wconf 90' lang='lat' dir='ltr'>se</span> <span class='ocrx_word' id='word_1_294' title='bbox 1133 2369 1209 2407; x_wconf 79' lang='lat' dir='ltr'>sine</span> <span class='ocrx_word' id='word_1_295' title='bbox 1232 2384 1335 2415; x_wconf 81' lang='lat' dir='ltr'>voce,</span> <span class='ocrx_word' id='word_1_296' title='bbox 1351 2382 1387 2408; x_wconf 81' lang='lat' dir='ltr'>et</span> <span class='ocrx_word' id='word_1_297' title='bbox 1410 2372 1485 2409; x_wconf 75' lang='lat' dir='ltr'>fine</span> <span class='ocrx_word' id='word_1_298' title='bbox 1506 2373 1587 2411; x_wconf 88' lang='lat' dir='ltr'>ullo</span> <span class='ocrx_word' id='word_1_299' title='bbox 1607 2372 1711 2415; x_wconf 88' lang='lat' dir='ltr'>sono,</span> 
     </span>
     <span class='ocr_line' id='line_1_34' title="bbox 306 2435 1712 2490; baseline 0.001 -15"><span class='ocrx_word' id='word_1_300' title='bbox 306 2450 400 2476; x_wconf 91' lang='lat' dir='ltr'>cum</span> <span class='ocrx_word' id='word_1_301' title='bbox 420 2437 578 2475; x_wconf 87' lang='lat' dir='ltr'>eandem</span> <span class='ocrx_word' id='word_1_302' title='bbox 601 2447 749 2489; x_wconf 88' lang='lat' dir='ltr'>partem</span> <span class='ocrx_word' id='word_1_303' title='bbox 769 2437 940 2489; x_wconf 82' lang='lat' dir='ltr'>attingit,</span> <span class='ocrx_word' id='word_1_304' title='bbox 963 2449 1038 2488; x_wconf 82' lang='lat' dir='ltr'>qua</span> <span class='ocrx_word' id='word_1_305' title='bbox 1060 2435 1180 2473; x_wconf 82' lang='lat' dir='ltr'>sensus</span> <span class='ocrx_word' id='word_1_306' title='bbox 1201 2437 1290 2474; x_wconf 89' lang='lat' dir='ltr'>cieri</span> <span class='ocrx_word' id='word_1_307' title='bbox 1310 2437 1433 2490; x_wconf 87' lang='lat' dir='ltr'>potest</span> <span class='ocrx_word' id='word_1_308' title='bbox 1452 2453 1459 2475; x_wconf 94' lang='lat'>:</span> <span class='ocrx_word' id='word_1_309' title='bbox 1483 2439 1586 2476; x_wconf 80' lang='lat' dir='ltr'>orbis</span> <span class='ocrx_word' id='word_1_310' title='bbox 1608 2439 1712 2476; x_wconf 85' lang='lat' dir='ltr'>illius</span> 
     </span>
     <span class='ocr_line' id='line_1_35' title="bbox 306 2501 1711 2555; baseline 0.001 -16"><span class='ocrx_word' id='word_1_311' title='bbox 306 2501 456 2555; x_wconf 86' lang='lat' dir='ltr'>generis</span> <span class='ocrx_word' id='word_1_312' title='bbox 476 2501 631 2540; x_wconf 83' lang='lat' dir='ltr'>alterius</span> <span class='ocrx_word' id='word_1_313' title='bbox 652 2503 882 2540; x_wconf 89' lang='lat' dir='ltr'>immutatus</span> <span class='ocrx_word' id='word_1_314' title='bbox 909 2511 948 2539; x_wconf 88' lang='lat' dir='ltr'>et</span> <span class='ocrx_word' id='word_1_315' title='bbox 968 2503 1091 2540; x_wconf 61' lang='lat' dir='ltr'>rectus</span> <span class='ocrx_word' id='word_1_316' title='bbox 1122 2502 1254 2540; x_wconf 85' lang='lat' dir='ltr'>omnia</span> <span class='ocrx_word' id='word_1_317' title='bbox 1274 2503 1404 2540; x_wconf 82' lang='lat' dir='ltr'>animo</span> <span class='ocrx_word' id='word_1_318' title='bbox 1425 2503 1624 2555; x_wconf 83' lang='lat' dir='ltr'>mentique</span> <span class='ocrx_word' id='word_1_319' title='bbox 1645 2505 1711 2541; x_wconf 86' lang='lat' dir='ltr'>de·</span> 
     </span>
     <span class='ocr_line' id='line_1_36' title="bbox 308 2567 1710 2623; baseline -0.001 -16"><span class='ocrx_word' id='word_1_320' title='bbox 308 2568 460 2607; x_wconf 85' lang='lat' dir='ltr'>nuntiat</span> <span class='ocrx_word' id='word_1_321' title='bbox 479 2583 487 2607; x_wconf 90' lang='lat'>:</span> <span class='ocrx_word' id='word_1_322' title='bbox 513 2577 596 2607; x_wconf 89' lang='lat' dir='ltr'>tum</span> <span class='ocrx_word' id='word_1_323' title='bbox 617 2569 818 2622; x_wconf 88' lang='lat' dir='ltr'>opiniones</span> <span class='ocrx_word' id='word_1_324' title='bbox 838 2567 1133 2621; x_wconf 79' lang='lat' dir='ltr'>affenfionesque</span> <span class='ocrx_word' id='word_1_325' title='bbox 1152 2567 1272 2607; x_wconf 81' lang='lat' dir='ltr'>firmae</span> <span class='ocrx_word' id='word_1_326' title='bbox 1292 2582 1463 2621; x_wconf 82' lang='lat' dir='ltr'>veraeque</span> <span class='ocrx_word' id='word_1_327' title='bbox 1483 2569 1710 2623; x_wconf 77' lang='lat' dir='ltr'>gignuntur.</span> 
     </span>
    </p>
   </div>
   <div class='ocr_carea' id='block_1_3' title="bbox 1237 2635 1408 2687">
    <p class='ocr_par' dir='ltr' id='par_1_4' title="bbox 1237 2635 1408 2687">
     <span class='ocr_line' id='line_1_37' title="bbox 1237 2635 1408 2687; baseline 0 -15"><span class='ocrx_word' id='word_1_328' title='bbox 1237 2635 1408 2687; x_wconf 80' lang='lat' dir='ltr'>Gggz</span> 
     </span>
    </p>
   </div>
  </div>
 </body>
</html>
