2223 3003
664 228 1266 270 FRAGMENTA
1602 235 1677 288 3&

336 338 466 369 autem
486 327 531 367 fit
549 328 700 383 injuste,
731 342 801 367 nec
815 330 901 382 jure
920 329 1001 367 fieri
1022 328 1155 382 potest.
1197 329 1291 367 Non
1311 328 1416 368 enim
1440 330 1528 382 jura
1547 331 1680 370 dicen—

338 395 386 434 da
405 395 506 439 sunt,
525 395 588 432 vel
609 394 789 446 putanda,
825 395 957 447 iniqua
974 393 1184 432 hominum
1216 394 1434 441 constituta,
1465 408 1558 434 cum
1583 397 1682 436 illud

335 461 452 499 etiam
473 460 538 513 ipfi
568 461 632 512 jus
663 460 735 498 effe
754 460 897 504 dicant,
929 460 1035 512 quod
1055 460 1101 497 de
1128 459 1286 512 justitiae
1316 460 1424 499 fonte
1445 463 1651 502 manaverit
1667 482 1681 510 ς

336 525 556 581 falsumque
574 525 632 571 fit,
667 525 772 578 quod
792 539 813 563 a
831 525 1061 577 quibusdam
1094 539 1172 564 non
1200 528 1299 564 reete
1325 527 1574 567 sentientibus
1605 530 1683 568 dici

335 592 442 637 solet,
464 592 503 630 id
517 593 582 644 jus
601 590 685 636 effe,
707 591 813 643 quod
832 591 882 636 ei,
903 591 972 643 qui
991 592 1078 644 plus
1100 590 1235 643 potest,
1255 592 1349 630 utile
1369 593 1434 631 est.

282 659 337 698 D.
360 661 478 697 Auo.
505 657 566 696 lib.
591 670 650 695 1v.
680 667 808 696 contra
827 657 1050 709 Pelagium]
1082 658 1146 694 An
1177 670 1257 695 non
1288 659 1497 703 cernimus,
1533 661 1683 713 optimo

337 724 480 776 cuique
498 721 743 761 dominatum
771 721 819 759 ab
847 720 926 774 ipsa
944 730 1077 759 natura
1106 735 1198 759 cum
1218 722 1369 761 summa
1388 724 1553 762 utilitate
1573 726 1683 764 infir-

337 802 493 829 morum
529 788 663 826 datum
683 789 696 825 ?
729 789 811 826 Cur
839 788 959 840 igitur
993 788 1100 825 Deus
1131 786 1300 833 homini,
1336 789 1486 827 animus
1520 790 1684 844 imperat

337 920 456 958 animi
476 919 648 973 partibus
668 920 681 956 ?

282 987 336 1025 D.
355 989 472 1025 Auo.
496 985 653 1038 ibidem]
684 985 755 1024 Sed
774 995 812 1023 et
832 985 1059 1039 imperandi,
1079 995 1117 1024 et
1136 986 1319 1025 serviendi
1339 986 1426 1026 sunt
1446 988 1684 1028 dissimilitu-

339 1053 446 1091 dines
466 1051 748 1105 cognoscendae.
771 1053 892 1098 Nam,
914 1062 958 1090 ut
977 1053 1129 1091 animus
1150 1054 1301 1105 corpori
1321 1054 1464 1092 dicitur
1483 1055 1683 1107 imperare,

339 1119 482 1156 dicitur
511 1118 628 1156 etiam
663 1117 842 1163 libidini;
875 1117 935 1156 sed
962 1119 1127 1171 corpori,
1160 1128 1202 1156 ut
1229 1132 1294 1157 rex
1321 1119 1469 1157 civibus
1501 1119 1589 1165 suis,
1621 1132 1684 1159 aut

338 1198 472 1237 parens
492 1184 623 1222 liberis
641 1202 653 1228 5
685 1183 840 1221 libidini
866 1193 1010 1229 autem,
1045 1193 1088 1222 ut
1108 1183 1218 1222 servis
1239 1184 1434 1230 dominus,
1467 1186 1570 1237 quod
1600 1200 1684 1225 eam

339 1260 489 1288 coercet
509 1259 546 1288 et
565 1249 709 1302 frangit
725 1268 737 1294 3
769 1250 819 1287 fic
841 1263 990 1302 regum,
1022 1250 1072 1287 fic
1087 1250 1380 1303 imperatorum,
1414 1252 1463 1289 fic
1487 1252 1684 1304 magistra-

340 1324 467 1360 tuum,
503 1315 553 1353 fic
584 1324 753 1368 patrum,
783 1315 834 1352 fic
864 1314 1100 1367 populorum
1135 1316 1296 1367 imperia
1323 1316 1472 1354 civibus
1502 1316 1686 1369 sociisque

339 1380 517 1435 praesunt,
539 1389 583 1419 ut
602 1380 826 1434 corporibus
846 1381 1012 1419 animus.
1045 1380 1212 1418 Domini
1232 1389 1362 1418 autem
1382 1380 1504 1419 servos
1526 1382 1579 1419 ita
1594 1381 1686 1420 fati-

338 1457 443 1500 gant,
476 1456 519 1486 ut
538 1447 688 1500 optima
708 1459 792 1500 pars
813 1446 951 1492 animi,
983 1446 1024 1484 id
1043 1446 1108 1490 est,
1144 1445 1339 1498 sapientia,
1370 1446 1539 1499 ejusdem
1565 1448 1686 1486 animi

339 1514 490 1552 vitiosas
522 1513 813 1564 imbecillasque
842 1522 979 1565 partes,
1015 1522 1057 1550 ut
1091 1511 1285 1558 libidines,
1322 1521 1364 1551 ut
1390 1513 1618 1559 iracundias,
1649 1524 1689 1553 et

338 1579 644 1632 perturbationes
661 1588 828 1617 caeteras.

283 1647 399 1685 NoN.
421 1645 677 1698 Mercatura]
710 1644 913 1684 Phoenices
944 1645 1063 1698 primi
1083 1645 1305 1684 mercaturis
1338 1654 1375 1683 et
1395 1645 1587 1683 mercibus
1608 1645 1682 1684 suis

339 1712 550 1757 avaritiam,
585 1720 623 1749 et
643 1711 987 1764 magnificentiam,
1019 1720 1057 1749 et
1076 1711 1326 1765 inexplebiles
1345 1711 1574 1763 cupiditates
1595 1725 1686 1750 om-

338 1779 451 1817 nium
470 1791 597 1816 rerum
618 1777 934 1830 supportaverunt
952 1778 993 1815 in
1014 1778 1219 1816 Graeciam.

285 1845 399 1884 NON.
423 1843 678 1897 Confidentia.]
710 1844 801 1882 duas
822 1844 891 1882 fibi
912 1857 982 1888 res,
1015 1857 1094 1896 quo
1114 1844 1244 1882 minus
1264 1843 1305 1882 in
1325 1842 1463 1895 vulgus
1484 1851 1521 1880 et
1542 1842 1582 1880 in
1602 1842 1689 1881 foro

339 1911 496 1956 diceret,
517 1910 793 1949 confidentiam
813 1919 861 1948 et>
871 1923 1006 1948 vocem
1027 1908 1198 1947 defuiffe.

283 1977 397 2016 Non.
420 1976 630 2029 Prqferre.]
654 1976 846 2029 Sapientia
864 1975 978 2028 jubet
998 1973 1166 2028 proferre
1192 1987 1300 2028 opes,
1329 1973 1565 2026 amplificare
1585 1973 1690 2011 divi-

340 2043 426 2082 tias.

288 2108 401 2148 NON.
423 2108 664 2161 Periculum]
700 2107 762 2147 sed
783 2118 826 2146 ut
855 2107 922 2161 ipsi
944 2107 1006 2145 seu
1026 2106 1201 2144 animum
1232 2104 1512 2156 periclitentur,
1546 2103 1608 2141 seu
1627 2104 1689 2142 vi·

342 2175 469 2218 deant,
492 2173 588 2225 quid
608 2173 644 2210 se
664 2182 802 2225 putent
820 2173 891 2210 esse
910 2172 1088 2209 facturos.

285 2241 400 2280 NoN.
417 2238 664 2293 Impigritas.]
687 2238 905 2291 Nunquam
925 2237 996 2275 viri
1015 2235 1210 2275 fortiffimi
1230 2234 1485 2280 fortitudinis,
1506 2234 1689 2288 impigri-

340 2307 443 2351 tatis,
464 2305 673 2359 patientiae.

288 2373 431 2411 PRIsc.
453 2372 513 2411 lib.
538 2371 619 2424 V1.]
666 2370 775 2422 Qid
794 2383 885 2423 ergo
905 2369 970 2408 illa
1001 2368 1070 2407 fibi
1095 2368 1180 2406 vult
1209 2366 1367 2406 absurda
1396 2368 1587 2420 exceptio,
1620 2367 1690 2405 nifi

342 2438 429 2490 quis
451 2437 651 2476 Athonem
684 2451 755 2490 pro
774 2445 1029 2475 monumento
1058 2434 1143 2473 vult
1174 2434 1352 2474 funditus
1385 2433 1564 2472 efficere?
1602 2433 1696 2485 quis

342 2503 448 2542 enim
467 2504 520 2542 est
538 2502 661 2549 Atho,
683 2511 748 2541 aut
769 2503 965 2557 Olympus
988 2508 1114 2541 tantus
1134 2501 1148 2538 ?
