2223 3003
723 339 998 378 LIBER
1062 339 1442 378 PRIMUsq
1698 353 1776 396 205

376 455 397 480 a
417 442 556 480 virtute
588 440 722 495 potest,
755 455 872 493 quam
892 454 944 485 re,
976 440 1146 492 separari.
1193 441 1251 478 Ut
1271 440 1442 478 venustas
1463 449 1501 478 et
1529 439 1780 494 pulchritudo

375 509 545 561 corporis
566 508 706 546 secerni
727 521 804 545 non
825 506 945 559 potest
965 519 985 543 a
1003 506 1219 544 valetudine
1232 525 1243 550 ;
1276 506 1325 544 fic
1343 505 1433 552 hoc,
1465 507 1510 545 de
1540 522 1618 560 quo
1645 509 1777 561 loqui-

375 588 479 620 mur,
500 575 699 618 decorum,
733 582 862 611 totum
891 571 989 609 illud
1009 572 1169 623 quidem
1190 571 1242 609 est
1261 586 1353 610 cum
1374 574 1514 612 virtute
1540 574 1744 614 confusum
1761 594 1775 621 ς

377 641 438 679 sed
458 650 588 679 mente
603 649 641 677 et
661 638 894 691 cogitatione
914 637 1175 689 distinguitur.

431 707 499 745 Est
525 715 654 744 autem
674 705 754 756 ejus
785 703 989 756 descriptio
1007 703 1165 755 duplex.
1198 703 1304 741 Nam
1325 712 1362 741 et
1383 705 1556 757 generale
1583 708 1780 759 quoddam

375 771 560 809 decorum
581 768 853 821 intelligimus,
871 768 975 820 quod
996 769 1036 805 in
1056 768 1165 806 omni
1186 767 1379 806 honestate
1399 770 1564 808 versatur
1580 790 1591 815 ς
1623 781 1660 809 et
1675 773 1781 811 aliud

376 835 469 875 huic
490 836 718 888 subjectum,
744 834 849 887 quod
870 835 1034 887 pertinet
1054 834 1100 872 ad
1124 834 1287 886 fingulas
1308 845 1430 887 partes
1449 835 1670 876 honestatis.
1702 840 1779 877 At-

376 916 453 955 que
471 902 570 940 illud
589 901 759 954 superius
780 901 828 938 fic
857 900 936 939 fere
955 901 1107 939 definiri
1127 901 1220 939 solet
1236 919 1247 945 ;
1281 902 1480 941 Decorum
1499 903 1538 941 id
1558 903 1642 949 effe,
1675 905 1782 957 quod

376 968 674 1008 consentaneum
694 968 738 1006 fit
763 966 934 1006 hominis
965 968 1215 1012 excellendae,
1248 968 1288 1005 in
1308 982 1366 1013 eo,
1389 969 1429 1006 in
1449 983 1527 1022 quo
1547 979 1679 1008 natura
1698 973 1780 1023 ejus

375 1049 396 1073 a
429 1035 586 1087 reliquis
606 1034 866 1072 animantibus
888 1033 1050 1073 differat.
1095 1034 1192 1085 Qae
1213 1044 1341 1072 autem
1362 1049 1444 1087 pars
1466 1035 1631 1087 subjecta
1649 1039 1782 1090 generi

375 1101 442 1146 est,
464 1114 549 1139 eam
568 1101 618 1138 fic
639 1099 844 1145 definiunt,
867 1110 910 1138 ut
930 1100 969 1137 id
990 1100 1174 1138 decorum
1194 1099 1264 1138 effe
1285 1102 1420 1146 velint,
1441 1102 1546 1154 quod
1567 1103 1619 1140 ita
1639 1113 1782 1142 naturm

375 1166 673 1205 consentaneum
695 1166 753 1211 fit,
789 1175 831 1203 ut
865 1167 906 1204 in
935 1179 981 1204 eo
1013 1166 1225 1205 moderatio
1259 1176 1296 1206 et
1330 1168 1581 1220 temperantia
1606 1178 1783 1221 appareat

375 1246 468 1271 cum
487 1233 610 1285 specie
630 1232 796 1284 quadam
817 1232 981 1270 liberali.

420 1299 616 1337 XXVIII.
648 1298 746 1336 Haec
767 1298 819 1336 ita
837 1298 1018 1350 intelligi,
1040 1299 1256 1337 existimare
1278 1298 1475 1352 poffumus
1496 1314 1544 1339 ex
1562 1314 1607 1339 eo
1627 1301 1781 1347 decoro,

375 1365 482 1418 quod
502 1373 623 1418 poetae
644 1363 855 1416 sequuntur
870 1382 880 1408 ;
913 1363 960 1401 de
980 1377 1059 1416 quo
1089 1364 1164 1402 alio
1194 1365 1281 1403 loco
1301 1365 1410 1418 plura
1444 1366 1521 1404 dici
1541 1367 1676 1406 solent.
1709 1367 1782 1406 Sed

376 1441 463 1470 tum
494 1431 634 1469 servare
663 1430 762 1468 illud
794 1439 921 1482 poetas
953 1430 1134 1476 dicimus,
1167 1431 1272 1484 quod
1293 1431 1437 1477 deceat,
1471 1447 1562 1471 cum
1590 1433 1643 1478 id,
1677 1433 1782 1486 quod

379 1510 531 1549 quaque
551 1497 708 1550 persona
727 1497 892 1549 dignum
913 1495 978 1542 est,
1005 1506 1043 1536 et
1062 1497 1120 1543 fit,
1143 1507 1180 1536 et
1201 1498 1356 1537 dicitur.
1399 1500 1470 1544 Ut,
1493 1499 1518 1538 fi
1540 1501 1696 1546 AEacus,
1718 1509 1785 1538 aut

381 1563 515 1602 Minos
537 1563 694 1608 diceret,
892 1556 899 1562 ’

491 1629 645 1668 Oderint
663 1629 744 1668 dum
763 1640 926 1670 metuant
942 1650 952 1676 ς
985 1642 1063 1677 aut,
1084 1634 1198 1672 Natis
1205 1635 1370 1686 stpzdcro
1389 1634 1458 1687 ips&
1477 1634 1521 1686 est
1533 1643 1668 1687 parens
1684 1652 1696 1678 3
1750 1661 1752 1663 ·

378 1695 606 1734 indecorum
646 1696 848 1741 videretur,
890 1698 994 1749 quod
1033 1711 1095 1736 eos
1138 1697 1246 1736 fuiffe
1277 1698 1398 1750 justos
1433 1700 1667 1752 accepimus.
1727 1700 1785 1737 At

378 1762 500 1799 Atreo
520 1762 684 1806 dicente,
715 1762 865 1814 plausus
896 1764 1136 1801 excitantur:
1169 1763 1220 1802 est
1247 1765 1352 1802 enim
1372 1765 1487 1818 digna
1514 1765 1670 1818 persona
1695 1778 1783 1803 ora-

379 1827 446 1866 tio.
481 1827 554 1865 Sed
581 1836 716 1880 poetae,
749 1828 845 1880 quid
879 1843 1076 1881 quemque
1107 1830 1249 1875 deceat,
1280 1843 1326 1868 ex
1352 1831 1507 1883 persona
1521 1832 1782 1883 judicabunt:

378 1894 491 1932 nobis
524 1903 653 1932 autem
682 1894 879 1946 personam
911 1896 1096 1947 imposuit
1127 1895 1205 1948 ipsa
1231 1907 1378 1941 natura,
1415 1911 1553 1951 magna
1587 1911 1679 1935 cum
1713 1911 1783 1936 ex-

378 1959 556 1998 cellentia
587 1960 873 2013 praestantiaque
902 1962 1162 2000 animantium
1192 1963 1441 2015 reliquarum.
1475 1965 1669 2015 roirca
1688 1977 1783 2017 poe-

377 2035 424 2065 tae
454 2026 495 2064 in
526 2040 666 2079 magna
695 2027 874 2065 varietate
904 2028 1162 2081 personarum,
1193 2030 1311 2068 etiam
1340 2030 1482 2068 vitiofis
1513 2031 1605 2083 quid
1639 2044 1782 2069 conve-

377 2093 472 2138 niat,
517 2102 554 2131 et
588 2094 684 2146 quid
715 2094 860 2140 deceat,
892 2095 1108 2141 videbunt;
1154 2097 1267 2135 nobis
1302 2106 1431 2134 autem
1474 2111 1565 2134 cum
1600 2111 1620 2134 a
1652 2106 1784 2136 natura

378 2157 610 2204 constantiae‚
641 2160 930 2205 moderationis,
962 2163 1236 2214 temperantiae,
1268 2162 1504 2200 verecundiae
1537 2172 1658 2215 partes
1689 2162 1785 2201 datae

377 2224 450 2264 sint
465 2243 478 2270 ³
509 2237 678 2278 cumque
698 2226 832 2263 eadem
853 2236 985 2264 natura
1010 2227 1144 2264 doceat
1177 2241 1254 2265 non
1284 2227 1490 2280 negligere,
1526 2229 1782 2281 quemadmo-

378 2291 474 2329 dum
508 2304 578 2330 nos
614 2291 786 2329 adversus
822 2291 1000 2330 homines
1048 2305 1254 2345 geramus;
1301 2294 1480 2340 efficitur,
1521 2305 1564 2333 ut
1597 2305 1634 2333 et
1669 2295 1782 2341 illud,

378 2357 484 2409 quod
528 2359 576 2395 ad
616 2371 776 2396 omnem
813 2357 1051 2396 honestatem
1084 2360 1264 2411 pertinet,
1310 2360 1509 2407 decorum,
1558 2375 1677 2414 quam
1709 2362 1784 2400 late

379 2421 510 2461 fusum
529 2424 590 2469 fit,
620 2434 796 2477 appareat
812 2442 823 2469 ς
855 2434 894 2462 et
924 2424 1015 2470 hoc,
1048 2425 1153 2477 quod
1173 2425 1359 2478 spectatur
1379 2428 1420 2465 in
1449 2441 1684 2482 unoquoque
1714 2442 1782 2481 ge-

379 2501 468 2526 nere
484 2490 652 2529 virtutis.
699 2492 757 2529 Ut
776 2491 883 2529 enim
914 2491 1167 2545 pulchritudo
1188 2493 1357 2546 corporis
1387 2503 1474 2547 apta
1503 2495 1784 2548 compositione

381 2554 649 2594 membrorum
683 2567 814 2596 movet
844 2558 991 2602 oculos,
1022 2567 1059 2596 et
1080 2558 1242 2596 delectat
1270 2557 1346 2597 hoc
1366 2560 1461 2613 ipso,
1482 2562 1588 2614 quod
1619 2561 1717 2598 inter
1747 2559 1783 2597 se

381 2633 515 2660 omnes
534 2630 658 2675 partes
679 2635 772 2662 cum
791 2625 960 2675 quodam
982 2625 1108 2678 lepore
1129 2624 1372 2665 consentiunt
1385 2645 1397 2674 ς
1421 2627 1469 2667 sic
1490 2626 1565 2666 hoc
1581 2627 1782 2671 decorum,
