2223 3003
715 263 819 302 DE
891 262 1363 302 AMICITIA.
1664 278 1740 317 329

342 363 540 402 debemus.
586 362 804 415 Nunquam
835 376 907 415 ego
937 362 1064 401 dicam
1094 364 1142 402 C.
1176 363 1414 407 Fabricium,
1446 362 1522 401 Μ’.
1556 362 1738 407 Curium,

342 430 395 468 Τ.
420 428 724 473 Coruncanium,
757 441 853 480 quos
873 428 1056 480 sapientes
1088 428 1204 467 nostri
1235 430 1396 481 majores
1426 428 1664 480 judicabant,
1695 429 1741 466 ad

341 495 502 534 istorum
533 509 710 534 normam
738 493 848 532 fuiffe
879 493 1076 546 sapientes.
1120 496 1248 546 Qare
1268 495 1337 532 fibi
1367 494 1532 533 habeant
1552 494 1740 547 sapientiae

342 575 486 600 nomen
515 571 553 600 et
572 559 818 603 invidiosum,
850 568 887 596 et
917 559 1151 604 obscurum,
1183 560 1484 613 concedantque,
1518 570 1560 599 ut
1580 559 1621 598 hi
1649 561 1741 598 boni

342 628 415 665 viri
434 627 591 666 fuerint.
633 625 698 664 Ne
717 625 756 662 id
774 623 932 676 quidem
952 623 1120 663 facient:
1153 625 1361 677 negabunt,
1383 626 1436 671 id,
1470 626 1537 665 nifi
1567 627 1739 680 sapienti,

341 692 444 746 poffe
462 691 637 729 concedi.

396 747 571 812 Agamus
598 756 718 810 igitur
747 755 885 809 pingui
906 756 1097 802 Minerva,
1129 765 1171 795 ut
1191 757 1311 796 aiunt.
1344 757 1427 810 Qi
1453 758 1504 796 ita
1523 757 1557 796 se
1589 768 1740 810 gerunt,

340 824 395 862 ita
413 825 562 868 vivunt,
592 832 637 861 ut
665 836 799 861 eorum
818 822 1002 875 probetur
1024 822 1131 868 fides,
1162 824 1373 876 integritas,
1404 823 1611 876 aequalitas,
1642 823 1741 861 libe-

341 890 467 928 ralitas
483 908 495 935 5
528 903 598 927 nec
619 889 664 927 fit
693 890 732 927 in
762 888 839 927 illis
870 888 948 926 ulla
977 888 1180 942 cupiditas,
1210 889 1347 936 libido,
1377 890 1560 935 audacia;
1591 890 1743 941 smtque

340 956 482 1009 magni).
516 955 740 1000 constantia,
783 964 826 993 ut
855 955 883 992 ii
916 953 1088 1001 fuerunt,
1133 956 1252 994 modo
1280 969 1377 1008 quos
1407 956 1602 994 nominavi
1618 974 1630 1001 ς
1672 955 1742 994 hos

340 1023 442 1061 viros
477 1022 623 1066 bonos,
666 1030 709 1058 ut
744 1020 867 1059 habiti
899 1021 1006 1066 sunt,
1038 1021 1087 1059 s1c
1106 1022 1224 1060 etiam
1255 1022 1499 1075 appellandos
1534 1030 1740 1075 putemus;

341 1088 434 1140 quia
452 1088 656 1140 sequantur
688 1088 895 1140 (quantum
916 1086 1094 1126 homines
1121 1087 1289 1140 poll‘unt)
1327 1098 1516 1132 naturam,
1551 1088 1741 1140 optimam

342 1153 439 1192 bene
459 1153 612 1192 vivendi
633 1153 788 1192 ducem.
819 1153 881 1191 Sic
913 1154 1018 1191 enim
1038 1152 1139 1192 mihi
1160 1153 1368 1206 perspicere
1388 1154 1531 1199 videor,
1564 1154 1616 1192 ita
1636 1163 1741 1191 natos

339 1219 411 1258 effe
433 1233 516 1265 nos,
547 1229 591 1258 ut
621 1220 720 1257 inter
749 1231 885 1258 omnes
916 1219 1004 1257 esset
1035 1219 1189 1257 societas
1220 1220 1419 1272 quaedam;
1451 1220 1574 1271 major
1598 1229 1740 1263 autem,

340 1293 385 1323 ut
421 1284 582 1337 quisque
614 1285 790 1337 proxime
823 1283 1043 1323 accederet:
1086 1285 1215 1337 itaque
1245 1286 1361 1330 cives,
1402 1286 1583 1338 potiores,
1624 1298 1742 1337 quam

339 1351 532 1404 peregrini
543 1369 556 1396 3
588 1360 626 1388 et
644 1350 869 1404 propinqui,
891 1363 1010 1403 quam
1029 1349 1144 1388 alieni
1163 1365 1171 1389 :
1204 1364 1297 1389 cum
1316 1349 1377 1388 his
1403 1351 1509 1389 enim
1531 1351 1745 1389 amicitiam

339 1426 475 1455 natura
492 1417 571 1470 ipsa
591 1418 737 1470 peperit
753 1435 765 1462 ;
802 1416 866 1455 sed
886 1430 929 1454 ea
948 1429 1027 1455 non
1047 1416 1132 1455 satis
1163 1415 1280 1455 habet
1308 1416 1516 1456 firmitatis.
1559 1417 1744 1469 Namque

339 1481 417 1521 hoc
437 1483 584 1535 praestat
603 1483 774 1521 amicitia
793 1483 1087 1535 propinquitati,
1110 1483 1216 1535 quod
1243 1496 1292 1521 ex
1317 1483 1604 1536 propinquitate
1625 1483 1742 1520 bene-

338 1548 506 1587 volentia
524 1547 609 1586 tolli
635 1547 770 1600 potest,
792 1561 839 1585 ex
857 1548 1028 1585 amicitia
1058 1561 1136 1586 non
1155 1547 1300 1600 potest:
1333 1548 1479 1585 sublata
1498 1548 1602 1586 enim
1624 1548 1741 1586 bene-

341 1614 522 1658 volentia,
544 1614 722 1650 amicitiae
739 1625 881 1650 nomen
903 1613 1066 1656 tollitur,
1088 1612 1389 1664 propinquitatis
1410 1622 1552 1652 manet.
1586 1613 1742 1665 Qanta

339 1688 471 1718 autem
491 1679 547 1717 vis
569 1677 749 1716 amicitiae
769 1677 827 1723 fit,
849 1691 895 1715 ex
916 1677 989 1716 hoc
1010 1677 1177 1730 intelligi
1207 1677 1377 1715 maxime
1396 1679 1533 1731 potest,
1560 1679 1665 1732 quod
1694 1693 1743 1719 ex

340 1746 492 1785 infinita
511 1744 688 1783 societate
707 1744 854 1797 generis
873 1742 1052 1788 humani,
1084 1757 1203 1797 quam
1236 1744 1457 1783 conciliavit
1486 1745 1565 1798 ipsa
1594 1755 1740 1792 natura,

339 1814 393 1852 ita
412 1813 604 1852 contracta
623 1824 679 1850 res
700 1811 766 1856 est,
787 1820 826 1850 et
845 1810 1005 1849 adduffita
1023 1811 1063 1849 in
1079 1811 1297 1864 angustum,
1315 1820 1359 1851 ut
1377 1812 1504 1852 omnis
1523 1813 1656 1852 caritas
1677 1823 1742 1853 aut

338 1880 440 1918 inter
459 1880 568 1924 duos,
591 1887 655 1916 aut
674 1879 775 1916 inter
793 1891 948 1931 paucOS,
963 1879 1204 1931 jungeretur,

393 1945 466 1983 VI.
502 1944 569 1982 Est
589 1954 717 1983 autem
748 1944 919 1983 amicitia
940 1943 1040 1983 nihil
1071 1944 1175 1983 aliud
1207 1944 1274 1983 nifi
1308 1943 1488 1984 omnium
1522 1944 1742 1985 divinarum

338 2012 676 2064 humanarumque
696 2025 823 2050 rerum
843 2025 935 2050 cum
957 2012 1233 2058 benevolentia,
1247 2021 1285 2050 et
1301 2013 1455 2051 caritate
1474 2012 1624 2050 summa
1643 2026 1739 2051 con-

341 2078 483 2116 senfio:
515 2092 592 2131 qua
611 2077 770 2131 quidem
796 2077 901 2117 haud
920 2078 1011 2123 scio,
1033 2091 1095 2123 an,
1122 2087 1281 2130 excepta
1300 2078 1492 2131 sapientia,
1525 2077 1740 2131 quidquam

338 2144 477 2183 melius
491 2142 644 2181 homini
663 2144 708 2181 fit
727 2158 747 2181 a
767 2144 855 2182 Diis
875 2143 1162 2182 immortalibus
1182 2144 1332 2181 datum.
1372 2143 1537 2181 Divitias
1556 2143 1621 2181 alii
1641 2157 1739 2196 prae-

340 2218 504 2262 ponunt,
536 2209 677 2246 bonam
707 2209 771 2245 alii
800 2208 1074 2251 valetudinem,
1105 2208 1169 2245 alii
1200 2208 1427 2260 potentiam,
1464 2208 1529 2246 alii
1559 2207 1739 2256 honores,

339 2275 457 2313 multi
476 2275 592 2313 etiam
612 2273 840 2327 voluptates.
891 2273 1113 2312 Belluarum
1133 2273 1208 2312 hoc
1225 2274 1389 2326 quidem
1408 2283 1627 2314 extremum
1656 2275 1708 2314 est
1724 2294 1737 2320 ;

340 2341 406 2379 illa
424 2351 552 2380 autem
573 2341 775 2394 superiora,
805 2341 946 2379 caduca
966 2349 1004 2378 et
1023 2340 1179 2385 incerta,
1212 2341 1329 2393 posita
1349 2354 1425 2379 non
1447 2351 1526 2380 tam
1547 2342 1586 2380 in
1604 2342 1737 2381 nostris

338 2407 521 2452 confiliis,
542 2421 660 2460 quam
681 2408 720 2445 in
741 2406 904 2447 fortuna:
925 2408 1151 2445 temeritate.
1174 2407 1255 2458 Qi
1271 2416 1400 2446 autem
1414 2408 1456 2445 in
1473 2408 1613 2446 virtute
1631 2407 1736 2445 sum—

342 2484 453 2508 mum
473 2472 622 2509 bonum
642 2482 807 2524 ponunt,
829 2473 1003 2525 praeclare
1025 2471 1081 2509 illi
1103 2471 1288 2523 quidem,
1320 2472 1381 2510 sed
1413 2471 1494 2510 hoec
1521 2473 1598 2525 ipsa
1618 2473 1736 2511 virtus

341 2536 553 2574 amicitiam
584 2547 622 2575 et
651 2539 793 2590 gignit,
823 2548 860 2577 et
879 2539 1077 2584 continet,
1111 2551 1179 2576 nec
1210 2538 1286 2577 fine
1305 2538 1446 2577 virtute
1471 2539 1641 2578 amicitia
1666 2537 1738 2578 effe

341 2601 423 2640 ullo
442 2603 552 2654 paeto
571 2603 706 2654 potest.

426 2669 464 2708 T
479 2682 502 2708 o
519 2682 570 2708 M.
603 2669 677 2708 111.
1340 2670 1379 2709 T
1411 2679 1426 2708 t
