2223 3003
632 280 910 322 LIBER
967 279 1467 320 SECUNDUS.
1679 293 1750 335 151

353 381 686 436 religionumjura
704 382 853 435 polluta
872 381 985 420 sunt:
1019 381 1143 420 vexati
1163 381 1279 420 nostri
1306 382 1421 420 Lares
1447 378 1653 419 familiares
1672 395 1680 418 ι
1712 381 1754 420 in

353 462 487 487 eorum
503 449 653 487 sedibus
669 448 949 487 exaedificatum
965 448 1159 500 templum
1176 447 1384 486 Licentiae:
1404 445 1533 500 pulsus
1547 460 1566 485 a
1581 447 1751 487 delubris

353 514 400 559 is,
417 515 485 567 qui
503 514 570 552 illa
588 514 759 552 servarat.
778 512 1075 564 Circumspicite
1087 513 1258 550 celeriter
1273 514 1417 558 animo,
1441 512 1559 564 (nihil
1571 513 1676 551 enim
1690 523 1749 552 at-

351 579 451 617 tinet
469 591 707 632 quemquam
727 577 936 628 nominari)
958 577 1027 628 qui
1040 576 1112 614 sint
1127 590 1255 614 rerum
1270 578 1395 615 exitus
1416 579 1624 618 consecuti.
1647 580 1748 626 Nos,

352 646 420 698 qui
433 646 541 683 illam
560 643 757 682 custodem
777 642 897 686 urbis,
910 641 1095 680 omnibus
1115 642 1254 694 ereptis
1274 642 1408 681 nostris
1427 644 1539 682 rebus
1559 659 1601 683 ac
1617 647 1747 698 perdi-

351 712 416 755 tis,
436 709 568 748 violari
587 709 635 746 ab
653 708 784 760 impiis
803 707 894 760 paffi
914 721 992 745 non
1009 706 1154 752 sumus,
1185 720 1348 760 eamque
1367 722 1415 746 ex
1434 709 1557 747 nostra
1577 711 1693 750 domo
1706 714 1747 751 in

350 775 466 828 ipfius
486 774 602 828 patris
622 774 787 812 domum
813 773 1040 818 detulimus,
1056 773 1204 825 judicia
1222 773 1385 819 senatus,
1417 774 1548 820 Itali-ae,
1569 777 1749 828 gentium

351 841 516 893 denique
535 839 730 884 omnium,
759 838 985 877 conservatae
1004 839 1134 891 patriae
1154 838 1347 878 consecuti
1367 840 1521 886 sumus;
1555 854 1634 894 quo
1653 843 1749 894 quid

350 907 521 945 accidere
531 906 662 959 potuit
672 904 826 943 homini
839 905 1052 958 praeclarius
1069 905 1082 942 ?
1101 905 1283 957 Qorum
1299 905 1434 945 scelere
1447 907 1647 960 religiones
1662 917 1749 947 tum

349 972 541 1026 prostratae
560 972 787 1025 afflictaeque
805 971 906 1017 sunt,
924 973 1063 1025 partim
1084 985 1131 1011 ex
1147 972 1224 1010 illis
1251 972 1416 1011 distrasti
1439 987 1482 1012 ac
1503 973 1666 1027 diffipati
1686 977 1750 1028 ja-

349 1048 438 1077 cent
453 1053 461 1077 :
485 1039 654 1091 quivero
670 1052 717 1077 ex
736 1039 784 1077 iis
801 1047 839 1077 et
854 1037 997 1077 horum
1012 1038 1197 1077 scelerum
1213 1039 1403 1092 principes
1417 1038 1586 1085 fuerunt,
1601 1049 1639 1079 et
1650 1055 1748 1095 prae-

350 1115 408 1144 ter
428 1116 581 1144 caeteros
597 1107 637 1144 in
653 1106 762 1144 omni
782 1106 965 1159 religione
980 1106 1108 1159 impii,
1130 1119 1208 1144 non
1222 1106 1346 1145 solum
1361 1106 1439 1145 vitri
1453 1108 1615 1146 cruciati
1634 1118 1749 1161 atque

351 1172 547 1218 dedecore,
564 1186 698 1211 verum
718 1172 835 1210 etiam
855 1172 1046 1225 sepultura
1065 1186 1108 1210 ac
1122 1172 1233 1225 justis
1249 1172 1512 1225 exsequiarum
1531 1184 1746 1213 caruerunt.

406 1240 637 1290 QJINTUS.
667 1237 863 1288 Equidem
883 1238 951 1275 ista
969 1238 1145 1289 agnosco,
1166 1237 1294 1282 frater,
1325 1248 1362 1275 et
1378 1239 1532 1276 meritas
1554 1240 1642 1276 Diis
1662 1253 1748 1291 gra-

349 1304 421 1342 tias
442 1317 537 1356 ago:
559 1302 622 1340 sed
641 1302 758 1340 nimis
779 1301 873 1355 saepe
888 1302 993 1340 secus
1014 1302 1210 1354 aliquanto
1226 1302 1402 1340 videmus
1417 1302 1585 1342 evadere.
1608 1304 1748 1343 MAR-

352 1383 443 1409 cus.
466 1370 560 1408 Non
580 1369 701 1414 enirn,
731 1368 894 1420 Qinte,
925 1369 1024 1406 τεξὶε
1054 1368 1333 1414 existimamus,
1364 1383 1449 1422 quae
1479 1383 1593 1423 poena
1622 1371 1751 1409 divina

351 1435 396 1474 fit
408 1455 420 1481 ς
441 1445 479 1475 et
498 1435 747 1489 opinionibus
767 1435 875 1488 vulgi
895 1435 1068 1488 rapimur
1082 1435 1123 1473 in
1143 1448 1323 1481 errorem,
1343 1449 1413 1474 nec
1433 1449 1518 1474 vera
1538 1437 1748 1475 cernimus.

352 1501 498 1546 Morte,
519 1511 585 1539 aut
604 1490 734 1539 dolore
753 1501 937 1554 corporis,
958 1510 1023 1539 aut
1043 1501 1150 1539 lud‘tu
1170 1502 1306 1546 animi,
1327 1511 1392 1540 aut
1411 1501 1618 1541 offensione
1638 1503 1750 1555 judi·-

355 1565 422 1610 cii,
443 1565 651 1604 hominum
672 1565 838 1604 miserias
857 1566 1112 1618 ponderamus
1129 1585 1141 1611 3
1173 1581 1258 1619 quae
1277 1566 1398 1606 fateor
1416 1567 1586 1606 humana
1604 1568 1689 1613 effe,
1711 1578 1751 1606 et

352 1631 488 1669 multis
509 1631 622 1669 bonis
639 1631 730 1668 viris
750 1631 936 1669 accidisse.
983 1632 1140 1669 Sceleris
1171 1642 1300 1670 autem
1330 1633 1383 1670 est
1401 1646 1515 1685 poena
1538 1633 1652 1671 tristis
1669 1651 1680 1677 ;
1713 1642 1751 1671 et

353 1706 486 1749 praeter
505 1710 567 1736 eos
588 1705 760 1741 eventus,
775 1697 844 1748 qui
863 1696 1088 1749 sequuntur,
1109 1710 1175 1749 per
1194 1697 1229 1735 se
1250 1697 1327 1750 ipsa
1347 1698 1517 1736 maxima
1536 1698 1602 1736 est.
1635 1698 1750 1737 Vidi-

352 1775 440 1800 mus
461 1775 538 1807 eos,
559 1762 642 1814 qui,
666 1761 734 1800 nis1
754 1761 916 1800 odiffent
935 1763 1110 1815 patriam,
1132 1776 1332 1815 nunquam
1354 1764 1504 1802 inimici
1521 1764 1631 1803 nobis
1653 1763 1749 1803 suis-

351 1827 445 1872 sent,
467 1827 638 1865 ardentes
653 1825 745 1865 cum
763 1827 988 1880 cupiditate,
1014 1837 1100 1866 turn
1116 1837 1238 1872 metu,
1256 1837 1342 1866 tum
1362 1828 1593 1867 conscientia
1610 1849 1621 1874 ς
1653 1829 1750 1882 quid

351 1902 518 1944 agerent,
548 1892 664 1931 modo
684 1893 863 1930 timentes
877 1910 890 1937 3
921 1892 1085 1930 vicissim
1105 1902 1394 1930 contemnentes
1421 1893 1624 1945 religiones
1641 1912 1652 1938 ς
1679 1896 1748 1946 ju-

352 1957 452 1995 dicia
466 1967 643 2010 perrupta
663 1958 709 1996 ab
729 1957 863 1996 iisdem
875 1975 888 2003 ς
908 1966 1086 2010 corrupta
1104 1956 1329 2003 hominum,
1348 1971 1424 1996 non
1443 1959 1632 1997 Deorum.
1667 1960 1750 1998 Re-

351 2023 518 2077 primam
532 2024 630 2076 jam,
657 2033 696 2062 et
726 2037 803 2062 non
825 2023 1000 2076 insequar
1018 2024 1171 2077 longius
1190 2043 1201 2069 3
1234 2038 1356 2076 eoque
1387 2025 1532 2070 minus,
1564 2039 1643 2077 quo
1662 2026 1749 2078 plus

351 2102 552 2140 poenarum
572 2088 709 2134 habeo,
740 2103 859 2142 quam
879 2091 1012 2143 petivi.
1056 2088 1231 2128 Tantum
1252 2104 1408 2142 ponam,
1441 2091 1521 2128 erui
1553 2091 1750 2144 duplicem

350 2168 506 2208 poenam
526 2155 595 2194 effe
611 2156 796 2201 divinam,
818 2157 924 2208 quod
940 2156 1125 2194 constaret
1146 2166 1182 2194 et
1203 2169 1249 2193 ex
1270 2155 1447 2194 vexandis
1474 2157 1643 2195 virorum
1665 2159 1749 2195 ani-

353 2221 451 2266 mis5
483 2231 520 2259 et
540 2222 583 2259 ea
601 2221 705 2261 fama
724 2233 984 2269 mortuorum,
1017 2231 1060 2259 ut
1079 2235 1213 2260 eorum
1233 2222 1396 2261 exitium
1418 2231 1454 2260 et
1469 2223 1619 2275 judicio
1639 2224 1750 2262 vivo-

351 2301 436 2326 rum
458 2298 496 2326 et
515 2289 655 2341 gaudio
675 2289 965 2342 comprobetur.

405 2354 559 2393 XVIII.
591 2356 697 2408 Agri
715 2366 845 2394 autem
864 2370 906 2394 ne
925 2357 1183 2409 constet-entur,
1207 2357 1356 2395 Platoni
1378 2357 1527 2411 prorsus
1547 2357 1747 2403 assentior;

354 2418 435 2467 qui,
457 2419 484 2457 fi
503 2420 620 2458 modo
640 2421 881 2474 interpretari
899 2431 1072 2473 potuero,
1098 2420 1159 2460 his
1179 2421 1256 2460 fere
1271 2423 1394 2461 verbis
1412 2424 1547 2462 utitur.
1581 2431 1608 2447 “
1630 2425 1750 2461 Terra

356 2489 382 2505 “
405 2482 534 2534 igitur,
549 2495 592 2524 ut
607 2485 716 2525 focus
729 2486 1035 2531 domiciliorum,
1051 2486 1149 2524 sacra
1162 2488 1335 2526 Deorum
1351 2489 1530 2526 omnium
1544 2489 1608 2527 est.
1633 2491 1749 2540 Qo-

355 2555 382 2570 “
404 2548 503 2585 circa
523 2552 657 2602 nequis
673 2552 815 2591 iterum
834 2553 938 2590 idem
959 2552 1188 2591 consecrato.
1231 2554 1385 2591 Aurum
1406 2564 1533 2592 autem
1555 2564 1592 2592 et
1612 2567 1748 2605 argen-

355 2620 382 2637 “
405 2622 487 2652 tum
509 2614 548 2653 in
569 2615 728 2656 urbibus
749 2627 786 2656 et
805 2618 1001 2671 privatim,
1023 2629 1059 2657 et
1083 2618 1119 2656 in
1140 2617 1236 2657 fanis
1254 2619 1435 2658 invidiosa
1457 2633 1512 2657 res
1533 2619 1599 2657 est.
1639 2620 1750 2658 Tum
