2223 3003
706 254 812 294 DE
871 253 1450 294 SENECTUTE.
1680 268 1757 309 317

350 355 566 409 quidquam
585 353 749 400 videtur,
780 355 822 393 in
849 367 929 408 quo
948 354 1002 393 est
1030 353 1180 406 aliquid
1198 362 1418 393 extremum
1436 368 1446 393 ε
1477 367 1570 392 cum
1589 353 1696 393 enim
1716 355 1758 393 id

351 423 518 467 advenit,
548 431 643 460 tunc
672 421 786 467 illud,
816 421 922 474 quod
952 421 1147 474 praeteriit,
1178 420 1358 460 effluxit:
1392 419 1545 459 tantum
1570 431 1756 467 remanet,

350 489 456 540 quod
476 488 617 526 virtute
636 497 674 526 et
693 489 793 526 reete
811 487 920 525 fastis
940 487 1165 525 consecutus
1186 488 1246 526 fis.
1279 488 1401 526 Horae
1418 488 1578 540 quidem
1598 488 1758 533 cedunt,

351 563 391 592 et
425 554 520 599 dies,
552 563 591 592 et
624 553 784 598 menses,
814 562 852 591 et
881 553 999 598 anni3
1031 566 1100 590 nec
1129 553 1368 605 praeteritum
1399 563 1551 606 tempus
1583 567 1758 606 unquam

351 620 578 665 revertitur;
610 633 696 664 nec,
727 619 823 670 quid
842 618 1032 670 sequatur,
1064 618 1149 655 sciri
1180 618 1314 670 potest.
1347 619 1467 670 Qod
1492 619 1633 671 cuique
1654 629 1757 657 tem-

350 687 453 738 poris
474 686 520 724 ad
546 685 754 722 vivendum
783 683 908 728 datur,
940 696 986 721 eo
1012 683 1125 721 debet
1143 682 1214 721 effe
1234 693 1465 722 contentus:
1497 698 1621 737 neque
1651 686 1763 723 enim

350 751 540 796 histrioni,
575 759 619 788 ut
648 750 809 803 placeat,
844 749 1059 803 peragenda
1089 749 1142 787 est
1160 748 1305 794 fabula,
1337 749 1470 794 modo,
1506 750 1547 787 in
1578 764 1758 802 quocun-

350 831 427 870 que
446 817 564 856 fuerit
582 818 682 861 actu,
715 817 901 869 probetur
915 834 927 861 ς
960 829 1084 869 neque
1115 815 1276 869 sapienti
1302 815 1421 869 usque
1441 816 1487 854 ad
1507 815 1678 855 Plaudite
1697 817 1758 854 vi-

349 883 536 921 vendum.

403 950 523 987 Breve
541 948 647 987 enim
667 957 820 1002 tempus
841 949 976 993 matis,
997 948 1084 987 satis
1105 947 1159 986 est
1177 948 1341 1001 longum
1370 947 1417 985 ad
1446 947 1543 985 bene
1578 947 1761 986 honeste-

311 1012 315 1018 ’
350 1028 427 1067 que
457 1015 696 1053 vivendum:
729 1015 784 1053 fin
818 1013 1035 1068 processeris
1068 1014 1248 1067 longius,
1282 1028 1361 1053 non
1390 1014 1512 1067 magis
1543 1013 1761 1053 dolendum

349 1081 417 1126 est,
455 1094 574 1133 quam
604 1080 779 1133 agricolae
810 1081 957 1126 dolent,
989 1081 1180 1134 praeterita
1207 1081 1316 1119 verni
1344 1080 1528 1133 temporis
1562 1080 1759 1125 suavitate,

350 1145 516 1184 aestatem
546 1155 860 1199 autumnumque
889 1147 1044 1185 venisse.
1075 1147 1155 1184 Ver
1181 1146 1287 1185 enim
1319 1155 1504 1199 tanquam
1539 1145 1757 1184 adolescen-

349 1213 446 1251 tiam
478 1212 693 1266 fignificat,
723 1213 966 1266 ostenditque
998 1212 1146 1251 fructus
1178 1212 1362 1251 futuros:
1404 1213 1551 1265 reliqua
1582 1221 1765 1264 tempora-

348 1278 588 1316 demetendis
615 1277 819 1324 frudtibus,
843 1289 881 1317 et
901 1279 1158 1332 percipiendis
1177 1279 1469 1317 accommodata
1488 1279 1588 1316 sunt.
1631 1279 1756 1316 Fruc-

349 1354 411 1383 tus
443 1354 572 1384 autem
591 1344 794 1383 senectutis
816 1345 883 1391 est,
919 1354 963 1383 ut
994 1345 1088 1399 soepe
1108 1345 1204 1390 dixi,
1237 1355 1324 1382 ante
1344 1354 1542 1397 partorum
1563 1345 1758 1382 bonorum

350 1411 538 1450 memoria
556 1420 594 1449 et
614 1412 738 1464 copia.
771 1411 918 1450 Omnia
949 1425 1052 1456 vero,
1081 1425 1166 1464 quae
1199 1410 1413 1449 secundum
1433 1420 1608 1448 naturam
1642 1409 1757 1454 fiunt,

350 1476 437 1514 sunt
456 1476 632 1515 habenda
650 1477 691 1514 in
712 1477 838 1516 bonis.
877 1477 985 1528 Qid
1007 1477 1060 1515 est
1080 1487 1210 1515 autem
1230 1485 1310 1514 tam
1331 1476 1543 1514 secundum
1563 1484 1757 1519 naturam,

349 1556 468 1595 quam
490 1541 641 1580 senibus
672 1543 823 1580 emori?
855 1542 961 1594 quod
990 1543 1095 1580 idern
1116 1542 1310 1593 contingit
1340 1541 1657 1584 adolescentibus,
1688 1539 1757 1577 ad-

348 1608 516 1646 versante
534 1617 572 1646 et
591 1616 829 1660 repugnante
849 1616 994 1646 natura.
1033 1609 1169 1659 Itaque
1189 1607 1444 1648 adolescentes
1464 1606 1565 1643 mori
1584 1605 1635 1643 fic
1655 1604 1757 1643 mihi

347 1675 541 1719 videntur,
577 1682 622 1711 ut
654 1687 747 1711 cum
780 1687 887 1726 aquae
921 1673 1176 1711 multitudine
1205 1673 1262 1711 vis
1292 1672 1459 1711 flammae
1491 1672 1754 1725 opprimitur;

349 1741 453 1780 senes
484 1750 628 1786 autem,
665 1740 762 1778 ficut
795 1739 860 1778 sua
886 1740 1034 1793 sponte,
1072 1739 1180 1778 nulla
1210 1738 1383 1777 adhibita
1412 1740 1465 1784 vi,
1501 1738 1755 1791 consumptus

348 1807 450 1859 ignis
471 1806 726 1859 extinguitur.
771 1806 825 1844 Et
845 1805 949 1858 quafi
968 1819 1099 1858 poma,
1130 1819 1179 1843 ex
1209 1805 1424 1850 arboribus,
1459 1805 1486 1843 fi
1506 1805 1623 1842 cruda
1652 1804 1755 1849 sunt,

348 1873 387 1910 vi
417 1873 662 1917 avelluntur;
694 1872 721 1910 fi
742 1882 890 1910 matura
921 1881 960 1910 et
992 1873 1113 1916 cocta,
1146 1871 1357 1916 decidunt;
1390 1871 1440 1908 fic
1470 1871 1590 1908 vitam
1609 1870 1756 1907 adoles-

348 1939 526 1976 centibus
558 1939 614 1976 vis
640 1937 778 1982 aufert,
811 1937 962 1975 senibus
987 1937 1213 1975 maturitas:
1247 1949 1333 1988 quae
1363 1935 1464 1974 mihi
1487 1936 1648 1988 quidem
1675 1944 1756 1973 tam

343 2004 517 2056 jucunda
536 2003 602 2048 est,
637 2012 694 2049 ut,
726 2017 805 2056 quo
824 2003 982 2056 propius
1003 2003 1050 2041 ad
1076 2013 1245 2041 mortem
1265 2002 1458 2047 accedam,
1491 2001 1595 2053 quas1
1615 2011 1756 2038 terram

349 2070 476 2107 videre
497 2070 637 2115 videar,
670 2069 952 2123 aliquandoque
982 2069 1022 2107 in
1044 2078 1204 2122 portum
1222 2082 1270 2107 ex
1289 2068 1406 2120 longa
1425 2067 1666 2119 navigatione
1685 2065 1758 2104 effe

349 2144 548 2173 venturus.

405 2201 497 2238 XX.
531 2200 726 2238 Omnium
746 2209 903 2238 aetatum
923 2209 1050 2237 certus
1081 2199 1133 2236 est
1155 2198 1342 2236 terminus
1360 2215 1372 2241 5
1404 2195 1605 2234 senestutis
1625 2205 1756 2234 autem

350 2266 480 2304 nullus
502 2277 628 2304 certus
649 2266 702 2303 est
722 2265 910 2303 terminus
929 2279 938 2302 :
971 2266 1146 2316 recteque
1165 2264 1206 2301 in
1226 2276 1268 2300 ea
1287 2263 1443 2307 vivitur,
1466 2262 1591 2315 quoad
1611 2274 1755 2300 munus

350 2333 469 2370 officii
490 2334 629 2385 exequi
659 2343 697 2370 et
708 2332 816 2370 .tueri
836 2330 962 2384 poffis,
993 2340 1032 2368 et
1054 2340 1182 2368 tamen
1209 2339 1377 2368 mortem
1398 2339 1659 2367 contemnere.
1691 2329 1755 2366 Ex

351 2411 430 2449 quo
450 2399 508 2443 fit,
539 2409 581 2437 ut
601 2399 806 2437 animosior
835 2398 951 2435 etiam
983 2397 1152 2435 senestus
1182 2396 1241 2441 fit,
1276 2410 1393 2449 quam
1423 2395 1685 2439 adolescentia,
1716 2402 1756 2432 et

352 2462 501 2501 fortior.
533 2464 624 2502 Hoc
655 2464 754 2502 illud
784 2463 851 2508 est,
882 2462 986 2515 quod
1008 2462 1195 2501 Pifistrato
1220 2471 1380 2514 tyranno
1400 2475 1420 2498 a
1440 2461 1577 2499 Solone
1597 2459 1754 2512 respon-

354 2528 438 2566 sum
469 2528 548 2573 est3
579 2543 671 2567 cum
703 2529 763 2567 illi
791 2529 992 2582 quaerenti‚
1025 2529 1113 2579 Qa
1140 2527 1295 2566 tandem
1316 2528 1380 2580 spe
1405 2526 1540 2571 fretus,
1573 2527 1641 2564 fibi
1675 2534 1755 2562 tam

352 2594 543 2633 audaciter
562 2593 767 2641 obsisteret,
800 2593 1028 2647 respondisse
1056 2594 1211 2639 dicitur,
1242 2594 1453 2633 Senectute.
1501 2593 1571 2631 Sed
1602 2590 1758 2630 vivendi
