2223 3003
723 226 1001 269 LIBER
1055 226 1556 269 SECUNDUS.
1789 246 1839 291 53

448 343 542 369 cum
562 327 757 382 quaeritur‚
787 329 857 382 qui
875 328 921 367 fit
939 328 1112 382 optimus
1132 328 1352 383 reipublicae
1371 328 1512 375 status,
1530 341 1615 382 quae
1634 328 1751 383 leges,
1772 331 1842 383 qui

449 410 573 436 mores
593 405 658 435 aut
677 395 791 434 utiles
811 404 876 434 aut
894 395 1064 441 inutiles,
1084 394 1348 449 haruspicesne
1366 409 1415 435 ex
1434 396 1588 435 Etruria
1603 396 1840 444 arceffentur,

449 477 495 502 an
515 463 707 516 principes
727 462 890 499 statuent
907 469 946 499 et
966 461 1103 498 delecti
1122 462 1209 507 viri,
1229 462 1342 514 periti
1363 476 1490 501 rerum
1509 463 1687 502 civilium
1704 463 1718 500 ?

504 528 623 579 Qod
649 527 675 565 fi
705 540 776 565 nec
805 538 936 563 earum
966 538 1119 570 rerum,
1143 539 1230 577 quae
1248 526 1423 577 subjec‘tae
1443 527 1608 567 senfibus
1628 529 1729 574 sunt,
1763 529 1842 569 ulla

449 593 636 633 divinatio
654 591 707 630 est
719 609 731 637 ς
763 603 833 629 nec
853 604 997 636 earum,
1029 604 1114 642 quae
1132 591 1276 630 artibus
1299 593 1574 638 continentur;
1607 607 1677 633 nec
1695 608 1843 642 earum,

448 673 534 712 quae
554 659 594 696 in
626 655 869 711 philosophia
902 655 1130 694 differuntur
1145 674 1157 702 3
1188 670 1260 695 nec
1285 670 1430 702 earum,
1459 672 1544 710 quae
1577 659 1617 696 in
1648 661 1842 711 republica

447 725 640 764 versantur
655 743 668 771 ;
699 737 864 777 quarum
888 736 1016 762 rerum
1036 723 1094 769 fit,
1125 722 1223 761 nihil
1243 723 1393 777 prorsus
1413 724 1604 777 intelligo.
1652 725 1757 764 Nam
1777 736 1843 766 aut

448 791 628 830 omnium
648 790 761 828 debet
779 789 875 835 effe„
893 799 958 828 aut
978 790 1105 843 aliqua
1123 789 1158 828 ei
1185 791 1343 829 materia
1368 790 1489 828 danda
1507 791 1572 836 est,
1601 791 1641 829 in
1662 804 1737 843 qua
1755 806 1841 831 ver-

446 857 516 896 sari
534 856 659 910 poffit.
706 856 776 895 Sed
797 869 866 894 nec
886 857 1067 895 omnium
1086 857 1271 896 divinatio
1299 857 1366 903 est,
1397 866 1441 896 ut
1460 857 1556 896 ratio
1583 857 1716 895 docuit
1728 876 1740 903 5
1772 872 1842 897 nec

446 922 568 969 locus,
595 936 668 961 nec
685 923 843 961 materia
862 923 1069 968 invenitur,
1099 922 1164 961 cui
1197 923 1475 962 divinationem
1505 923 1696 977 proeficere
1725 923 1842 977 poffi-

446 1003 550 1029 mus.
581 989 683 1028 Vide
701 990 832 1042 igitur,
854 1003 902 1027 ne
921 989 1027 1027 nulla
1046 989 1092 1028 fit
1110 989 1321 1029 divinatio.-

501 1057 553 1096 V.
585 1056 653 1094 Est
671 1056 830 1108 quidam
851 1057 1009 1094 Graecus
1029 1056 1193 1109 vulgaris
1213 1056 1253 1094 in
1273 1055 1373 1095 hanc
1388 1055 1615 1094 sententiam
1635 1055 1760 1094 versus
1773 1073 1800 1101 5-

584 1124 682 1162 Bene
700 1123 763 1175 qui
778 1122 947 1175 conjiciet,
968 1133 1090 1161 vatem
1109 1123 1204 1162 hunc
1215 1122 1405 1176 perhibebo
1423 1123 1619 1176 optimum.-

447 1187 561 1226 Num
576 1187 708 1239 igitur,
729 1196 794 1225 aut
808 1200 894 1239 quae
910 1187 1111 1239 tempestas
1126 1187 1360 1239 impendeat,
1374 1197 1475 1226 vates
1491 1188 1630 1226 melius
1646 1186 1841 1239 conjiciet,

446 1265 564 1304 quam
584 1252 815 1305 gubernator
831 1271 843 1298 3
875 1261 940 1290 aut
958 1253 1087 1291 morbi
1117 1262 1291 1291 naturam
1311 1252 1474 1298 acutius,
1499 1265 1618 1305 quam
1640 1252 1811 1290 medicus
1827 1269 1841 1297 ς

446 1327 512 1357 aut
532 1319 625 1357 belli
644 1318 1011 1358 administrationem
1031 1318 1274 1372 prudentius,
1304 1333 1423 1372 quam
1441 1319 1662 1372 imperator,
1687 1319 1842 1370 conjec-

447 1383 532 1422 tura
549 1384 762 1437 affequetur
779 1385 793 1422 ?

504 1451 577 1490 Sed
605 1451 869 1497 animadverti,
891 1451 1054 1503 Qinte‚
1084 1459 1124 1490 te
1141 1459 1265 1497 caute,
1295 1460 1334 1490 et
1353 1451 1401 1490 ab
1430 1450 1478 1489 iis
1497 1449 1740 1503 conjecturis,
1759 1462 1844 1502 quae

447 1513 632 1555 haberent
651 1526 770 1556 artem
789 1526 904 1571 atque
924 1518 1182 1571 prudentiam,
1214 1526 1253 1556 et
1283 1518 1330 1556 ab
1350 1518 1396 1556 iis
1418 1517 1543 1563 rebus,
1575 1529 1660 1569 quae
1679 1515 1842 1554 senfibus

449 1590 514 1618 aut
532 1581 701 1620 artificiis
737 1583 1035 1635 perciperentur,
1064 1583 1250 1621 abducere
1269 1583 1572 1626 divinationem3
1603 1594 1764 1632 eamque
1792 1580 1844 1618 ita

448 1647 618 1692 definire,
640 1647 932 1686 Divinationem
962 1648 1034 1685 effe
1063 1661 1194 1686 earum
1226 1661 1353 1686 rerum
1381 1648 1666 1699 praedictionem
1686 1655 1724 1683 et
1743 1659 1841 1698 prae-

448 1712 672 1757 sensionem,
693 1725 779 1764 quae
798 1712 913 1749 effent
931 1711 1113 1752 fortuitae.
1145 1712 1323 1752 Primum
1342 1713 1477 1751 eodem
1498 1712 1698 1750 revolveris
1718 1726 1726 1749 :
1750 1725 1842 1750 nam

447 1788 486 1816 et
519 1778 675 1823 medici,
713 1786 751 1815 et
783 1777 1063 1830 gubernatoris,
1093 1787 1131 1815 et
1150 1778 1387 1830 imperatoris
1415 1778 1609 1830 praesenfio
1638 1778 1690 1815 est
1713 1791 1842 1816 rerum

447 1843 708 1882 fortuitarum.
731 1843 844 1882 Num
864 1843 983 1895 igitur
1002 1852 1068 1881 aut
1086 1841 1288 1895 haruspex,
1305 1852 1370 1880 aut
1389 1857 1522 1895 augur,
1537 1853 1601 1880 aut
1621 1853 1721 1881 vates
1738 1843 1840 1895 quis,

447 1919 514 1948 aut
533 1909 724 1947 somnians
741 1908 880 1947 melius
901 1908 1122 1961 conjecerit,
1143 1917 1208 1946 aut
1227 1922 1247 1946 e
1267 1909 1405 1947 morbo
1424 1909 1622 1946 evasurum
1639 1918 1839 1961 aegrotum,

447 1984 513 2014 aut
531 1989 552 2013 e
571 1975 743 2029 periculo
762 1988 912 2019 navem,
934 1984 999 2012 aut
1017 1988 1065 2013 ex
1090 1974 1234 2013 infidiis
1253 1975 1481 2020 exercitum,
1503 1988 1619 2027 quam
1651 1974 1839 2019 medicus,

449 2055 567 2095 quam
581 2042 827 2095 gubernator,
857 2054 975 2094 quam
995 2042 1202 2095 imperator
1219 2042 1232 2079 ?

507 2109 633 2161 Atqui
652 2121 699 2146 ne
724 2108 790 2146 illa
809 2107 969 2160 quidem
989 2108 1193 2146 divinantis
1213 2107 1284 2146 effe
1299 2107 1450 2145 dicebas
1463 2125 1476 2152 ς
1507 2116 1654 2151 ventos,
1674 2116 1739 2145 aut
1763 2107 1840 2144 im-

448 2173 533 2212 bres
566 2174 831 2227 impendentes
851 2174 1081 2226 quibusdam
1111 2173 1325 2226 praesentire
1359 2173 1383 2211 fi
1389 2173 1473 2225 gnis
1493 2187 1501 2210 :
1534 2174 1574 2210 in
1608 2186 1686 2224 quo
1719 2172 1840 2210 nostra

447 2240 625 2292 quaedam
644 2243 781 2279 Aratea
813 2240 1035 2278 memoriter
1063 2254 1084 2277 a
1108 2248 1145 2277 te
1165 2240 1410 2292 pronuntiata
1428 2238 1540 2277 sunt:
1571 2238 1636 2276 etfi
1657 2237 1738 2276 haec
1764 2238 1841 2291 ipsa

448 2304 608 2345 fortuita
627 2306 740 2352 sunt;
772 2306 1000 2359 plerumque
1019 2305 1139 2351 enim,
1161 2319 1238 2344 non
1259 2305 1417 2358 semper,
1438 2305 1634 2343 eveniunt.
1666 2304 1763 2355 Qae
1789 2303 1840 2342 est

448 2372 582 2425 igitur,
603 2382 668 2412 aut
687 2373 756 2411 ubi
774 2373 952 2418 versatur,
974 2372 1219 2411 fortuitarum
1236 2385 1361 2410 rerum
1378 2371 1584 2424 praesenfio,
1606 2383 1721 2422 quam
1739 2369 1838 2407 divi-

451 2437 647 2478 nationem
666 2452 776 2478 vocas
794 2439 807 2476 ?
839 2439 945 2491 Qas
964 2439 1069 2476 enim
1090 2438 1295 2491 praesentiri
1315 2446 1379 2475 aut
1400 2446 1490 2482 arte,
1511 2447 1576 2474 aut
1595 2436 1752 2479 ratione,
1775 2443 1838 2471 aut

452 2499 535 2544 usu,
555 2513 619 2541 aut
637 2505 851 2556 conjectura
869 2504 1035 2557 possunt,
1066 2517 1108 2541 ea
1133 2517 1211 2541 non
1241 2503 1380 2541 divinis
1401 2502 1602 2540 tribuenda
1621 2509 1745 2553 putas,
1776 2497 1839 2535 sed

451 2565 599 2621 peritis.
643 2569 701 2608 Ita
724 2569 968 2624 relinquitur,
989 2578 1033 2609 ut
1050 2582 1092 2608 ea
1110 2568 1268 2608 fortuita
1282 2568 1442 2607 divinari
1461 2567 1613 2621 poffint‚
1635 2578 1718 2618 qua:
1733 2563 1840 2602 nulla
