2223 3003
409 161 484 201 208
805 157 908 197 DE
978 155 1405 195 OFFICIIS

410 262 630 317 cogitando,
675 261 821 311 semper
855 255 1001 309 aliquid
1036 264 1101 293 aut
1131 255 1316 307 anquirit,
1360 263 1426 292 aut
1454 253 1547 306 agit,
1578 253 1810 307 videndique

408 338 446 367 et
467 326 644 367 audiendi
678 322 928 362 delet-‘tatione
958 321 1127 358 ducitur.
1160 320 1270 371 Qin
1301 319 1417 357 etiam
1438 318 1464 357 fi
1493 318 1580 371 quis
1614 319 1669 356 est
1697 320 1812 372 paulo

410 395 454 433 ad
493 394 706 445 voluptates
740 386 971 440 propenfior,
1020 385 1140 424 modo
1182 399 1230 424 ne
1266 385 1312 424 fit
1340 398 1389 424 ex
1426 384 1623 439 pecudum
1660 397 1811 436 genere,

412 462 516 512 (sunt
547 458 652 495 enim
673 455 832 507 quidam
861 452 1042 492 homines
1076 466 1154 491 non
1186 465 1236 497 re,
1267 451 1329 490 sed
1359 451 1536 503 nomine)
1569 451 1631 489 sed
1661 451 1688 488 fi
1723 450 1811 503 quis

408 526 460 563 est
480 524 594 577 paulo
620 521 791 565 erectior,
823 520 999 572 quamvis
1020 519 1216 572 voluptate
1246 519 1430 572 capiatur,
1461 517 1632 557 occultat
1663 526 1703 555 et
1733 516 1810 554 dis-

410 591 562 629 simulat
596 588 813 641 appetitum
847 586 1070 639 voluptatis,
1101 594 1256 639 propter
1294 585 1577 624 verecundiam.
1637 584 1700 622 Ex
1734 595 1813 635 quo

410 656 655 709 intelligitur,
685 653 855 706 corporis
878 653 1116 706 voluptatem
1137 665 1214 690 non
1247 652 1332 690 satis
1362 651 1432 690 effe
1452 651 1610 704 dignam
1640 649 1812 688 hominis

410 722 633 776 praestantia,
655 733 817 772 eamque
833 719 1032 757 contemni
1052 728 1091 756 et
1110 718 1217 770 rejici
1237 726 1424 771 oportere.
1457 717 1522 756 Sin
1544 716 1588 754 fit
1608 715 1813 768 quisquam

409 789 477 842 qui
496 787 642 840 aliquid
677 786 819 824 tribuat
849 785 1054 838 voluptati,
1084 784 1289 836 diligenter
1318 784 1352 822 ei
1388 784 1599 822 tenendum
1631 781 1701 820 effe
1731 782 1813 833 ejus

410 856 580 895 fruendae
600 853 777 892 modum.
824 852 957 903 Itaque
977 852 1097 888 victus
1121 850 1325 902 cultusque
1353 851 1523 903 corporis
1543 849 1590 888 ad
1623 847 1814 886 valetudi-

411 937 501 961 nem
521 920 745 962 referantur.
776 926 814 955 et
833 917 879 954 ad
899 917 1012 961 vires,
1043 930 1120 955 non
1141 916 1188 954 ad
1207 916 1460 969 voluptatem.
1498 917 1630 968 Atque
1649 914 1765 952 etiam
1788 913 1814 951 fi

410 987 642 1027 confiderare
675 984 871 1028 volumus,
903 996 988 1034 quae
1022 982 1066 1021 fit
1086 983 1126 1020 in
1146 991 1280 1020 natura
1299 981 1526 1020 excellentia
1559 990 1598 1019 et
1617 980 1783 1033 dignitas
1801 997 1812 1023 ;

413 1054 689 1106 intelligemus,
722 1063 840 1103 quam
871 1049 916 1088 fit
949 1059 1073 1102 turpe,
1105 1047 1279 1088 diffluere
1308 1047 1476 1092 luxuria,
1512 1056 1551 1085 et
1581 1046 1743 1085 delicate
1772 1059 1814 1083 ac

412 1121 583 1161 molliter
603 1119 727 1158 vivere
745 1136 757 1163 5
789 1130 985 1171 quamque
1004 1116 1223 1161 honestum,
1248 1128 1376 1169 parce,
1398 1115 1655 1159 continenter,
1676 1112 1813 1157 severe,

410 1189 547 1228 sobrie.

468 1253 772 1307 Intelligendum
805 1251 857 1290 est
887 1252 1018 1297 etiam,
1049 1252 1197 1290 duabus
1223 1249 1326 1304 quasi
1346 1263 1415 1288 nos
1447 1263 1469 1287 a
1500 1257 1634 1287 natura
1659 1247 1816 1286 indutos

412 1322 483 1361 effe
502 1320 671 1374 personis
688 1338 700 1365 ;
732 1332 896 1372 quarum
930 1331 1004 1356 una
1029 1318 1082 1356 est
1109 1317 1346 1361 communis,
1376 1329 1422 1354 ex
1454 1329 1513 1360 eo,
1546 1314 1651 1368 quod
1681 1325 1816 1352 omnes

412 1388 617 1442 participes
644 1386 775 1425 sumus
796 1386 952 1424 rationis
985 1384 1284 1437 praestantiaeque
1314 1384 1409 1435 ejus,
1445 1395 1521 1434 qua
1549 1380 1818 1419 antecellimus

413 1455 540 1493 bestiis
557 1472 568 1499 ς
599 1467 619 1491 a
650 1466 726 1506 qua
754 1465 870 1490 omne
889 1450 1095 1489 honestum
1115 1450 1378 1501 decorumque
1399 1446 1577 1491 trahitur,
1612 1456 1651 1484 et
1669 1459 1716 1484 ex
1743 1459 1820 1498 qua

413 1521 508 1560 ratio
539 1519 759 1559 inveniendi
792 1518 912 1556 officii
946 1517 1162 1569 exquiritur
1179 1534 1190 1561 ;
1228 1515 1343 1553 altera
1373 1523 1518 1558 autem,
1550 1526 1635 1565 quae
1666 1512 1819 1565 proprie

414 1586 571 1639 singulis
590 1585 644 1623 est
671 1584 827 1622 tributa.
861 1584 918 1621 Ut
936 1583 1042 1620 enim
1074 1582 1114 1619 in
1141 1581 1367 1634 corporibus
1399 1593 1547 1631 magnae
1578 1577 1819 1616 diffimilitu-

414 1653 521 1692 dines
542 1652 642 1696 sunt,
677 1650 788 1702 (alios
809 1649 916 1687 enim
947 1641 1122 1686 videmus
1144 1647 1346 1685 velocitate
1365 1646 1412 1684 ad
1432 1645 1604 1690 cursum,
1635 1645 1729 1683 alios
1757 1645 1818 1683 vi-

415 1720 520 1758 ribus
541 1718 587 1756 ad
618 1716 858 1760 luctandum,
880 1714 1030 1759 valere;
1063 1714 1235 1766 itemque
1256 1713 1298 1751 in
1318 1712 1454 1751 formis
1474 1712 1557 1750 aliis
1588 1711 1819 1763 dignitatem

414 1784 541 1830 ineffe,
571 1784 655 1822 aliis
677 1781 929 1834 venustatem)
952 1781 1000 1819 s1c
1022 1781 1061 1819 in
1082 1780 1219 1819 animis
1240 1779 1408 1818 existunt
1427 1778 1542 1817 etiam
1569 1777 1732 1829 majores
1751 1790 1818 1815 va-

416 1853 580 1891 rietates.

472 1918 565 1955 Erat
599 1916 637 1954 in
674 1916 721 1953 L.
746 1913 889 1958 Crasso,
919 1924 957 1952 et
987 1914 1026 1951 in
1050 1914 1097 1952 L.
1125 1912 1310 1966 Philippo
1340 1912 1488 1950 multus
1519 1912 1654 1962 lepos;
1698 1911 1820 1961 major

415 1984 530 2022 etiam
553 1981 749 2034 magisque
769 1980 815 2018 de
834 1980 1014 2018 industria
1034 1980 1073 2017 in
1097 1980 1144 2018 C.
1169 1978 1326 2023 Caesare,
1346 1977 1460 2016 Lucii
1483 1975 1577 2014 filio.
1611 1977 1664 2013 At
1686 1975 1820 2013 iisdem

417 2048 656 2102 temporibus
678 2048 718 2084 in
739 2046 802 2085 M.
827 2047 979 2090 Scauro,
1001 2046 1095 2084 etin
1118 2045 1179 2083 M.
1205 2043 1331 2083 Druso
1351 2042 1601 2086 adolescente,
1623 2041 1822 2093 singularis

417 2115 586 2154 severitas
604 2133 614 2159 ;
647 2114 685 2151 in
709 2114 757 2151 C.
775 2111 895 2151 Laelio
916 2112 1040 2150 multa
1060 2111 1230 2149 hilaritas
1248 2130 1258 2155 5
1291 2111 1330 2149 in
1346 2112 1426 2164 ejus
1447 2108 1626 2147 familiari
1645 2108 1823 2160 Scipione

417 2182 578 2221 ambitio
598 2181 734 2232 major.
768 2179 844 2217 vita
865 2178 1016 2217 tristior.
1064 2179 1126 2216 De
1153 2178 1300 2216 Graecis
1319 2185 1462 2220 autem,
1484 2176 1641 2214 dulcem
1660 2183 1698 2212 et
1719 2173 1822 2212 face-

417 2259 517 2293 tum,
540 2247 739 2300 festivique
770 2245 969 2290 sermonis,
1003 2255 1116 2297 atque
1148 2245 1187 2283 in
1218 2244 1327 2283 omni
1354 2243 1524 2282 oratione
1546 2241 1821 2284 simulatorem,

417 2329 535 2367 quem
571 2312 674 2361 ε’«ρωνκ
697 2312 823 2351 Graeci
860 2312 1173 2355 nominaverunt,
1214 2312 1406 2349 Socratem
1445 2308 1664 2361 accepimus
1684 2324 1694 2351 ;
1726 2320 1822 2344 con-

419 2391 487 2425 tra,
512 2378 767 2432 Pythagoram
805 2387 841 2415 ct
865 2377 1053 2416 Periclem
1074 2377 1266 2415 summam
1296 2375 1562 2414 auctoritatem
1583 2372 1822 2415 consecutos,

419 2448 495 2487 line
533 2447 608 2485 ulla
643 2446 847 2484 hilaritate.
908 2445 1107 2483 Callidum
1142 2442 1393 2485 Annibalem.
1424 2457 1470 2480 ex
1505 2442 1743 2484 Poenorum;
1775 2453 1824 2477 ex

420 2514 553 2553 nostris
587 2514 751 2553 ducibus
783 2514 850 2568 (ζ
872 2512 1098 2551 Maximum
1124 2510 1343 2564 accepimus
1374 2508 1486 2549 facile
1515 2508 1648 2553 ccl-arc,
1687 2516 1825 2552 tacere,
