2223 3003
726 239 832 278 DE
902 238 1379 280 AMICITIA.
1677 256 1721 273 Μ

1675 259 1747 298 ωῐ

346 336 647 390 concordiaeque
677 337 735 382 fit,
765 351 812 376 ex
843 337 1131 378 diffenfionibus
1158 348 1272 392 atque
1297 353 1345 379 ex
1376 339 1572 378 discordiis
1605 341 1753 393 percipi

355 404 505 457 potest:
537 417 622 456 quae
655 404 762 441 enim
793 403 932 442 domus
963 414 1042 443 tam
1073 405 1230 450 stabilis,
1261 419 1346 458 quae
1377 415 1455 444 tam
1487 405 1594 445 firma
1619 406 1753 444 civitas

356 470 423 515 est,
456 484 539 522 quae
559 484 637 508 non
657 470 755 508 odiis
775 479 889 521 atque
908 470 1065 509 diffidiis
1086 470 1261 510 funditus
1282 472 1394 525 poffit
1412 473 1556 511 everti?
1595 474 1656 512 Ex
1677 486 1754 526 quo

356 546 549 588 quantum
570 536 663 574 boni
682 535 726 572 s1t
746 535 787 572 in
807 535 989 580 amicitia,
1005 536 1169 587 judicari
1189 537 1323 589 potest.

411 602 715 654 Agrigentinum
735 601 909 652 quidem,
939 601 1097 640 dostum
1124 603 1317 654 quendam
1347 604 1488 648 virum,
1520 605 1755 643 carminibus

358 667 504 706 Graecis
525 665 776 704 vaticinatum
791 664 935 710 ferunt,
958 680 1042 718 quae
1063 667 1103 704 in
1131 681 1259 705 rerum
1280 677 1412 707 natura
1431 678 1589 722 totoque
1608 671 1756 708 mundo

356 731 584 776 constarent,
612 744 775 783 quaeque
795 740 1055 777 moverentur,
1085 745 1128 770 ea
1147 732 1368 772 contrahere
1397 735 1624 780 amicitiam,
1652 736 1756 774 diffi-

357 811 446 851 pare
477 796 731 835 discordiam:
763 805 878 849 atque
898 795 974 835 hoc
1000 797 1160 850 quidem
1179 812 1313 837 omnes
1344 800 1525 839 mortales
1545 810 1582 838 et
1609 802 1756 839 intelli-

356 872 471 917 gunt,
492 872 531 901 et
550 876 589 900 re
609 862 787 916 probant.
847 863 997 916 Itaque,
1027 864 1054 902 fi
1074 864 1229 917 quando
1247 865 1404 918 aliquod
1423 866 1599 905 officium
1630 868 1759 905 extitit

356 929 475 968 amici
505 929 545 968 in
575 929 756 982 periculis
788 938 853 967 aut
883 929 1080 975 adeundis,
1114 940 1180 969 aut
1199 932 1548 977 communicandis,
1570 933 1657 984 quis
1691 934 1758 977 est,

357 996 427 1049 qui
448 995 488 1034 id
520 1009 598 1033 non
629 995 810 1033 maximis
829 994 960 1034 efferat
989 996 1198 1035 laudibus?
1230 998 1312 1050 Qi
1333 999 1517 1037 clamores
1540 999 1619 1036 tota
1649 1000 1761 1037 cavea

358 1076 482 1114 nuper
515 1062 555 1099 in
575 1061 736 1115 hospitis
757 1071 795 1100 et
824 1063 941 1100 amici
971 1063 1050 1101 mei
1070 1064 1134 1102 M.
1157 1064 1316 1103 Pacuvii
1349 1078 1446 1103 nova
1464 1064 1593 1103 fabula
1608 1084 1620 1110 ;
1652 1079 1759 1109 cum,

357 1128 560 1181 ignorante
579 1141 666 1180 rege
687 1137 770 1166 uter
789 1141 926 1166 eorum
945 1129 1034 1167 effet
1055 1129 1219 1175 Orestes,
1250 1131 1410 1182 Pylades
1440 1131 1614 1169 Orestem
1635 1132 1670 1169 se
1690 1131 1762 1169 esse

359 1194 516 1238 diceret,
534 1203 577 1231 ut
596 1206 666 1245 pro
684 1193 755 1231 illo
771 1202 968 1232 necaretur
978 1213 990 1239 ς
1015 1196 1165 1234 Orestes
1185 1205 1330 1241 autem,
1347 1197 1399 1235 ita
1414 1206 1458 1235 ut
1476 1206 1567 1241 erat,
1587 1197 1762 1235 Orestem

359 1259 396 1296 se
415 1259 486 1297 effe
504 1259 784 1311 perseveraret?
816 1262 963 1298 Stantes
982 1260 1216 1313 plaudebant
1236 1263 1276 1299 in
1297 1276 1335 1300 re
1355 1261 1469 1306 fista3
1492 1263 1586 1315 quid
1602 1263 1762 1300 arbitra-

359 1337 450 1363 mur
474 1323 515 1362 in
544 1337 631 1362 vera
660 1323 769 1362 fuiffe
798 1323 992 1363 facturos?
1024 1327 1154 1365 Facile
1185 1327 1380 1365 indicabat
1413 1328 1491 1380 ipsa
1521 1337 1654 1365 natura
1680 1328 1763 1366 vim

360 1392 483 1436 suam,
513 1403 607 1429 cum
626 1388 821 1437 homines,
853 1391 959 1445 quod
977 1390 1099 1431 facere
1117 1393 1187 1447 ipfi
1208 1406 1286 1432 non
1306 1392 1467 1447 possent,
1491 1394 1532 1432 id
1551 1395 1650 1432 reete
1684 1393 1765 1433 fieri

360 1458 402 1496 in
422 1456 540 1496 altero
553 1456 786 1508 judicarent.

419 1525 618 1562 Hactenus
649 1521 751 1560 mihi
781 1523 925 1568 videor,
956 1524 1003 1562 de
1034 1524 1207 1562 amicitia
1239 1524 1345 1576 quod
1375 1525 1570 1570 sentirem,
1602 1525 1767 1578 potuiffe

362 1589 503 1628 dicere.
537 1588 575 1626 Si
595 1601 671 1638 qua
689 1596 867 1638 praeterea
887 1587 988 1632 sunt,
1015 1589 1148 1639 (credo
1167 1597 1297 1626 autem
1315 1588 1386 1628 effe
1405 1589 1548 1641 multa)
1570 1590 1617 1628 ab
1646 1591 1708 1637 iis,
1739 1591 1766 1630 fi

362 1654 570 1698 videbitur,
593 1652 663 1705 qui
682 1651 750 1690 ista
769 1652 976 1705 disputant,
997 1654 1209 1706 quaeritote.

420 1721 648 1759 FANmus.
680 1718 766 1757 Nos
786 1728 914 1758 autem
935 1733 956 1757 a
981 1729 1019 1758 te
1038 1721 1195 1773 potius:
1227 1734 1450 1775 quanquam
1468 1722 1586 1761 etiam
1612 1723 1661 1762 ab
1686 1721 1769 1762 istis

365 1786 461 1840 saepe
491 1783 644 1838 quaefivi
677 1793 717 1822 et
742 1784 885 1829 audivi,
916 1799 994 1824 non
1015 1786 1160 1825 invitus
1185 1787 1367 1840 equidem
1390 1802 1400 1826 ε
1432 1787 1494 1827 sed
1514 1788 1618 1827 aliud
1638 1787 1767 1842 quod-

365 1854 455 1891 dam
486 1851 600 1890 filum
629 1850 811 1889 orationis
842 1860 930 1890 tuae.
977 1853 1215 1891 SCAEVOLA.
1248 1854 1359 1891 Tum
1385 1854 1507 1907 magis
1538 1854 1578 1892 id
1606 1854 1770 1900 diceres,

365 1917 505 1962 Fanni,
528 1917 553 1955 fi
574 1929 697 1969 nuper
716 1917 757 1954 in
776 1915 898 1955 hortis
919 1917 1125 1971 Scipionis,
1145 1932 1239 1957 cum
1259 1919 1311 1957 est
1331 1919 1377 1958 de
1399 1920 1619 1973 Republica
1636 1920 1769 1973 dispu-

364 1993 506 2028 tatum,
528 1981 690 2020 affuiffes
708 1997 717 2021 :
743 1983 865 2035 qualis
887 1993 972 2022 tum
992 1994 1174 2038 patronus
1188 1986 1346 2038 justitiae
1365 1984 1441 2025 fuit
1461 1996 1594 2025 contra
1613 1999 1770 2025 accum-

366 2059 447 2089 tam
462 2050 677 2088 orationem
697 2048 826 2089 Phili!
850 2051 882 2089 F
887 2063 1076 2090 ANNIUS.
1100 2053 1230 2091 Facile
1245 2052 1285 2090 id
1301 2053 1460 2104 quidem
1478 2052 1567 2097 fuit,
1580 2052 1771 2104 justitiam

362 2115 568 2168 justiffimo
596 2117 679 2155 viro
705 2115 920 2156 defendere.
964 2120 1200 2157 SCAEVOLA.
1235 2119 1344 2169 Qid
1370 2119 1610 2157 amicitiam?
1641 2132 1773 2157 nonne

367 2182 482 2221 facile
501 2182 550 2226 ei,
579 2182 648 2234 qui
667 2182 718 2220 ob
745 2195 829 2220 eam
857 2183 1009 2221 summa
1035 2184 1125 2228 fide,
1157 2183 1379 2229 constantia,
1403 2184 1628 2238 justitiaque
1648 2185 1771 2224 serva-

368 2259 464 2294 tam,
485 2249 698 2287 maximam
718 2247 880 2301 gloriam
901 2249 1044 2301 ceperit
1062 2250 1075 2287 ?

430 2315 545 2353 VIII.
578 2315 778 2353 Lffimus.
802 2315 896 2353 Vim
917 2314 992 2354 hoc
1013 2316 1172 2368 quidem
1192 2316 1245 2355 est
1264 2316 1420 2356 afferre:
1453 2318 1548 2371 quid
1583 2319 1689 2357 enim
1710 2332 1770 2357 re-

370 2380 459 2426 fert,
481 2395 555 2434 qua
573 2395 635 2419 me
657 2382 800 2420 ratione
821 2383 964 2434 cogatis
983 2383 995 2419 ?
1029 2383 1178 2436 cogitis
1205 2394 1333 2430 certe,
1365 2385 1498 2424 studiis
1528 2387 1633 2424 enim
1653 2399 1773 2438 gene-

374 2459 519 2491 rorum,
541 2447 748 2499 praesertim
770 2449 809 2486 in
831 2462 869 2486 re
890 2449 1003 2493 bona,
1039 2463 1130 2487 cum
1151 2449 1308 2489 difficile
1328 2452 1394 2496 est,
1429 2462 1513 2490 tum
1540 2465 1587 2490 ne
1616 2465 1772 2504 :equum

373 2511 549 2564 quidem,
569 2513 755 2553 obsistere.
802 2515 1006 2568 Saepiffimc
1029 2516 1146 2569 igitur
1165 2516 1280 2563 mihi,
1308 2518 1354 2556 de
1381 2518 1552 2557 amicitia
1571 2517 1772 2571 cogitanti,

1350 2585 1387 2622 T
1413 2594 1426 2622 t
1450 2597 1470 2622 2
