2223 3003
749 201 857 242 DE
928 203 1402 247 AMICITIA.
1699 222 1776 265 343

372 298 602 354 impertiant
635 312 718 338 eam
749 300 823 339 suis
838 330 848 346 ,
881 302 1249 355 communicentque
1282 315 1374 341 cum
1407 303 1594 356 proximis
1612 318 1621 344 :
1658 314 1715 350 ut,
1751 309 1778 345 fi

377 366 598 420 parentibus
620 366 699 404 nati
728 365 800 404 fint
820 365 1053 412 humilibus,
1085 367 1110 404 fi
1136 368 1374 421 propinquos
1404 367 1568 409 habeant
1594 370 1778 409 imbecil-

377 433 490 470 liores
511 432 570 470 vel
591 432 734 477 animo,
756 432 815 469 vel
836 431 1002 477 fortuna,
1025 446 1159 471 eorum
1178 444 1339 486 augeant
1358 449 1463 488 opes,
1492 436 1619 489 eisque
1638 436 1778 476 honori

374 497 449 535 sint
469 507 507 535 et
526 497 732 549 dignitati;
763 505 807 534 ut
828 497 868 534 in
888 496 1042 541 fabulis,
1064 498 1129 549 qui
1152 498 1373 550 aliquandiu
1393 511 1548 554 propter
1566 502 1775 554 ignoratio-

376 577 468 602 nem
489 563 612 616 stirpis
632 571 669 600 et
688 562 836 614 generis
857 562 895 599 in
918 561 1107 600 famulatu
1127 562 1284 609 suerint,
1311 579 1403 603 cum
1431 567 1577 619 cogniti
1606 567 1706 612 sunt,
1740 577 1777 606 et

377 639 444 666 aut
465 629 654 671 Deorum,
676 636 741 664 aut
761 640 896 678 regum
916 626 988 664 filii
1008 627 1169 672 inventi,
1191 629 1357 668 retinent
1378 639 1503 669 tamen
1523 633 1720 671 caritatem
1737 633 1779 672 in

376 693 555 745 pastores,
589 705 685 744 quos
705 702 828 745 patres
849 692 994 730 multos
1014 705 1132 731 annos
1153 692 1224 731 effe
1244 694 1449 734 duxerunt.
1482 697 1599 748 Qod
1619 699 1779 750 quidem

376 759 430 797 est
449 759 576 798 multo
595 758 767 812 profesto
797 759 919 812 magis
941 759 982 797 in
1007 759 1103 798 veris
1131 760 1302 813 patribus
1333 762 1520 815 certisque
1540 763 1775 805 faciendum.

376 825 410 862 F
412 826 541 863 metus
554 825 658 863 enim
677 824 822 877 ingenii
835 834 873 862 et
889 825 1057 870 virtutis,
1075 825 1277 879 omnisque
1297 827 1530 880 praestantiae,
1550 838 1634 867 tum
1652 831 1777 868 mixi-

375 902 466 928 mus
486 891 649 944 capitur,
668 904 761 928 cum
781 891 822 929 in
841 891 1068 943 proximum
1087 905 1282 944 quemque
1302 893 1511 932 confertur.

421 957 516 995 XX.
539 958 596 995 Ut
617 956 736 1008 igitur
755 956 797 1001 ii,
819 957 888 1009 qui
908 956 1053 996 suntin
1073 958 1254 996 amicitiae
1273 960 1630 1013 conjune‘cionisque
1649 961 1779 1000 neces-

374 1022 540 1061 fitudine
560 1022 781 1076 superioreS,
803 1036 999 1076 exaequare
1019 1023 1055 1061 se
1074 1037 1167 1062 cum
1186 1023 1432 1064 inferioribus
1453 1026 1724 1072 debent;s1c
1714 1042 1778 1066 in-

376 1087 532 1128 feriores
567 1102 645 1128 non
675 1089 816 1134 dolere,
852 1089 887 1128 se
916 1103 937 1128 a
966 1089 1040 1129 suis
1071 1090 1206 1129 amicis
1237 1099 1302 1130 aut
1321 1092 1492 1144 ingenio,
1524 1102 1589 1131 aut
1608 1092 1777 1138 fortuna,

374 1163 442 1192 aut
473 1154 658 1208 dignitate
687 1155 877 1208 superari:
909 1168 1075 1208 quorum
1095 1155 1270 1210 plerique
1300 1166 1365 1196 aut
1390 1167 1604 1210 queruntur
1633 1158 1779 1211 semper

373 1219 537 1272 aliquid,
573 1229 638 1258 aut
667 1221 784 1259 etiam
817 1221 1077 1273 exprobrant3
1109 1235 1233 1275 eoque
1253 1224 1391 1276 magis,
1427 1224 1453 1262 fi
1473 1224 1621 1276 aliquid
1640 1224 1779 1263 habere

373 1284 411 1324 se
429 1295 582 1339 putant,
617 1286 724 1338 quod
749 1286 930 1332 officiose,
965 1294 1004 1325 et
1022 1287 1160 1332 amice,
1194 1297 1234 1327 et
1262 1301 1355 1326 cum
1386 1288 1516 1328 labore
1548 1290 1679 1343 aliquo
1712 1290 1779 1329 suo

373 1350 523 1391 fastum
556 1362 698 1405 queant
729 1352 868 1392 dicere.
915 1352 1107 1392 Odiosum
1138 1353 1224 1392 sane
1242 1366 1364 1406 genus
1398 1353 1623 1401 hominum,
1653 1356 1781 1395 officia

373 1419 693 1472 exprobrantium
707 1437 720 1464 ;
751 1433 837 1473 quae
866 1418 1082 1458 meminisse
1101 1419 1214 1459 debet
1231 1419 1279 1467 is,
1310 1420 1352 1459 in
1371 1434 1491 1474 quem
1521 1421 1660 1461 collata
1678 1422 1779 1470 sunt,

374 1496 454 1522 non
475 1497 793 1529 commemorare,
815 1485 883 1536 qui
903 1484 1085 1522 contulit.

431 1548 701 1601 Qamobrem
733 1557 776 1587 ut
795 1549 837 1594 ii,
873 1549 942 1601 qui
962 1549 1171 1602 superiores
1190 1549 1292 1596 sunt,
1312 1549 1554 1590 summittere
1573 1551 1610 1590 se
1639 1551 1782 1594 debent

374 1615 418 1655 in
437 1614 634 1661 amicitia;
666 1614 716 1653 fic
736 1615 905 1668 quodam
931 1615 1050 1654 modo
1079 1614 1278 1655 inferiores
1308 1616 1505 1656 extollere.
1548 1618 1646 1657 Sunt
1673 1619 1782 1659 enim

374 1685 551 1739 quidam,
565 1684 635 1737 qui
654 1684 829 1724 molestas
842 1685 1029 1724 amicitias
1049 1683 1213 1731 faciunt,
1230 1698 1323 1725 cum
1343 1685 1411 1740 ipsi
1432 1686 1468 1725 se
1487 1687 1687 1727 contemni
1701 1702 1780 1742 pu-

375 1760 459 1791 tant
473 1770 486 1797 ;
517 1750 624 1804 quod
643 1764 722 1790 non
740 1750 820 1790 fere
836 1751 1044 1805 contingit,
1071 1751 1140 1790 nisi
1161 1752 1222 1798 iis,
1253 1752 1322 1805 qui
1341 1752 1459 1792 etiam
1475 1754 1781 1796 contemnendos

375 1818 413 1859 se
443 1818 702 1863 arbitrantur;
734 1818 803 1871 qui
835 1817 908 1856 hac
938 1817 1120 1871 opinione
1150 1831 1229 1857 non
1254 1818 1373 1859 modo
1404 1819 1545 1866 verbis,
1579 1820 1643 1859 sed
1662 1820 1780 1860 etiam

373 1896 506 1936 opere,
527 1883 677 1921 levandi
696 1882 798 1922 sunt.

421 1950 598 1988 Tantum
619 1957 749 1987 autem
768 1949 911 2001 cuique
931 1947 1183 1988 tribuendum
1202 1948 1269 1995 est,
1284 1946 1472 2002 primum,
1490 1959 1682 2003 quantum
1703 1950 1782 2004 ipse

375 2015 526 2054 efficere
545 2014 686 2068 poffis3
718 2014 855 2053 deinde
874 2014 1006 2061 etiam,
1032 2024 1224 2068 quantum
1249 2015 1330 2060 ille,
1361 2028 1480 2068 quem
1499 2016 1636 2068 diligas
1665 2026 1782 2069 atque

374 2079 544 2133 adjuves,
565 2080 756 2120 sustinere.
779 2081 874 2120 Non
893 2082 999 2120 enim
1020 2090 1062 2120 tu
1082 2080 1209 2134 poffis,
1226 2081 1474 2134 quantumvis
1495 2081 1587 2119 licet
1601 2081 1780 2128 excellas,

374 2158 511 2184 omnes
531 2155 618 2183 tuos
638 2146 684 2184 ad
702 2145 866 2185 honores
887 2146 1138 2199 ampliffimos
1158 2146 1365 2198 perducere
1382 2159 1391 2184 ε
1415 2154 1458 2185 ut
1479 2145 1608 2198 Scipio
1625 2147 1670 2185 P.
1689 2149 1780 2188 Ru-

376 2211 510 2250 tilium
525 2211 654 2264 potuit
667 2211 877 2249 Consulem
893 2212 1058 2255 efficere,
1075 2209 1232 2249 fratrem
1252 2211 1332 2262 ejus
1349 2211 1521 2250 Lucium
1541 2225 1619 2251 non
1635 2213 1778 2265 potuit.

376 2277 498 2329 Qod
517 2277 543 2315 fi
574 2278 691 2315 etiam
721 2276 833 2329 poffis
868 2276 1020 2329 quidvis
1055 2275 1199 2316 deferre
1217 2276 1264 2316 ad
1283 2276 1462 2323 alterum,
1493 2277 1703 2317 videndum
1728 2279 1782 2318 est

377 2352 520 2389 tamen,
543 2343 637 2396 quid
656 2343 722 2381 ille
740 2343 852 2396 poffit
873 2342 1063 2381 sustinere.

435 2410 614 2449 Omnino
648 2410 848 2455 amicitiae,
880 2409 1131 2449 corroboratis
1159 2409 1242 2462 jam
1259 2437 1272 2455 ,
1305 2409 1619 2464 confirmatisque
1651 2420 1689 2451 et
1717 2411 1780 2449 in-

376 2473 517 2530 geniis,
549 2484 587 2514 et
613 2476 801 2522 aetatibus,
831 2475 1046 2529 judicandae
1067 2475 1167 2515 sunt.
1209 2476 1311 2523 Nec,
1341 2476 1368 2515 fi
1389 2477 1456 2530 qui
1483 2477 1639 2517 ineunte
1672 2485 1780 2516 aetate

463 2540 595 2580 ΤοΜ.
627 2541 701 2581 111.
1386 2544 1425 2583 X
1444 2557 1471 2583 x
