2223 3003
756 252 1029 318 LrssE'R
1085 278 1443 317 PRIMUS.
1739 295 1785 335 31

407 391 449 416 ac
482 378 626 416 deliciae
656 387 744 422 tuae‚
776 377 968 416 Roscius?
996 391 1090 415 num
1111 387 1175 415 aut
1195 377 1286 430 ipse,
1310 386 1374 415 aut
1405 391 1475 430 pro
1503 391 1548 416 eo
1568 380 1789 420 Lanuvium

406 451 548 488 totum,
570 443 823 480 mentiebatur
841 442 854 476 ?
888 442 956 492 qui
975 455 1066 478 cum
1089 442 1176 478 effet
1195 443 1233 479 in
1255 443 1469 488 cunabulis,
1491 444 1789 498 educareturque

405 507 446 545 in
466 508 632 552 Solonio,
654 507 721 558 qui
741 506 792 543 est
811 518 968 556 campus
988 506 1067 556 agri
1087 507 1302 550 Lanuvini,
1325 510 1454 553 noetu,
1475 510 1622 548 lumine
1640 513 1786 564 apposi-

404 582 458 616 to,
479 573 690 624 experrecta
715 570 845 607 nutrix
875 569 1140 607 animadvertit
1160 583 1323 621 puerum
1343 571 1598 613 dormientem
1617 578 1787 616 circum-

403 637 591 688 plicatum
611 634 791 687 serpentis
827 635 1005 686 amplexu
1020 653 1032 679 ς
1065 648 1144 686 quo
1174 634 1348 688 adspecstu
1373 638 1549 676 exterrita
1578 640 1786 681 clamorem

403 700 564 738 sustulit.
608 701 718 738 Pater
743 708 870 737 autem
893 699 1024 737 Roscii
1050 700 1095 737 ad
1115 698 1329 751 haruspices
1354 702 1509 747 retulit;
1546 704 1614 756 qui
1633 706 1786 758 respon-

401 764 553 810 derunt,
575 763 673 802 nihil
693 765 761 802 illo
781 778 896 816 puero
915 764 1066 808 clarius,
1087 763 1185 802 nihil
1205 765 1387 811 nobilius,
1408 765 1502 805 fore.
1539 770 1670 821 Atque
1688 769 1786 808 hanc

401 830 564 882 speciem
585 829 787 868 Praxiteles
818 830 962 867 caelavit
995 838 1163 882 argento,
1195 839 1234 868 et
1266 831 1389 868 noster
1421 833 1596 885 expreffit
1623 834 1786 873 Archias

400 895 578 932 verfibus.
625 894 731 945 Qid
758 895 875 946 igitur
894 894 1180 946 exspectamus?
1216 909 1276 940 an,
1298 896 1394 934 dum
1413 897 1453 934 in
1473 897 1557 936 foro
1584 900 1787 938 nobiscum

399 959 469 997 Dii
490 959 738 1004 immortales,
761 961 854 997 dum
875 961 914 997 in
934 961 1003 998 viis
1023 961 1227 1006 versentur,
1249 962 1342 999 dum
1364 962 1499 1001 domi?
1525 965 1606 1015 Qi
1626 966 1785 1017 quidem

397 1025 466 1077 ips1
487 1025 521 1063 se
540 1026 648 1064 nobis
671 1039 747 1063 non
767 1025 944 1070 offerunt,
966 1027 1046 1064 vim
1067 1037 1193 1065 autem
1213 1027 1317 1065 suam
1337 1028 1450 1081 longe
1469 1029 1618 1082 lateque
1638 1031 1784 1070 diffun-

398 1090 494 1128 dunt
509 1110 521 1136 ς
554 1105 669 1144 quam
691 1105 782 1128 cum
814 1101 916 1130 terrae
936 1093 1102 1130 cavernis
1122 1093 1340 1138 includunt,
1372 1103 1457 1132 tum
1486 1095 1694 1135 hominurn
1714 1111 1784 1135 na-

397 1157 491 1194 turis
511 1157 727 1208 implicant.
771 1157 874 1194 Nam
898 1168 1001 1194 terrae
1022 1158 1077 1194 vis
1099 1157 1280 1208 Pythiam
1301 1159 1465 1211 Delphis
1487 1161 1682 1207 incitabat,
1714 1177 1782 1200 na-

396 1229 488 1259 turae
527 1222 726 1272 Sybillam.
777 1222 884 1272 Qid
920 1223 1024 1259 enim
1043 1223 1055 1258 ?
1090 1236 1167 1260 non
1201 1223 1389 1268 videmus,
1430 1239 1546 1276 quarn
1578 1227 1650 1265 fint
1686 1229 1784 1266 varia

395 1295 579 1325 terrarum
600 1301 736 1339 genera
751 1306 763 1331 3
795 1302 840 1325 ex
861 1289 1001 1339 quibus
1022 1298 1059 1325 et
1080 1288 1274 1326 mortifera
1294 1290 1468 1341 quaedam
1488 1304 1571 1343 pars
1592 1292 1657 1338 est,
1684 1301 1727 1331 ut
1746 1302 1784 1331 et

394 1352 618 1405 Ampsandfi
649 1354 688 1390 in
709 1353 901 1406 Hirpinis,
933 1354 1029 1391 etin
1060 1355 1147 1391 Afia
1167 1355 1358 1400 Plutonia,
1394 1370 1478 1407 quae
1511 1357 1713 1396 videmus:
1745 1369 1783 1396 et

395 1417 481 1456 sunt
500 1427 622 1472 partes
653 1433 829 1471 agrorum
850 1421 930 1458 aliae
959 1420 1204 1472 pestilentes;
1237 1421 1317 1459 aliae
1349 1421 1511 1460 salubres
1527 1441 1539 1467 ;
1571 1423 1665 1468 aliae,
1697 1438 1783 1476 quae

395 1493 504 1521 acuta
522 1485 673 1536 ingenia
691 1486 874 1537 gignant3
910 1486 1004 1531 aliae,
1026 1500 1110 1538 quae
1130 1487 1249 1524 retusa
1267 1502 1275 1525 :
1309 1501 1393 1539 quae
1413 1489 1543 1527 omnia
1561 1489 1660 1528 fiunt
1680 1499 1717 1529 et
1736 1503 1782 1529 ex

396 1549 479 1587 caeli
498 1551 688 1595 varietate,
721 1561 758 1588 et
777 1565 824 1589 ex
844 1552 1008 1604 disparili
1029 1553 1276 1605 adspiratione
1297 1562 1496 1593 terrarum.

451 1615 516 1652 Fit
530 1615 644 1653 etiam
665 1615 757 1666 saepe
776 1616 896 1666 specie
915 1617 1092 1667 quadam,
1114 1617 1208 1669 faepe
1227 1631 1368 1656 vocum
1396 1620 1578 1670 gravitate
1597 1630 1634 1657 et
1655 1621 1779 1658 canti-

395 1679 480 1722 bus,
498 1688 540 1716 ut
560 1680 749 1731 pellantur
769 1680 888 1717 animi
904 1679 1189 1719 vehementius:
1212 1681 1304 1734 saepe
1320 1683 1435 1720 etiam
1455 1696 1544 1721 cura
1562 1693 1599 1721 et
1619 1684 1777 1723 timore:

394 1742 516 1793 qualis
536 1742 588 1781 est
607 1743 686 1787 illa,

528 1810 564 1848 F
564 1809 738 1847 lexanima
757 1818 926 1862 tanquam
945 1810 1138 1863 lymphata,
1168 1819 1210 1849 ut
1228 1812 1369 1850 Bacchi
1372 1813 1495 1865 stzcrt's

530 1874 722 1919 Commota,
753 1875 790 1912 in
810 1876 953 1914 tumulis
973 1872 1147 1914 Teucrum
1165 1891 1430 1916 commemorans
1433 1879 1557 1931 ficum.

445 1940 658 1979 XXXVII.
689 1942 820 1993 Atque
839 1942 954 1979 etiam
975 1942 1040 1979 illa
1059 1943 1265 1980 concitatio
1284 1943 1445 1982 declarat
1470 1945 1550 1982 vim
1571 1944 1610 1982 in
1639 1945 1777 1984 animis

391 2004 462 2043 effe
482 2004 664 2043 divinam.
713 2006 842 2058 Negat
873 2007 979 2044 enim
1012 2006 1088 2046 fine
1120 2006 1247 2045 furore
1272 2008 1521 2046 Democritus
1556 2023 1777 2063 quenquam

391 2079 544 2123 poetam
564 2085 751 2124 magnum
771 2072 841 2110 effe
859 2072 961 2125 poffe
981 2087 990 2110 :
1020 2073 1125 2124 quod
1155 2073 1259 2112 idem
1289 2073 1384 2111 dicit
1404 2075 1526 2112 Plato.
1573 2076 1719 2126 Qem,
1749 2077 1777 2115 fi

389 2137 529 2188 placet,
561 2137 727 2190 appellet
744 2136 928 2183 furorem,
960 2138 1174 2177 dummodo
1204 2140 1235 2177 is
1255 2138 1361 2177 furor
1380 2140 1432 2177 ita
1451 2140 1637 2186 laudetur,
1672 2151 1715 2180 ut
1734 2143 1776 2180 in

390 2201 551 2240 Phaedro
571 2203 740 2241 Platonis
761 2203 932 2241 laudatus
952 2203 1016 2242 est.
1053 2204 1161 2255 Qid
1181 2204 1297 2242 vestra
1317 2205 1436 2243 oratio
1454 2205 1495 2243 in
1515 2206 1630 2244 caufis
1649 2208 1662 2243 ?
1681 2208 1775 2259 quid

389 2267 466 2319 ipsa
484 2267 610 2304 aelio?
645 2267 766 2320 potest
784 2268 854 2306 esse
873 2267 1092 2314 vehemens,
1127 2278 1165 2307 et
1197 2270 1335 2321 gravis,
1363 2279 1400 2308 et
1423 2270 1584 2322 copiosa,
1621 2271 1689 2309 nifi
1723 2273 1775 2310 est

390 2333 539 2371 animus
559 2333 635 2386 ipse
654 2335 886 2373 commotior
904 2335 917 2371 ?
948 2335 1143 2387 Equidem
1163 2336 1279 2374 etiam
1298 2336 1339 2374 in
1360 2345 1397 2374 te
1416 2336 1510 2388 saepe
1529 2337 1621 2382 vidi,
1643 2347 1680 2375 et
1713 2338 1774 2389 (ut

393 2397 438 2433 ad
455 2398 595 2437 leviora
613 2400 827 2452 veniamus)
860 2401 901 2439 in
920 2399 1063 2453 AEsopo
1093 2400 1272 2439 familiari
1304 2411 1384 2446 tuo,
1425 2410 1576 2440 tantum
1601 2403 1773 2441 ardorem

390 2462 582 2508 vultuum,
604 2474 715 2517 atque
734 2476 929 2513 motuum,
965 2474 1009 2505 ut
1027 2479 1117 2505 eum
1136 2467 1193 2507 vis
1213 2467 1383 2519 quaedam
1404 2466 1611 2506 abstraxisse
1631 2481 1651 2505 a
1669 2467 1772 2505 sensu

391 2527 530 2565 mentis
551 2529 750 2571 videretur.
