2223 3003
477 186 552 238 306
804 185 907 224 DE
966 182 1545 222 SENECTUTE.

475 282 701 322 senectutis:
735 291 778 319 ut
810 279 1034 332 petulantia,
1077 286 1121 316 ut
1154 277 1292 323 libido,
1323 279 1445 332 magis
1480 279 1534 316 est
1563 279 1879 329 adolescentium,

474 363 591 401 quam
614 349 742 387 senum
757 364 768 391 3
800 359 870 383 nec
893 354 1021 382 tamen
1052 345 1232 383 omnium
1253 345 1565 390 adolescentium,
1597 345 1659 384 sed
1678 360 1755 385 non
1785 360 1876 401 pro-

475 416 612 454 borum
628 433 639 459 ;
673 414 721 451 ἧς
743 412 809 450 ista
829 411 955 449 senilis
977 411 1137 450 stultitia
1159 413 1263 465 (quae
1283 412 1457 451 deliratio
1475 413 1659 466 appellari
1685 413 1797 466 solet)
1820 414 1880 452 se·
1907 456 1916 466 ⁸

474 495 570 519 num
590 480 733 517 levium
754 478 821 523 est,
844 492 920 516 non
941 478 1139 517 omnium.

529 547 707 597 Qatuor
727 544 899 583 robustos
919 544 1034 590 filios,
1066 546 1242 598 quinque
1262 545 1373 590 filias,
1405 554 1551 585 tantam
1581 545 1761 591 domum,
1791 555 1883 585 tan-

474 621 529 649 tas
550 611 744 649 clientelas
766 611 918 664 Appius
939 611 1092 663 regebat
1111 620 1150 649 et
1170 611 1296 656 senex,
1317 621 1355 650 et
1374 625 1497 650 caecus
1517 626 1526 650 :
1558 611 1755 650 intentum
1774 611 1882 651 enim

473 679 665 723 animum,
680 687 863 730 tanquam
883 690 1031 723 arcum,
1049 676 1230 723 habebat,
1251 691 1321 716 nec
1341 678 1586 731 languescens
1606 678 1885 717 succumbebat

474 745 686 784 senedtuti:
721 745 873 783 tenebat
903 758 982 782 non
1003 744 1122 783 modo
1152 745 1430 790 auetoritatem,
1455 745 1518 783 sed
1533 745 1650 783 etiam
1670 745 1884 798 imperium

474 812 516 850 in
537 811 620 850 suos
639 826 648 850 :
680 811 904 850 metuebant
923 810 1032 855 servi,
1054 810 1281 849 verebantur
1300 811 1426 856 liberi,
1453 825 1586 850 carum
1605 825 1740 850 omnes
1759 810 1884 850 habe-

474 879 590 917 bant:
623 878 778 930 vigebat
797 877 838 914 in
857 876 922 914 illa
943 875 1061 914 domo
1080 876 1226 928 patrius
1246 890 1331 915 mos
1352 886 1390 915 et
1411 877 1625 930 disciplina.

531 945 588 982 Ita
607 944 713 981 enim
734 942 904 980 seneclus
925 940 1081 979 honesta
1099 941 1165 987 est,
1196 942 1222 980 fi
1244 941 1278 980 se
1308 942 1387 996 ipsa
1406 941 1593 988 defendit,
1623 943 1650 981 fi
1675 944 1740 996 jus
1770 943 1886 982 suum

474 1010 628 1054 retinet,
658 1009 684 1047 fi
719 1008 866 1046 nemini
898 1008 1138 1060 emancipata
1167 1007 1235 1053 est,
1266 1007 1293 1046 fl
1319 1008 1438 1062 usque
1457 1009 1504 1046 ad
1530 1017 1749 1048 extremum
1769 1009 1883 1062 spiri-

474 1086 562 1114 tum
583 1075 806 1114 dominatur
836 1074 876 1112 in
897 1074 996 1113 suos.
1043 1074 1100 1112 Ut
1131 1075 1236 1113 enim
1261 1074 1554 1120 adolescentem,
1585 1075 1626 1114 in
1660 1088 1739 1127 quo
1769 1075 1886 1114 senile

474 1142 636 1195 aliquid,
657 1141 707 1180 fic
727 1141 869 1186 senem,
903 1141 943 1179 in
963 1154 1043 1194 quo
1061 1140 1114 1179 est
1144 1140 1392 1180 adolescentis
1411 1141 1572 1194 aliquid,
1599 1142 1747 1195 probo:
1779 1141 1886 1194 quod

474 1209 544 1260 qui
575 1208 759 1261 sequitur,
790 1221 949 1261 corpore
981 1207 1092 1246 senex
1123 1207 1194 1246 effe
1223 1208 1378 1260 poterit,
1409 1208 1542 1245 animo
1570 1221 1773 1260 nunquam
1794 1208 1884 1246 erit.

475 1275 669 1326 Septimus
691 1272 791 1312 mihi
814 1273 1027 1326 Originum
1050 1273 1148 1311 liber
1167 1273 1220 1311 est
1250 1273 1290 1311 in
1317 1273 1497 1311 manibus
1518 1288 1527 1311 :
1559 1274 1690 1311 omnia
1709 1274 1885 1325 antiqui-

474 1341 562 1378 tatis
598 1349 852 1378 monumenta
895 1339 1070 1392 colligo:
1116 1339 1314 1378 causarum
1345 1339 1582 1385 illustrium,
1617 1339 1884 1392 quascumque

475 1406 644 1452 defendi,
677 1420 780 1445 nunc
801 1419 919 1458 quarn
941 1406 1110 1444 maxime
1141 1406 1308 1445 conficio
1336 1407 1552 1445 orationes:
1579 1408 1644 1459 jus
1675 1420 1885 1460 augurum,

475 1473 724 1526 pontificum,
754 1472 867 1510 civile
899 1474 1044 1510 tracto:
1077 1473 1250 1511 multum
1283 1473 1400 1511 etiam
1432 1473 1580 1511 Graecis
1609 1473 1730 1510 literis
1766 1482 1883 1511 utor:

476 1539 885 1592 Pythagoreorumque
905 1552 1027 1584 more,
1053 1539 1272 1577 exercendae
1292 1539 1488 1577 memoriae
1508 1539 1643 1592 gratia,
1664 1539 1760 1592 quid
1781 1552 1885 1592 quo-

475 1619 550 1658 que
576 1605 637 1643 die
667 1604 848 1649 dixerim,
881 1604 1082 1650 audierim,
1113 1605 1274 1658 egerim,
1300 1617 1570 1643 commemoro
1603 1605 1762 1658 vesperi.
1807 1607 1884 1645 Hae

475 1671 561 1710 sunt
591 1669 882 1709 exercitationes
913 1670 1076 1723 ingenii,
1106 1668 1188 1708 haec
1209 1670 1401 1708 curricula
1421 1671 1591 1709 mentis:
1623 1671 1664 1709 in
1689 1670 1751 1710 his
1772 1671 1884 1710 desu-

474 1737 567 1776 dans
605 1746 721 1789 atque
755 1735 951 1775 elaborans
987 1737 1157 1790 corporis
1200 1737 1296 1775 vires
1332 1749 1410 1775 non
1444 1749 1675 1790 magnopere
1701 1737 1882 1778 defidero.

474 1804 626 1843 Adsum
645 1803 810 1841 amicis:
843 1803 957 1842 venio
987 1803 1028 1841 in
1050 1803 1221 1842 senatum
1253 1802 1447 1856 frequens,
1482 1804 1661 1856 ultroque
1686 1803 1802 1843 affero
1828 1818 1886 1844 res

476 1870 648 1909 multum
679 1877 717 1905 et
751 1868 818 1905 diu
853 1869 1069 1920 cogitatas,
1111 1870 1246 1921 easque
1277 1878 1385 1908 tueor
1413 1870 1548 1914 animi,
1590 1884 1668 1908 non
1699 1871 1884 1923 corporis,

475 1935 645 1974 viribus:
677 1947 761 1986 quae
792 1933 818 1970 s1
852 1934 991 1985 exequi
1018 1934 1232 1986 nequirem,
1265 1944 1393 1972 tamen
1414 1948 1477 1972 me
1496 1934 1658 1973 lectulus
1678 1935 1886 1973 oblestaret

477 2014 587 2041 meus
617 2014 659 2038 ea
683 1999 760 2052 ipsa
790 2000 1045 2051 cogitantem,
1080 2013 1165 2052 quae
1195 2001 1277 2052 jam
1300 2014 1408 2053 agere
1431 2014 1508 2039 non
1530 2000 1702 2054 poss‘em5
1735 2001 1810 2046 sed,
1845 2012 1889 2039 ut

477 2067 628 2121 poffim,
655 2065 749 2104 facit
768 2067 847 2103 afta
868 2066 959 2104 vita.
1006 2067 1162 2119 Semper
1181 2067 1288 2105 enim
1309 2067 1349 2104 in
1381 2066 1442 2105 his
1462 2067 1595 2105 studiis
1616 2068 1886 2121 laboribusque

476 2133 621 2171 viventi
656 2145 733 2170 non
769 2130 1014 2183 intelligitur,
1046 2132 1200 2183 quando
1231 2133 1388 2185 obrepat
1421 2132 1602 2171 senectus.
1665 2134 1722 2171 Ita
1749 2133 1885 2173 sensim

477 2200 553 2238 sine
574 2198 680 2237 sensu
711 2207 798 2236 aetas
829 2197 1017 2243 senescit;
1049 2211 1119 2236 nec
1152 2197 1278 2237 subito
1307 2197 1511 2252 frangitur,
1543 2199 1605 2238 sed
1632 2200 1885 2238 diuturnitate

477 2265 733 2318 extinguitur.

535 2332 629 2369 XII.
663 2330 842 2383 Sequitur
874 2331 983 2370 tertia
1014 2331 1245 2384 vituperatio
1278 2330 1496 2376 senectutis,
1532 2331 1638 2383 quod
1658 2343 1741 2368 eam
1762 2344 1887 2369 carere

479 2398 615 2437 dicunt
646 2396 922 2449 voluptatibus.
970 2398 1007 2435 Ο
1029 2398 1252 2451 praeclarum
1284 2411 1426 2436 munus
1454 2398 1586 2442 artatis,
1619 2397 1643 2436 si
1665 2397 1824 2450 quidem
1846 2398 1886 2436 id

479 2463 602 2503 aufert
623 2463 748 2507 nobis,
770 2464 875 2516 quod
895 2463 946 2502 cst
968 2464 1006 2502 in
1027 2464 1278 2503 adolescentia
1297 2464 1602 2503 vitiofiffimum!

548 2530 728 2584 Accipite
765 2531 870 2570 enim
892 2559 903 2576 ,
943 2531 1083 2585 optimi
1123 2530 1376 2571 adolescentes
1398 2560 1410 2577 ,
1459 2540 1627 2570 veterem
1672 2531 1888 2572 orationem
