2223 3003
355 222 408 262 54
639 207 743 246 DE
801 205 1451 247 DIVINATIONE

352 320 424 345 nec
444 315 535 351 arte,
566 318 635 344 nec
656 304 836 357 sapientia
866 303 1055 355 provideri
1074 302 1238 354 poffunt.
1289 304 1360 347 Ut,
1391 303 1417 340 fi
1438 303 1524 354 quis
1545 303 1607 342 M.
1629 304 1740 343 Mar-

352 372 496 410 cellum
516 371 643 413 illum,
664 369 732 420 qui
751 377 806 405 ter
825 366 970 405 Consul
989 365 1078 412 fuit,
1095 366 1230 405 multis
1245 367 1353 404 annis
1373 376 1459 405 ante
1478 366 1626 406 dixisset
1645 381 1741 406 nau-

352 437 473 489 fragio
492 435 562 473 effe
582 435 809 486 periturum,
830 431 1025 471 divinasset
1041 431 1235 486 profectm
1259 433 1364 471 nulla
1383 433 1488 471 enim
1503 442 1581 471 arte
1596 433 1668 471 alia
1686 433 1740 479 id,

351 516 422 541 nec
443 500 622 553 sapientia
640 499 733 537 scire
753 498 945 551 potuifl'et.
976 499 1138 538 Talium
1154 512 1244 552 ergo
1263 513 1404 545 rerum,
1427 513 1510 552 quae
1530 499 1570 538 in
1590 499 1743 539 fortuna

349 567 476 620 pofitae
495 565 596 610 sunt,
618 564 825 618 praesenfio,
845 564 1030 602 divinatio
1049 564 1114 603 est.

405 632 476 670 VI.
509 631 684 670 Potestne
714 630 835 682 igitur
858 643 990 669 earum
1016 644 1158 676 rerum,
1180 645 1264 684 quae
1284 630 1383 670 nihil
1403 630 1544 670 habent
1570 631 1739 677 rationis,

349 711 465 751 quare
490 696 629 736 futurae
649 696 734 741 fint,
755 696 834 734 ulla
851 695 922 734 esse
940 696 1160 750 praesenfio?
1193 697 1301 749 Qid
1321 697 1373 735 est
1391 697 1495 735 enim
1525 697 1628 735 aliud
1647 696 1740 742 fors,

349 764 446 816 quid
463 763 630 808 fortuna,
652 761 746 814 quid
761 761 879 807 casus,
900 763 996 814 quid
1014 772 1186 808 eventus,
1207 763 1275 801 nis1
1293 777 1386 802 cum
1402 763 1450 802 s1c
1471 763 1617 815 aliquid
1637 763 1740 801 ceci-

349 831 422 875 dit,
453 830 502 868 s1c
522 829 663 873 evenit,
696 837 739 866 ut
764 828 823 866 vel
844 841 923 866 non
942 828 1073 867 cadere
1091 838 1206 882 atque
1223 829 1386 874 evenire,
1406 829 1464 867 vel
1485 829 1592 867 aliter
1610 829 1742 867 cadere

350 904 465 948 atque
493 895 653 939 evenire,
683 893 878 946 potuerit?
919 894 1013 945 Qo
1039 894 1156 933 modo
1184 908 1276 947 ergo
1302 895 1355 939 id,
1392 895 1497 947 quod
1527 903 1667 933 temere
1696 894 1742 934 fit

349 975 450 1000 caeco
469 961 569 1005 casu,
595 969 633 998 et
662 959 904 998 volubilitate
923 957 1101 1005 fortunae,
1130 959 1336 1012 praesentiri
1355 969 1393 998 et
1413 961 1567 1013 praedici
1590 961 1740 1014 potest?

350 1026 530 1066 Medicus
550 1025 734 1064 morbum
761 1024 1085 1078 ingravescentem
1117 1025 1260 1064 ratione
1280 1026 1467 1078 providet,
1492 1027 1642 1066 infidias
1662 1027 1741 1066 im-

348 1102 511 1146 perator,
533 1091 770 1144 tempestates
789 1091 1019 1143 gubernator
1034 1110 1047 1136 3
1079 1101 1116 1129 et
1132 1101 1259 1130 tamen
1279 1090 1322 1129 hi
1340 1091 1410 1144 ipfi
1429 1091 1522 1145 saepe
1540 1091 1741 1139 falluntur,

350 1159 419 1211 qui
440 1157 539 1196 nihil
559 1158 635 1196 s1ne
654 1166 756 1195 certa
775 1157 919 1194 ratione
938 1157 1157 1210 opinantur.
1200 1158 1258 1195 Ut
1287 1157 1464 1209 agricola,
1495 1171 1588 1196 cum
1607 1157 1742 1197 florem

349 1224 441 1262 oleae
460 1224 577 1268 videt,
608 1223 767 1260 baccam
785 1235 939 1274 quoque
968 1222 1004 1260 se
1030 1222 1200 1260 visurum
1220 1231 1330 1275 putat
1345 1241 1357 1268 ς
1389 1236 1466 1261 non
1493 1223 1569 1262 fine
1598 1223 1742 1262 ratione

348 1289 416 1328 ille
436 1289 621 1342 quidem5
653 1287 713 1326 sed
733 1301 1014 1340 nonnunquam
1035 1297 1161 1326 tamen
1181 1287 1341 1327 fallitur.
1374 1288 1491 1340 Qod
1509 1289 1536 1327 s1
1556 1288 1743 1329 falluntur

350 1356 393 1402 ii,
414 1357 482 1409 qui
503 1355 602 1394 nihil
622 1355 698 1394 fine
719 1355 848 1408 aliqua
876 1355 1066 1408 probabili
1096 1356 1313 1408 conjectura
1338 1369 1380 1394 ac
1401 1356 1545 1395 ratione
1575 1357 1738 1402 dicunt;

349 1422 445 1475 quid
465 1421 762 1461 existimandum
784 1421 837 1460 est
862 1422 908 1460 de
934 1422 1150 1474 conjectura
1178 1435 1326 1468 eorum,
1354 1423 1422 1475 qui
1442 1424 1554 1468 extis,
1577 1432 1641 1461 aut
1660 1424 1740 1461 avi-

351 1488 437 1533 buS,
468 1498 533 1526 aut
562 1487 732 1533 ostentis,
761 1496 826 1525 aut
846 1487 1022 1532 oraculis,
1052 1496 1117 1525 aut
1137 1486 1293 1526 somniis
1314 1486 1442 1526 futura
1466 1487 1740 1541 praesentiunt?

348 1555 543 1594 Nondum
573 1555 675 1599 dico,
705 1567 823 1606 quam
854 1553 935 1591 haec
956 1553 1058 1606 figna
1085 1553 1190 1591 nulla
1220 1554 1305 1599 fint,
1337 1554 1463 1592 fiffum
1477 1555 1632 1606 jecoris,
1654 1568 1741 1593 cor-

349 1621 388 1659 vi
424 1629 574 1664 cantus,
619 1619 765 1657 volatus
810 1619 959 1671 aquilae3
990 1618 1103 1656 stellae
1135 1619 1318 1670 trajectio,
1362 1632 1472 1658 voces
1511 1619 1740 1667 furentium,

349 1685 479 1732 sortes,
510 1685 654 1725 somnia
671 1700 681 1724 ε
713 1683 759 1722 de
792 1683 933 1738 quibus
967 1683 1122 1738 singulis
1154 1684 1281 1723 dicam
1311 1684 1377 1723 suo
1410 1685 1496 1723 loco
1510 1704 1522 1731 ς
1553 1699 1658 1725 nunc
1693 1686 1740 1725 de

349 1751 544 1790 universis.

405 1818 488 1869 Qi
521 1816 643 1869 potest
673 1816 876 1868 provideri,
906 1817 1119 1869 quidquam
1152 1815 1330 1855 futurum
1365 1815 1450 1863 esse,
1482 1817 1588 1870 quod
1617 1830 1741 1871 neque

350 1883 499 1922 causam
520 1881 636 1921 habet
655 1882 788 1927 ullam,
811 1896 934 1935 neque
955 1892 1100 1928 notam,
1121 1897 1189 1922 cur
1209 1881 1385 1921 futurum
1402 1883 1472 1921 fit?
1493 1883 1588 1922 Solis
1608 1883 1739 1923 defec-

351 1951 488 1994 tiones,
518 1949 689 2001 itemque
708 1949 821 1994 lunae,
854 1949 1110 2002 praedicuntur
1140 1950 1181 1988 in
1202 1949 1345 1988 multos
1365 1963 1481 1989 annos
1502 1950 1549 1989 ab
1579 1950 1639 1995 iis,
1671 1952 1740 2003 qui

351 2015 514 2054 fiderum
535 2014 662 2053 cursus
682 2025 720 2053 et
740 2024 870 2053 motus
891 2015 1061 2054 numeris
1082 2015 1384 2069 persequuntur:
1416 2029 1458 2054 ea
1476 2016 1580 2055 enim
1599 2017 1739 2069 praedi-

350 2091 459 2126 cunt,
486 2095 570 2134 quae
590 2090 730 2120 natura:
750 2081 941 2121 neceffitas
962 2081 1173 2134 perfectura
1188 2081 1253 2121 est.
1285 2082 1431 2121 Vident
1450 2096 1496 2122 ex
1515 2083 1739 2122 constantis·

349 2148 444 2186 fimo
475 2157 585 2186 motu
615 2147 728 2193 lunae,
755 2148 907 2200 quando
936 2147 1003 2186 illa
1027 2162 1047 2186 e
1077 2148 1231 2201 regione
1260 2148 1346 2187 solis
1375 2148 1473 2187 fafta
1503 2149 1669 2188 incurrat
1698 2150 1739 2189 in

351 2215 530 2253 umbram
563 2223 682 2259 terrae,
713 2229 797 2267 quae
826 2215 879 2253 cst
911 2225 1011 2253 meta
1042 2216 1177 2260 noetis,
1214 2224 1256 2254 ut
1275 2229 1359 2255 eam
1389 2216 1580 2255 obscurari
1599 2216 1740 2256 neceffe

349 2281 419 2325 fit;
451 2281 680 2333 quandoque
713 2281 844 2319 eadem
878 2281 967 2319 luna
988 2281 1152 2334 subjecta
1171 2291 1285 2334 atque
1303 2282 1472 2336 opposita
1492 2282 1574 2328 soli.
1605 2282 1740 2322 nostris

348 2347 472 2386 oculis
487 2348 568 2400 ejus
588 2347 720 2385 lumen
741 2347 914 2385 obscuret
932 2362 941 2385 :
967 2361 1045 2399 quo
1062 2348 1100 2385 in
1121 2348 1226 2401 signo
1242 2362 1402 2401 quaeque
1420 2349 1629 2387 errantium
1649 2349 1738 2387 stel-

350 2413 489 2458 larum,
519 2427 672 2466 quoque
695 2421 863 2466 tempore
886 2412 1011 2452 futura
1031 2413 1097 2452 s1t:
1130 2414 1197 2466 qui
1217 2424 1370 2453 exortus
1390 2427 1545 2467 quoque
1564 2415 1625 2453 die
1645 2414 1738 2466 signi

349 2479 526 2531 alicujus,
547 2489 611 2517 aut
631 2479 698 2532 qui
718 2479 870 2517 occasus
891 2478 1042 2519 futurus
1064 2479 1120 2519 fit.
1150 2481 1246 2519 Haec
1264 2481 1331 2533 qui
1351 2491 1434 2520 ante
1451 2481 1599 2525 dicunt,
1621 2494 1737 2532 quam

348 2545 535 2584 rationem
554 2544 772 2599 sequantur,
792 2544 910 2584 vides.
