2223 3003
468 222 549 262 274
865 206 968 246 DE
1041 203 1468 243 OFFICIIS

467 311 638 350 Nullum
659 309 777 362 igitur
797 305 943 344 saelum
963 317 1097 343 eorum
1119 301 1242 356 potest
1260 300 1356 340 utile
1388 299 1474 346 effe,
1505 311 1597 338 cum
1616 299 1662 339 fit
1685 309 1745 341 tot
1762 303 1868 344 vitiis

464 379 727 430 inquinatum.

519 444 611 482 XV.
644 440 761 492 Qod
782 439 807 477 fi
828 438 1038 491 Aquiliana
1063 436 1240 476 definitio
1259 449 1346 475 vera
1360 435 1426 481 est,
1447 446 1495 473 ex
1514 433 1624 474 omni
1642 433 1722 473 vita
1746 434 1871 475 fimu-

465 511 569 554 latio,
600 506 926 558 diffimulatioque
946 505 1116 544 tollenda
1133 504 1200 543 est.
1232 505 1291 543 Ita
1310 516 1395 549 nee,
1417 511 1461 541 ut
1481 510 1586 541 emat
1605 501 1760 548 melius,
1781 515 1869 549 nec,

464 585 506 613 ut
528 574 678 619 vendat,
711 572 925 626 quidquam
946 571 1154 617 fimulabit,
1176 580 1242 609 aut
1261 568 1514 609 diffimulabit
1533 569 1591 607 vir
1609 568 1749 607 bonus.
1790 569 1870 608 At-

462 656 536 695 que
555 641 622 680 iste
642 641 753 679 dolus
775 639 900 678 malus
924 639 1042 677 etiam
1063 639 1214 691 legibus
1234 646 1313 676 erat
1332 636 1564 681 vindicatus,
1595 644 1640 674 ut
1659 634 1779 673 tutela
1799 648 1869 675 κη

459 708 617 753 tabulis,
647 717 686 746 et
718 706 1026 760 circumscriptio
1055 705 1356 744 adolescentium
1381 703 1466 758 lege
1485 703 1678 748 Laetoria5
1709 713 1762 748 et,
1792 702 1872 742 fine

460 775 560 828 lege,
584 773 758 827 judiciiS,
789 773 829 810 in
850 773 993 825 quibus
1013 771 1179 817 additur,
1212 784 1268 809 Ex
1292 783 1396 809 mm:
1421 783 1560 810 BONA.
1605 769 1871 822 Reliquorum

461 851 590 880 autem
622 840 864 893 judiciorum
896 837 979 876 haec
1017 837 1130 876 verba
1165 837 1336 875 maxime
1365 836 1590 882 excellunt3
1634 836 1677 874 in
1710 835 1870 874 arbitrio

462 907 513 946 rei
545 907 700 951 uxoriae,
733 916 922 948 Manus,
954 915 1162 952 AEQnus:
1198 902 1241 940 in
1271 901 1426 947 fiducia,
1459 915 1522 940 υτ
1557 914 1702 940 mmm
1726 914 1868 943 Bonos

461 986 576 1013 ΒΕΝε
602 983 766 1011 A01ER.
799 970 910 1022 Qid
927 969 1049 1023 ergo?
1079 977 1145 1007 aut
1174 969 1216 1007 in
1235 981 1294 1014 eo,
1325 968 1431 1022 quod
1453 981 1638 1013 MELms,
1669 981 1868 1018 AEQHUS,

459 1039 581 1093 potest
608 1039 686 1078 ulla
716 1051 799 1091 pars
820 1036 934 1075 ineffe
952 1036 1096 1075 fraudis
1115 1036 1128 1073 ?
1159 1045 1238 1081 aut,
1263 1048 1357 1074 cum
1377 1035 1534 1081 dicitur,
1557 1047 1701 1074 1NTER
1726 1047 1866 1074 nonos

462 1120 575 1145 BENE
600 1117 764 1150 AGIER,
791 1104 1008 1157 quidquam
1028 1103 1089 1156 agi
1110 1102 1237 1141 dolose
1257 1111 1322 1140 aut
1342 1101 1531 1140 malitiose
1558 1101 1709 1155 potest?
1741 1101 1868 1140 Dolus

459 1181 586 1209 autem
609 1171 733 1209 malus
754 1168 998 1207 simulatione
1017 1177 1055 1206 et
1073 1167 1386 1212 diffimulatione‚
1416 1176 1459 1205 ut
1479 1167 1532 1205 ait
1551 1165 1750 1219 Aquilius,
1772 1179 1870 1204 con-

459 1239 615 1276 tinetur.
649 1235 889 1275 Tollendum
910 1235 963 1273 est
981 1234 1102 1288 igitur
1120 1248 1168 1273 ex
1188 1234 1301 1272 rebus
1322 1232 1593 1272 contrahendis
1613 1246 1731 1271 omne
1753 1246 1868 1271 men-

458 1303 629 1341 dacium.
676 1303 770 1341 Non
801 1301 1032 1340 licitatorem
1054 1300 1244 1345 venditor,
1275 1312 1360 1345 nec,
1392 1299 1461 1352 qui
1481 1308 1614 1337 contra
1633 1299 1667 1336 se
1694 1298 1867 1343 liceatur,

456 1378 611 1423 emptor
631 1377 816 1422 opponet.
859 1368 1048 1420 Uterque,
1073 1366 1098 1404 fi
1119 1366 1165 1404 ad
1185 1365 1448 1419 eloquendum
1468 1365 1629 1411 venerit,
1659 1378 1737 1403 non
1763 1365 1868 1418 plus,

458 1450 576 1490 quam
598 1435 728 1480 semel,
749 1435 966 1487 eloquetur.

513 1502 688 1555 Qintus
727 1499 888 1554 quidem
922 1499 1115 1544 Scaevola,
1164 1499 1296 1538 Publii
1332 1498 1462 1542 filius,
1501 1511 1594 1536 cum
1625 1495 1868 1550 postulasset,

457 1577 501 1607 ut
532 1568 602 1607 fibi
638 1566 803 1612 fundus,
845 1566 957 1618 cujus
988 1574 1142 1619 emptor
1175 1575 1267 1610 erat,
1312 1564 1428 1603 semel
1460 1563 1706 1608 indicaretur,
1751 1563 1869 1616 idque

456 1634 634 1674 venditor
668 1634 722 1672 ita
753 1631 912 1678 fecisset,
943 1631 1058 1676 dixit,
1089 1631 1123 1670 se
1143 1631 1264 1685 pluris
1286 1631 1493 1670 aestimare:
1526 1630 1674 1668 addidit
1707 1638 1867 1668 centum

457 1702 595 1741 millia.
654 1701 790 1740 Nemo
823 1699 890 1745 est,
922 1699 991 1753 qui
1024 1697 1100 1738 hoc
1133 1699 1206 1737 viri
1233 1699 1326 1737 boni
1357 1697 1467 1736 fuisse
1500 1706 1639 1750 neget;
1671 1696 1866 1750 sapientis,

456 1776 626 1821 negant,
658 1776 715 1812 ut,
741 1766 766 1805 fi
788 1765 965 1811 minoris,
996 1779 1114 1818 quam
1134 1764 1328 1819 potuisset,
1359 1763 1596 1802 vendidisset.
1629 1764 1726 1802 Haec
1747 1762 1868 1815 igitur

457 1834 508 1872 est
528 1834 593 1872 illa
613 1833 816 1886 pernicies,
846 1832 952 1884 quod
978 1832 1072 1870 alios
1093 1832 1229 1877 bonos,
1261 1831 1354 1869 alios
1388 1831 1586 1883 sapientes,
1617 1828 1864 1868 existimant:

456 1913 502 1938 ex
523 1912 603 1951 quo
624 1897 790 1942 Ennius,
820 1911 863 1934 ne
882 1894 1072 1950 quidqua'm
1088 1898 1220 1949 fitpere
1259 1898 1446 1948 apsentem,
1478 1896 1542 1948 qui
1542 1895 1620 1947 sihi
1635 1896 1702 1947 ipſs
1715 1893 1868 1946 prodeffi

458 1979 524 2004 non
545 1964 677 2018 quiret.
710 1963 810 2000 Vere
843 1962 881 2000 id
902 1961 1078 2014 quidem,
1111 1961 1151 2006 fi,
1187 1962 1281 2013 quid
1312 1960 1399 1998 esset
1426 1958 1608 2013 prodcss‘c,
1643 1958 1742 1997 mihi
1773 1972 1865 1997 cum

458 2031 588 2070 Ennio
619 2029 854 2068 conveniret.
899 2029 1144 2067 Hecatonem
1177 2027 1336 2080 quidem
1373 2026 1591 2070 Rhodium,
1630 2025 1865 2078 discipulum

459 2097 628 2141 Panaetii,
670 2095 782 2134 video
815 2095 854 2133 in
890 2095 936 2132 iis
971 2094 1093 2139 libris,
1125 2107 1222 2147 quos
1253 2094 1299 2132 de
1331 2093 1484 2132 Officiis
1519 2092 1663 2145 scripsit
1697 2093 1865 2143 QTu-

458 2164 604 2208 beroni,
635 2163 775 2206 dicere,
812 2161 1000 2214 Sapientis
1031 2160 1116 2205 esse,
1145 2159 1243 2198 nihil
1264 2170 1396 2198 contra
1427 2172 1565 2203 mores,
1601 2159 1719 2211 legeS,
1756 2157 1866 2195 insti-

456 2239 539 2269 tuta
575 2229 794 2273 facientem,
834 2227 973 2266 habere
1008 2227 1196 2265 rationem
1235 2227 1287 2265 rei
1321 2225 1536 2264 familiaris.
1583 2225 1723 2277 Neque
1757 2224 1865 2262 enim

457 2297 582 2335 solum
605 2296 714 2334 nobis
735 2295 872 2333 divites
904 2294 975 2332 ess‘e
996 2294 1193 2339 volumus,
1225 2293 1285 2331 sed
1305 2293 1450 2338 liberis,
1483 2291 1726 2346 propinquis,
1763 2290 1864 2328 ami-

455 2364 526 2408 cis,
549 2363 796 2414 maximeque
818 2361 1038 2414 reipublicae
1057 2376 1065 2400 :
1099 2360 1336 2414 singulorum
1362 2360 1466 2398 enim
1491 2357 1705 2401 facultates,
1737 2365 1774 2395 ct
1795 2370 1864 2395 co-

455 2430 540 2482 piae,
562 2428 705 2466 divitiae
726 2428 811 2465 sunt
832 2428 1014 2466 civitatis.
1050 2428 1172 2472 Huic,
1195 2427 1368 2465 Scaevolae
1389 2424 1548 2468 saelum,
1581 2424 1627 2461 dc
1648 2437 1726 2476 quo
1748 2422 1864 2476 paulo

456 2505 541 2534 ante
561 2495 655 2540 dixi,
688 2494 834 2547 placere
868 2494 976 2532 nullo
1007 2494 1126 2532 modo
1155 2493 1302 2547 potest:
1335 2492 1480 2530 etenim
1515 2491 1678 2529 omuino
1713 2488 1865 2528 tantum

454 2562 489 2602 sc
511 2572 621 2616 negat
641 2561 832 2601 facturum
854 2561 1078 2615 compendii
1111 2560 1166 2600 sui
1194 2559 1316 2607 causa,
1349 2559 1453 2612 quod
1482 2571 1557 2596 non
1581 2558 1706 2596 liccat.
1754 2556 1863 2595 nuic
