2223 3003
398 222 473 250 110
876 203 979 242 DE
1064 202 1319 242 FATO.

395 309 481 353 fint,
511 319 553 345 ea
569 318 653 343 vera
672 302 742 341 esse
761 300 901 354 possint
931 299 1112 352 intelligi.
1156 300 1292 351 Itaque
1322 298 1474 338 dicebat
1493 301 1721 347 Carneades,
1753 313 1804 341 ne
1821 311 1834 321 ‘

394 373 623 427 Apollinem
655 367 815 421 quidem
846 365 977 404 futura
1004 364 1107 418 poffe
1126 364 1267 410 dicere,
1300 365 1369 403 nisi
1394 379 1449 411 ea,
1485 379 1655 418 quorum
1675 368 1802 406 causas

394 451 526 479 natura
545 439 598 475 ita
617 434 847 478 contineret,
866 440 911 470 ut
925 444 970 470 ea
987 430 1069 470 fieri
1086 431 1228 470 neceffe
1243 431 1346 471 effet.
1379 432 1488 485 Qid
1504 433 1610 471 enim
1631 433 1802 486 speetans

395 509 502 545 Deus
523 503 599 557 ipse
619 502 776 546 diceret,
798 498 1035 538 Marcellum
1065 511 1172 543 eum,
1193 500 1263 552 qui
1281 509 1338 537 ter
1359 499 1505 538 Consul
1532 498 1622 544 fuit,
1645 501 1684 538 in
1706 499 1803 538 mari

393 572 465 611 effe
485 571 699 625 periturum
716 568 729 605 ?
752 567 845 606 Erat
861 565 1020 619 quidem
1042 563 1117 604 hoc
1138 579 1273 604 verum
1291 579 1338 604 ex
1355 567 1578 612 aeternitate,
1597 567 1659 605 sed
1676 567 1803 605 causas

393 640 434 678 id
453 637 663 677 efficientes
684 648 761 673 non
792 632 972 672 habebat.
1011 632 1069 671 Ita
1090 646 1137 670 ne
1158 633 1346 686 praeterita
1365 634 1526 686 quidem
1548 647 1603 679 ea,
1633 646 1802 685 quorum

394 705 501 743 nulla
519 703 636 756 figna,
671 710 853 752 tanquam
883 698 1051 751 vestigia,
1089 708 1276 744 extarent,
1308 699 1486 752 Apollini
1507 709 1598 737 nota
1616 699 1689 736 ess‘e
1708 712 1803 736 cen-

394 772 524 816 sebat;
556 782 636 822 quo
667 768 796 806 minus
817 765 961 804 futura.
1013 763 1144 802 Caufis
1176 765 1283 803 enim
1314 765 1571 804 efficientibus
1605 776 1804 817 quamque

393 853 476 878 rem
496 835 677 889 cognitis,
708 832 809 886 poffe
827 832 994 884 denique
1013 830 1113 876 sciri,
1136 831 1232 884 quid
1251 830 1429 870 futurum
1450 831 1553 871 ess‘et.
1605 833 1711 884 Ergo
1732 843 1803 869 nec

394 906 441 944 de
462 902 658 956 OEdipode
678 899 840 954 potuisse
860 899 1089 952 Apollinem
1110 899 1328 952 praedicere‚
1362 899 1480 938 nullis
1510 900 1551 938 in
1574 913 1703 938 rerum
1733 912 1803 937 na-

394 981 479 1010 tura
508 969 626 1008 caufis
646 966 869 1021 praepofitis,
904 979 974 1004 cur
993 965 1040 1004 ab
1071 978 1116 1004 eo
1146 975 1295 1019 patrem
1316 966 1482 1005 interfici
1512 966 1657 1006 neceffe
1682 965 1801 1004 effet:

393 1052 464 1078 nec
485 1036 699 1090 quidquam
722 1033 961 1087 hujusmodi.

449 1105 541 1144 XV.
574 1102 770 1155 roirca
789 1101 815 1139 s1
846 1100 998 1145 Stoicis,
1030 1099 1097 1153 qui
1120 1099 1252 1138 omnia
1271 1098 1352 1139 fato
1372 1099 1454 1138 fieri
1475 1100 1626 1145 dicunt,
1643 1098 1805 1138 consen-

394 1181 552 1211 taneum
572 1169 625 1208 est
653 1167 880 1220 hujusmodi
899 1167 1066 1211 oracula,
1098 1177 1321 1219 caeteraque,
1353 1181 1438 1219 quae
1458 1167 1504 1205 ad
1524 1166 1807 1206 divinationem

393 1239 602 1293 pertinent,
645 1234 899 1287 comprobare
917 1251 929 1278 ς
976 1233 1024 1270 iis
1054 1241 1199 1275 autem,
1231 1234 1314 1285 qui,
1353 1246 1438 1284 quae
1471 1231 1603 1271 futura
1630 1233 1732 1277 sunt,
1763 1246 1806 1271 ea

394 1319 481 1344 vera
513 1303 584 1342 effe
611 1316 661 1341 ex
691 1301 901 1340 aeternitate
923 1299 1074 1344 dicunt,
1106 1313 1184 1337 non
1216 1299 1319 1337 idem
1352 1299 1563 1338 dicendum
1590 1298 1670 1344 est,
1702 1299 1803 1344 vide,

395 1386 443 1411 ne
463 1385 540 1410 non
557 1369 691 1408 eadem
711 1367 756 1406 s1t
782 1366 941 1405 illorum
962 1365 1083 1411 causa,
1115 1374 1154 1403 et
1175 1366 1409 1404 Stoicorum.
1455 1366 1514 1404 Hi
1534 1365 1641 1404 enim
1662 1379 1805 1418 urgen-

394 1447 458 1477 tur
477 1436 672 1490 angustius
689 1452 700 1479 5
742 1433 900 1472 illorum
921 1433 1016 1471 ratio
1035 1431 1158 1470 soluta
1177 1445 1220 1470 ac
1241 1431 1362 1470 libera
1381 1431 1447 1469 est.
1481 1431 1600 1484 Qod
1621 1431 1646 1469 fi
1663 1444 1806 1469 conce-

393 1505 518 1549 datur,
550 1502 649 1542 nihil
684 1500 785 1555 poss‘e
813 1500 978 1544 evenire,
1010 1498 1079 1537 nisi
1113 1498 1222 1537 causa
1251 1498 1527 1543 antecedente3
1559 1497 1655 1550 quid
1685 1497 1807 1551 profi-

392 1573 532 1615 ciatur,
555 1571 580 1608 fi
601 1583 644 1607 ea
663 1567 773 1606 causa
792 1581 868 1606 non
889 1580 935 1605 ex
954 1566 1104 1604 aeternis
1125 1565 1244 1604 causls
1274 1576 1360 1618 apta
1378 1565 1529 1604 dicatur
1547 1565 1559 1602 ?
1595 1565 1718 1604 Causa
1735 1579 1807 1604 au-

395 1648 475 1676 tem
496 1650 538 1675 ea
558 1635 625 1680 est,
656 1647 742 1686 quae
763 1632 802 1671 id
822 1625 967 1677 efficit,
987 1632 1098 1684 cujus
1129 1631 1182 1670 est
1208 1631 1317 1670 causa
1331 1650 1344 1677 ς
1376 1640 1420 1670 ut
1450 1631 1606 1677 vulnus,
1637 1633 1774 1671 mortis
1791 1651 1805 1678 5

395 1705 577 1749 cruditas,
598 1701 750 1745 morbi;
771 1700 887 1754 ignis,
909 1700 1066 1738 ardoris.
1099 1700 1235 1752 Itaque
1254 1713 1333 1738 non
1353 1699 1403 1737 fic
1420 1698 1529 1737 causa
1547 1698 1714 1751 intelligi
1735 1699 1805 1737 de-

396 1773 475 1817 bet,
498 1780 554 1817 ut,
576 1768 682 1823 quod
703 1768 844 1820 cuique
863 1766 1074 1810 antecedat,
1106 1766 1145 1804 id
1177 1766 1211 1804 ei
1231 1765 1339 1804 causa
1358 1765 1416 1810 fit,
1445 1764 1506 1803 sed
1527 1765 1633 1817 quod
1662 1765 1806 1818 cuique

394 1839 607 1876 efficienter
642 1834 840 1873 antecedat
860 1849 868 1871 :
902 1847 986 1878 nec,
1025 1832 1131 1885 quod
1161 1833 1201 1870 in
1235 1847 1419 1885 campum
1453 1831 1730 1877 descenderim,
1767 1833 1808 1871 id

395 1903 506 1943 fuisse
535 1901 666 1946 caufic,
697 1914 766 1938 cur
798 1899 876 1953 pil-21
904 1899 1100 1943 luderem,
1135 1911 1204 1936 nec
1226 1899 1449 1943 Hecubam,
1481 1899 1632 1937 causam
1667 1900 1806 1937 interi-

396 1970 458 2009 tus
477 1969 585 2008 fuisse
605 1967 800 2020 Trojanis,
821 1966 924 2018 quod
942 1965 1205 2003 Alexandrum
1234 1965 1435 2018 genuerit,
1464 1977 1534 2003 nec
1552 1965 1805 2016 Tyndareum

397 2034 701 2090 Agamemnoni,
733 2032 838 2086 quod
867 2032 1216 2084 Clytaemnestram.
1264 2032 1355 2070 Hoc
1390 2032 1496 2070 enim
1533 2031 1651 2070 modo
1685 2031 1808 2069 viator

395 2117 551 2157 quoque
572 2103 668 2140 bene
700 2101 855 2139 vestitus
881 2099 991 2138 causa
1021 2099 1211 2152 grassatori
1247 2098 1357 2138 fuisse
1386 2099 1551 2145 dicetur,
1581 2113 1651 2138 cur
1684 2098 1730 2137 ab
1761 2110 1809 2138 eo

397 2171 631 2225 spoliaretur.
665 2169 725 2207 Ex
747 2167 821 2206 hoc
843 2180 979 2220 genere
1001 2167 1098 2205 illud
1118 2167 1170 2205 est
1190 2167 1324 2212 Ennii,

538 2237 685 2277 Utinam
705 2250 747 2273 nc
767 2235 803 2273 in
824 2249 960 2273 nemore
981 2234 1272 2287 Peliostcmv'hus

538 2305 640 2356 Carsa't
658 2301 822 2355 cecidfflQ
841 2301 993 2354 abd-gna
1011 2300 1060 2339 ad
1077 2312 1215 2340 terram
1236 2300 1357 2340 trabes
1369 2303 1387 2340 l

400 2370 533 2410 Licuit
554 2369 610 2408 vel
633 2367 761 2413 altilis,
795 2368 957 2406 Utinam
980 2382 1026 2405 nc
1048 2368 1085 2406 in
1111 2368 1215 2407 Pelio
1237 2377 1322 2406 nata
1343 2367 1422 2405 ulla
1442 2381 1614 2420 unquam
1636 2366 1723 2405 esset
1745 2379 1805 2403 ar-

400 2437 494 2477 bor!
527 2437 643 2475 etiam
665 2435 785 2489 supra,
807 2435 968 2473 Utinam
991 2450 1036 2473 nc
1056 2435 1142 2474 css‘ct
1165 2449 1276 2474 mons
1299 2434 1400 2473 ullus
1419 2435 1546 2473 Pelius
1566 2435 1573 2472 ἲ
1608 2434 1805 2473 nmilitcr-

397 2519 475 2560 que
496 2504 686 2558 superiora
703 2512 938 2556 repetentem
962 2503 1105 2557 regredi
1129 2502 1278 2541 infinite
1300 2502 1403 2540 licet.

534 2572 642 2612 chvc
660 2569 739 2610 indc
757 2570 863 2610 navis
881 2570 1086 2610 inchoanda
1105 2570 1283 2610 wordiam
1304 2568 1464 2624 curpjffct.
