2223 3003
488 232 566 273 390
790 210 1591 254 PHILOSOPH100RUM

571 459 1117 524 SOMNIUM
1204 457 1810 517 SCIPIONIS.

879 700 1096 739 Sc11>10
1136 710 1488 749 LoQurrun.

483 854 515 892 Ι.
537 847 725 943 CUM
751 848 791 885 in
812 845 989 885 Africam
1009 844 1209 891 venissem,
1241 845 1317 884 M'.
1340 845 1509 884 Manilio
1529 846 1691 886 Consuli
1710 846 1757 886 ad
1777 860 1894 900 quar-

653 923 732 952 tam
754 912 952 965 legionem
983 912 1178 958 tribunus,
1213 920 1258 950 ut
1277 910 1396 957 scitis,
1429 911 1606 951 militum
1621 930 1634 957 3
1668 912 1768 951 nihil
1792 912 1895 952 mihi

482 982 612 1035 potius
648 979 738 1026 fuit,
780 993 899 1032 quam
933 988 977 1018 ut
1012 979 1248 1018 Masinissam
1269 978 1532 1024 convenirem,
1574 991 1706 1032 regem
1737 978 1897 1019 familiae

481 1048 615 1087 nostrae
642 1047 754 1099 justis
789 1047 835 1084 de
866 1046 984 1085 causlS
1015 1045 1305 1085 amiciffimum.
1345 1045 1411 1084 Ad
1441 1058 1562 1098 quem
1582 1055 1626 1084 ut
1646 1045 1749 1092 veni,
1783 1060 1896 1086 com-

479 1115 616 1168 plexus
650 1128 713 1152 me
743 1113 855 1152 senex
885 1113 1204 1166 collacrymavit;
1235 1113 1511 1166 aliquantoque
1542 1112 1625 1166 post
1655 1112 1824 1166 suspexit
1856 1113 1897 1153 in

481 1183 635 1227 caelum,
654 1191 691 1220 et
712 1182 866 1226 Grates,
894 1181 1038 1234 inquit,
1060 1181 1133 1220 tibi
1154 1194 1239 1234 ago,
1260 1180 1413 1219 summe
1434 1180 1512 1225 Sol,
1535 1180 1733 1233 vobisque,
1756 1181 1897 1233 reliqui

479 1249 636 1294 caelites,
673 1249 780 1301 quod
811 1257 899 1286 ante
934 1261 1054 1300 quam
1073 1262 1121 1287 ex
1154 1247 1226 1286 hac
1247 1248 1324 1286 vita
1354 1247 1496 1300 migro,
1529 1247 1726 1301 conspicio
1745 1248 1785 1286 in
1808 1261 1897 1286 meo

480 1330 613 1369 regno,
635 1325 673 1354 et
692 1314 754 1355 his
776 1315 884 1354 testis
906 1316 952 1354 P.
976 1315 1206 1354 Cornelium
1228 1314 1466 1368 Scipionem,
1501 1315 1612 1367 cujus
1644 1328 1717 1367 ego
1737 1315 1897 1354 nomine

478 1383 562 1437 ipso
581 1397 751 1422 recreor:
784 1383 837 1420 ita
871 1396 1073 1435 nunquam
1093 1396 1141 1422 ex
1172 1382 1304 1421 animo
1325 1395 1413 1421 meo
1434 1381 1594 1421 discedit
1627 1381 1733 1421 illius
1752 1382 1895 1436 optimi

481 1459 597 1503 atque
617 1448 854 1487 invic'tiffimi
874 1448 945 1486 viri
967 1449 1170 1486 memoria.
1204 1448 1358 1486 Deinde
1377 1461 1450 1500 ego
1471 1448 1587 1485 illum
1607 1447 1654 1485 de
1674 1447 1741 1485 suo
1762 1461 1895 1500 regno,

479 1516 547 1555 ille
579 1529 642 1554 me
671 1516 718 1553 de
752 1514 875 1553 nostra
906 1514 1104 1568 republica
1135 1523 1380 1568 percontatus
1413 1513 1494 1560 est;
1527 1513 1740 1566 multisque
1771 1514 1896 1553 verbis

479 1583 582 1622 ultro
595 1582 771 1635 citroque
790 1580 950 1627 habitis,
964 1581 1030 1620 ille
1050 1581 1162 1622 nobis
1179 1581 1434 1635 consumptus
1450 1580 1503 1620 est
1522 1581 1617 1620 dies.
1642 1580 1730 1620 Post
1748 1590 1894 1628 autem,

480 1651 586 1704 regio
620 1659 801 1703 apparatu
831 1649 994 1702 accepti,
1025 1649 1242 1689 sermonem
1278 1650 1319 1688 in
1341 1648 1510 1688 multam
1530 1650 1685 1688 nostem
1707 1647 1897 1701 produxi-

479 1731 582 1763 mus,
605 1731 697 1755 cum
720 1716 833 1755 senex
852 1715 953 1755 nihil
975 1717 1044 1756 nifi
1065 1718 1112 1756 de
1128 1716 1314 1757 Africano
1329 1717 1566 1770 loqueretur,
1583 1716 1794 1770 omniaque
1815 1717 1897 1769 ejus

479 1798 557 1823 non
579 1783 677 1822 faeta
695 1783 836 1829 solum,
872 1783 935 1822 sed
954 1784 1072 1823 etiarn
1093 1785 1208 1830 dista,
1236 1783 1485 1823 meminisset.
1518 1783 1686 1829 Deinde,
1720 1793 1762 1822 ut
1782 1783 1896 1822 cubi-

483 1859 569 1888 tum
589 1849 839 1894 disccffimus,
862 1863 924 1888 me
944 1859 982 1888 et
1002 1851 1049 1888 de
1068 1851 1142 1896 via,
1164 1860 1202 1888 et
1221 1852 1291 1903 qui
1311 1851 1357 1889 ad
1377 1851 1544 1890 multam
1566 1852 1721 1889 noCtem
1741 1849 1896 1904 vigilas·

480 1917 573 1962 sem,
604 1916 755 1961 arffior,
788 1929 907 1968 quam
928 1915 1085 1962 solebat,
1119 1916 1276 1954 somnus
1307 1916 1538 1969 complexus
1569 1916 1634 1953 est.
1682 1916 1763 1954 Hic
1795 1915 1896 1954 mihi

482 1983 615 2036 (credo
645 1982 827 2035 equidem
847 1996 894 2021 ex
927 1981 1017 2029 hoc,
1047 1983 1153 2036 quod
1173 1997 1323 2022 eramus
1354 1982 1503 2028 locuti;
1537 1981 1581 2021 fit
1601 1982 1707 2020 enim
1728 1981 1822 2027 fere,
1854 1992 1897 2021 ut

478 2049 732 2104 cogitationes
760 2048 1027 2102 sermonesque
1061 2049 1178 2088 nostri
1210 2050 1357 2103 pariant
1391 2048 1539 2102 aliquid
1574 2049 1614 2086 in
1648 2047 1784 2087 somno
1807 2048 1895 2094 tale,

479 2116 593 2171 quale
611 2116 657 2155 de
679 2117 858 2154 Homero
878 2115 1010 2154 scribit
1030 2117 1198 2161 Ennius,
1231 2116 1278 2154 de
1299 2130 1378 2169 quo
1410 2116 1590 2154 videlicet
1617 2115 1815 2168 saepiflime
1835 2116 1895 2154 vi-

479 2184 602 2237 gilans
626 2183 766 2222 solebat
787 2183 970 2236 cogitare,
1001 2193 1039 2222 et
1060 2183 1187 2235 loqui)
1222 2181 1430 2221 Africanus
1451 2182 1487 2221 se
1505 2181 1671 2222 ostendit
1691 2182 1734 2221 efi
1754 2181 1894 2227 formai,

479 2265 564 2304 quae
584 2249 683 2289 mihi
702 2264 747 2288 ex
767 2250 935 2303 imagine
956 2251 1051 2302 ejus,
1075 2264 1192 2304 quam
1212 2264 1259 2289 ex
1282 2250 1374 2304 ipso,
1397 2258 1476 2288 erat
1496 2250 1637 2289 notior.
1687 2250 1820 2301 Qem
1853 2261 1895 2288 ut

478 2317 631 2371 agnovi,
667 2318 849 2369 equidem
884 2315 1081 2355 cohorrui.
1133 2317 1205 2356 Sed
1240 2317 1318 2361 illc,
1361 2316 1462 2362 ades,
1497 2317 1640 2368 inquit,
1675 2316 1820 2361 animo,
1857 2328 1896 2355 et

478 2384 619 2422 omitte
641 2383 836 2428 timorem,
861 2384 1004 2437 Scipio,
1025 2394 1062 2422 et
1083 2398 1168 2437 quae
1186 2383 1330 2428 dicam,
1354 2383 1457 2421 trade
1478 2383 1688 2421 memoriae.

537 2452 589 2490 11.
623 2451 788 2489 Videsne
810 2451 916 2489 illam
942 2452 1093 2497 urbem,
1119 2465 1218 2505 qum,
1240 2464 1369 2505 parere
1391 2450 1536 2504 populo
1558 2450 1742 2489 Romano
1767 2452 1898 2489 coacta

480 2532 546 2572 per
566 2531 643 2564 me,
668 2528 822 2558 renovat
843 2517 999 2572 pristina
1020 2518 1134 2564 bella,
1168 2532 1238 2557 nec
1261 2518 1381 2572 potest
1401 2517 1622 2571 quiescere?
1657 2517 1894 2571 (ostendebat
