2223 3003
469 311 552 354 314
799 296 904 336 DE
962 293 1540 335 SENECTUTE.

465 407 505 436 et
538 396 782 451 proceritates
814 393 996 433 arborum
1011 423 1022 440 ‚
1063 403 1102 433 et
1136 394 1296 434 directos
1331 395 1371 433 in
1406 395 1671 448 quincuncem
1704 395 1875 441 ordinesz

464 472 503 501 et
521 462 690 500 humum
722 459 914 499 subactam
946 469 1061 513 atque
1090 474 1240 513 puram,
1271 470 1310 499 et
1336 460 1558 500 suavitatem
1591 460 1772 506 odorum,
1802 460 1870 514 qui

464 527 681 566 afflarentur
700 539 721 564 e
740 525 898 565 floribus
914 544 926 572 3
959 535 1045 565 turn
1075 539 1166 565 eum
1187 526 1333 572 dixiffi,
1366 527 1495 566 mirari
1517 527 1552 566 se
1572 540 1650 565 non
1671 527 1789 566 modo
1807 527 1869 565 di-

464 593 680 646 ligentiam,
711 591 773 631 sed
803 593 919 631 etiam
954 592 1146 632 solertiam
1178 594 1274 645 ejus,
1304 607 1323 631 a
1350 607 1430 647 quo
1459 593 1576 632 effent
1603 593 1671 632 illa
1701 593 1872 631 dimensa

464 668 578 712 atque
597 658 781 712 descripta
796 677 808 704 5
839 667 878 697 et
906 658 941 697 ei
963 659 1113 711 Cyrum
1134 659 1373 712 respondiffe‚
1404 660 1530 713 Atqui
1550 673 1622 713 ego
1641 659 1774 698 omnia
1803 658 1872 696 ista

463 724 548 764 sum
568 724 763 764 dimensus
776 742 788 770 3
821 724 898 762 mei
919 724 1005 763 sunt
1023 724 1190 770 ordines,
1222 738 1307 764 mea
1333 725 1538 779 descriptio
1553 744 1566 771 ;
1597 725 1733 764 multae
1752 724 1869 763 etiam

460 791 618 830 istarum
638 791 820 830 arborum
839 804 925 829 mea
943 804 1063 829 manu
1082 790 1170 829 sunt
1189 790 1287 830 satae.
1319 792 1429 830 Tum
1450 792 1690 844 Lysandrum
1711 792 1868 830 intuen-

462 865 543 896 tem
563 858 644 910 ejus
663 870 889 910 purpuram,
923 865 963 894 et
981 857 1150 894 nitorem
1169 857 1356 909 corporis,
1390 868 1647 911 ornatumque
1673 857 1871 896 Persicum

462 922 591 962 multo
622 936 727 968 auro,
758 921 970 973 multisque
999 922 1181 974 gemmis,
1213 921 1346 961 dixisse
1361 941 1374 968 5
1406 923 1527 962 Recte
1551 937 1641 962 vero
1668 932 1720 968 te,
1752 923 1870 974 Cyre,

462 989 620 1028 beatum
638 988 782 1034 ferunt,
804 987 991 1042 quoniam
1010 988 1146 1027 virtuti
1165 997 1240 1027 tuae
1259 988 1414 1027 fortuna
1433 990 1639 1042 conjunCta
1657 989 1725 1028 est.

515 1056 604 1094 Hac
623 1055 745 1108 igitur
763 1053 920 1093 fortuna
938 1053 1017 1093 frui
1047 1053 1140 1093 licet
1168 1054 1320 1094 senibus
1338 1073 1349 1100 ς
1381 1069 1452 1094 nec
1473 1064 1559 1094 aetas
1579 1054 1760 1108 impedit,
1789 1066 1870 1106 quo

459 1122 590 1161 minus
621 1131 660 1160 et
684 1130 907 1161 caeterarum
927 1135 1071 1167 rerum,
1101 1131 1140 1160 et
1173 1122 1214 1160 in
1235 1122 1370 1175 primis
1396 1123 1476 1176 agri
1496 1121 1651 1161 colendi
1668 1121 1790 1160 studia
1808 1129 1870 1159 te-

459 1202 616 1228 neamus
637 1189 757 1242 usque
775 1188 822 1227 ad
845 1189 1034 1228 ultimum
1056 1197 1211 1242 tempus
1231 1189 1450 1228 senectutis.
1481 1190 1545 1228 M.
1568 1189 1729 1242 quidem
1748 1187 1869 1225 Vale-

459 1255 563 1294 rium
584 1257 758 1295 Corvum
778 1256 999 1309 accepimus
1019 1255 1066 1294 ad
1085 1255 1339 1294 centeslmum
1358 1269 1505 1294 annum
1524 1254 1753 1308 perduxisse,
1774 1267 1869 1292 cum

457 1319 547 1360 effet
566 1322 644 1359 afta
658 1322 744 1373 jam
764 1330 871 1360 aetate
891 1321 932 1359 in
952 1321 1066 1374 agris,
1086 1321 1224 1374 eosque
1243 1321 1386 1360 coleret
1399 1340 1413 1367 ς
1445 1322 1554 1373 cujus
1572 1321 1672 1359 inter
1691 1319 1867 1373 primum

457 1395 495 1426 et
515 1387 667 1426 sextum
687 1387 930 1426 consulatum
947 1386 1011 1426 sex
1030 1396 1069 1426 et
1088 1388 1339 1441 quadraginta
1358 1388 1448 1426 anni
1468 1386 1741 1427 interfuerunt.
1767 1386 1866 1424 ⁴Ita--

456 1466 533 1506 que
553 1463 745 1506 quantum
765 1453 933 1506 spatIum
952 1453 1071 1491 aetatis
1091 1454 1253 1505 majores
1275 1453 1391 1492 nostri
1417 1453 1463 1491 ad
1482 1453 1685 1492 senectutis
1704 1451 1866 1489 initium

456 1519 527 1557 effe
561 1518 787 1563 voluerunt,
818 1527 946 1556 tantus
982 1518 1042 1556 illi
1074 1519 1205 1556 cursus
1240 1518 1435 1557 honorum
1468 1517 1559 1556 fuit.
1618 1519 1750 1570 Atque
1783 1518 1865 1569 ejus

455 1593 627 1623 extrema
657 1593 743 1622 aetas
776 1582 851 1621 hoc
882 1583 1042 1628 beatior,
1077 1597 1196 1636 quam
1217 1584 1357 1629 media,
1384 1584 1490 1636 quod
1509 1583 1744 1622 auctoritatis
1777 1583 1866 1635 plus

455 1649 634 1698 habebat,
656 1650 796 1691 laboris
817 1662 907 1692 vero
927 1642 1072 1688 minus.
1115 1651 1228 1703 Apex
1249 1658 1378 1689 autem
1399 1649 1599 1688 senectutis
1625 1649 1679 1687 est
1697 1650 1866 1689 auctori-

456 1728 526 1758 tas.

511 1786 668 1838 Qanta
699 1785 776 1824 fuit
806 1787 846 1824 in
877 1787 926 1825 L.
950 1785 1110 1825 Caecilio
1131 1786 1329 1825 Metello?
1362 1796 1503 1840 quanta
1533 1787 1574 1826 in
1595 1786 1720 1826 Atilio
1747 1785 1864 1824 Cala-

454 1852 568 1890 tino?
600 1853 640 1889 in
667 1865 787 1904 quem
816 1852 915 1890 illud
941 1853 1116 1905 elogium
1137 1854 1325 1898 unicum;
1361 1866 1582 1892 PLumMAE
1609 1866 1863 1892 CONSENTl-

456 1930 550 1957 UNT
578 1930 773 1961 GENTES,
809 1929 969 1955 popum
1006 1930 1282 1956 PR1MAR1UM
1319 1932 1470 1957 ruisse
1506 1932 1672 1957 vmum.
1705 1919 1861 1957 Notum

453 1984 506 2023 est
528 1993 655 2023 totum
675 1996 842 2028 carmen,
872 1983 1037 2022 incisum
1060 1984 1099 2022 in
1123 1983 1307 2036 sepulcro.
1340 1985 1432 2035 Jure
1453 1985 1571 2036 igitur
1590 1984 1728 2037 gravis,
1750 1984 1862 2035 cujus

453 2051 499 2089 de
530 2050 708 2088 laudibus
739 2051 920 2088 omnium
955 2049 1043 2088 esset
1078 2049 1181 2088 fama
1207 2050 1461 2089 consentiens,
1494 2051 1625 2101 Qem
1658 2051 1785 2088 virum
1813 2051 1859 2088 P.

454 2115 643 2160 Crassum,
677 2128 800 2168 nuper
821 2114 1055 2153 Pontificem
1086 2116 1335 2154 maximum?
1367 2130 1484 2168 quem
1507 2116 1631 2168 postca
1652 2117 1715 2154 M.
1740 2115 1861 2168 Lepi-

452 2182 548 2220 dum
567 2182 703 2222 eodem
723 2180 933 2220 sacerdotio
962 2181 1171 2234 praeditum
1190 2182 1390 2220 vidimus?
1423 2183 1532 2232 Qid
1558 2183 1603 2219 de
1627 2182 1760 2227 Paulo,
1795 2191 1862 2220 aut

454 2247 640 2286 Africano
671 2249 805 2300 loquar
825 2248 838 2284 ?
869 2257 948 2293 aut,
981 2256 1024 2285 ut
1039 2248 1121 2299 jam
1141 2256 1242 2293 ante,
1277 2247 1324 2286 de
1347 2249 1527 2286 Maximo
1546 2249 1558 2285 ?
1591 2262 1759 2300 quorum
1780 2261 1859 2286 non

452 2315 491 2352 in
512 2314 697 2352 sententia
717 2313 857 2358 solum,
875 2313 938 2351 sed
957 2314 1075 2352 etiam
1094 2314 1135 2352 in
1157 2324 1269 2359 nutu,
1290 2314 1470 2353 residebat
1486 2315 1703 2352 auctoritas.
1726 2314 1858 2352 Habet

452 2379 635 2425 senectus,
656 2378 841 2418 honorata
871 2380 1093 2432 pracsertim,
1123 2390 1268 2419 tantam
1296 2381 1576 2425 auetoritatem,
1607 2389 1650 2418 ut
1675 2393 1717 2418 ea
1736 2380 1860 2433 pluris

451 2451 508 2496 sit,
530 2465 648 2504 quam
668 2464 803 2490 omncs
823 2451 1082 2490 adolescentia:
1102 2451 1330 2505 voluptate&

505 2518 661 2557 XVIII.
694 2518 764 2557 Sed
786 2518 825 2556 in
846 2520 955 2557 omni
975 2519 1146 2558 oratione
1166 2527 1417 2563 mementote,
1439 2532 1522 2557 cam
1542 2532 1605 2557 me
1628 2519 1779 2557 laudare
1800 2517 1858 2556 se-

451 2586 658 2630 nectutem,
680 2599 765 2638 quae
782 2583 1045 2624 fundamentis
1066 2585 1325 2624 adolescentia·
1339 2586 1545 2624 constituta
1562 2586 1605 2624 s1t
1622 2604 1633 2630 ς
1656 2600 1702 2624 ex
1723 2598 1801 2637 quo
1818 2584 1858 2623 id

450 2650 628 2697 efficitur,
651 2651 754 2704 quod
775 2665 862 2705 ego,
880 2666 1022 2707 magno
1041 2652 1238 2706 quondam
1260 2666 1352 2691 cum
1373 2651 1515 2691 ass‘cnsu
1534 2652 1728 2697 omnium,
1746 2650 1825 2690 dixi
1839 2667 1854 2695 ;
