2223 3003
681 229 960 270 LIBER
1017 227 1516 268 SECUNDUS.
1751 230 1800 271 61

404 329 511 368 enim
544 329 750 367 tristiffima
783 337 871 367 exta
903 328 980 367 fine
1012 328 1137 380 capite
1162 326 1333 373 fuerunt,
1364 328 1505 380 quibus
1527 326 1625 366 nihil
1652 327 1803 369 videtur

403 395 474 434 effe
494 396 628 440 dirius,
652 395 829 448 proxima
847 393 969 432 hostia
987 393 1119 432 litatur
1139 394 1232 447 saepe
1252 393 1525 446 pulcherrime.
1577 394 1658 433 Ubi
1682 395 1802 448 igitur

402 462 478 500 illae
499 462 614 500 minae
644 461 882 513 superiorum
913 460 1120 497 extorum?
1151 469 1216 498 aut
1249 473 1334 511 quae
1364 469 1442 499 tam
1477 460 1603 499 subito
1622 460 1720 500 facta
1746 462 1800 501 est

405 527 580 566 Deorum
602 535 706 563 tanta
724 524 886 576 placatio
904 523 918 559 ?

458 593 571 631 XVI.
603 591 675 629 Sed
693 589 818 634 affers,
838 589 879 626 in
899 588 998 627 tauri
1015 588 1141 641 opimi
1155 589 1268 634 extis,
1298 589 1526 628 immolante
1547 593 1702 639 Caesare,
1732 609 1798 634 cor

403 671 481 696 non
500 655 609 695 fuisse
625 670 635 694 z
666 655 707 693 id
737 655 829 707 quia
847 668 925 693 non
951 655 1122 707 potuerit
1139 655 1324 701 accidere,
1355 665 1398 693 ut
1418 656 1493 694 fine
1512 658 1625 695 corde
1644 661 1799 699 victima

402 723 469 762 illa
488 723 630 761 viveret
643 721 898 775 judicandum
918 721 989 759 effe
1008 731 1094 760 tum
1111 721 1274 760 interiffe
1293 736 1372 769 cor,
1407 737 1500 761 cum
1520 723 1796 766 immolaretur.

405 789 488 840 Qi
520 787 580 833 fit,
609 797 653 826 ut
681 787 846 826 alterum
876 787 1083 842 intelligas,
1113 788 1189 826 fine
1214 788 1328 826 corde
1357 802 1435 826 non
1466 788 1626 842 potuisse
1660 790 1798 831 bovem

403 855 528 893 vivere
543 872 555 899 ς
586 853 750 892 alterum
770 867 848 892 non
868 854 1008 900 videas,
1039 869 1106 893 cor
1126 854 1252 892 subito
1273 868 1350 893 non
1378 855 1538 908 potuifl‘e
1569 856 1694 895 nescio
1720 858 1800 910 quo

403 919 549 958 avolare
566 920 579 957 ?
611 920 698 974 Ego
717 920 821 959 enim
850 919 1002 974 poffum
1022 921 1081 959 vel
1102 920 1259 966 nescire,
1278 935 1364 974 quae
1383 922 1439 960 vis
1467 922 1512 960 fit
1533 922 1656 961 cordis
1676 924 1722 962 ad
1738 926 1800 962 vi-

403 987 585 1032 vendum,
615 987 674 1025 vel
695 987 886 1041 suspicari,
916 989 1138 1026 contactum
1158 987 1287 1040 aliquo
1307 987 1458 1033 morbo,
1490 989 1599 1027 bovis
1619 990 1730 1035 exile,
1761 1000 1802 1029 et

404 1053 608 1106 exiguum,
628 1062 667 1091 et
685 1053 833 1092 vietum
853 1067 932 1098 cor,
957 1063 994 1092 et
1014 1053 1194 1092 diffimile
1211 1053 1336 1092 cordis
1357 1052 1480 1092 fuiffe.
1512 1056 1578 1093 Tu
1599 1069 1686 1093 vero
1706 1057 1803 1109 quid

402 1118 534 1165 habes,
551 1133 666 1172 quare
685 1129 810 1172 putes,
828 1120 853 1158 fi
870 1120 986 1172 paulo
1003 1129 1089 1158 ante
1108 1133 1173 1158 cor
1192 1119 1308 1158 fuerit
1328 1121 1368 1158 in
1389 1129 1495 1159 tauro
1510 1122 1657 1174 opimo,
1674 1122 1801 1161 subito

402 1186 442 1223 id
463 1186 502 1223 in
533 1185 611 1238 ipsa
630 1185 898 1223 immolatione
929 1184 1094 1222 interisse
1112 1186 1125 1222 ?
1156 1198 1217 1230 an,
1239 1186 1344 1238 quod
1363 1186 1532 1238 adspexit
1552 1187 1687 1226 vestitu
1704 1202 1800 1240 pur-

402 1264 522 1304 pureo
541 1250 745 1289 excordem
767 1250 968 1295 Caesarem,
1000 1249 1079 1303 ipse
1099 1250 1211 1289 corde
1231 1251 1399 1303 privatus
1420 1251 1500 1288 est?
1538 1252 1686 1290 Urbem
1706 1253 1800 1305 phi-

402 1315 600 1369 losophiae,
632 1315 876 1361 mihicrede,
911 1316 1088 1368 proditis,
1118 1316 1214 1355 dum
1245 1316 1394 1354 castella
1413 1315 1630 1356 defenditis.
1678 1319 1801 1364 Nam,

403 1383 498 1422 dum
518 1382 801 1436 haruspicinam
834 1396 962 1421 veram
982 1383 1054 1421 effe
1083 1383 1215 1428 vultis,
1246 1382 1524 1436 physiologiam
1558 1393 1679 1422 totam
1713 1398 1801 1437 per-

403 1450 564 1488 vertitis.
611 1450 739 1502 Caput
769 1449 821 1487 est
840 1449 880 1487 in
895 1449 1037 1501 jecore,
1072 1463 1139 1487 cor
1158 1449 1197 1487 in
1218 1450 1314 1487 extis
1334 1464 1343 1487 ε
1369 1450 1452 1501 jam
1472 1450 1657 1496 abscedet,
1686 1450 1802 1489 simul

404 1527 446 1551 ac
467 1514 612 1552 molam
631 1524 669 1552 et
689 1515 824 1552 vinum
843 1514 1071 1567 insperseris.
1104 1516 1210 1553 Deus
1231 1515 1271 1552 id
1298 1515 1433 1567 eripiet
1447 1533 1459 1559 3
1481 1515 1537 1553 vis
1557 1516 1684 1568 aliqua
1703 1530 1800 1554 con-

403 1579 521 1624 ficiet,
538 1589 604 1617 aut
617 1580 765 1617 exedet.
787 1580 881 1617 Non
897 1594 986 1632 ergo
1002 1581 1183 1618 omnium
1199 1581 1375 1618 interitus
1391 1590 1504 1632 atque
1520 1582 1649 1619 obitus
1666 1591 1800 1619 natura

405 1644 608 1689 conficiet3
640 1655 678 1682 et
697 1645 769 1681 erit
787 1644 948 1696 aliquid,
965 1645 1070 1696 quod
1087 1655 1151 1682 aut
1171 1658 1218 1682 ex
1237 1644 1362 1682 nihilo
1378 1646 1533 1690 oriatur,
1555 1655 1620 1682 aut
1635 1647 1674 1683 in
1692 1646 1801 1684 nihi-

405 1711 489 1748 lum
506 1710 632 1748 subito
647 1710 810 1748 occidat.
847 1710 948 1760 Qis
968 1709 1042 1748 hoc
1060 1709 1237 1763 physicus
1259 1711 1358 1748 dixit
1380 1712 1574 1762 unquam?
1607 1712 1799 1764 Haruspi-

404 1788 464 1812 ces
485 1774 634 1813 dicunt.
676 1774 753 1812 His
773 1773 904 1826 igitur,
937 1788 1054 1826 quam
1073 1773 1252 1827 physicis,
1271 1775 1400 1827 potius
1420 1776 1652 1815 credendum
1668 1777 1799 1815 existi-

403 1854 483 1879 mas
503 1841 515 1877 ?

457 1906 590 1944 XVII.
625 1905 747 1957 Qid‚
768 1903 859 1943 cum
880 1905 1055 1958 pluribus
1074 1905 1162 1944 Diis
1182 1905 1421 1952 immolatur,
1452 1908 1520 1959 qui
1538 1907 1692 1945 tandem
1712 1922 1800 1947 eve-

402 1971 475 2017 nit,
508 1980 552 2009 ut
583 1971 715 2009 litetur
735 1971 833 2016 aliis,
864 1971 947 2009 aliis
967 1985 1045 2010 non
1077 1972 1239 2010 litetur?
1271 1973 1371 2023 Qae
1400 1982 1527 2012 autem
1549 1974 1801 2013 inconstantia

404 2039 581 2076 Deorum
599 2037 665 2082 est,
701 2047 744 2075 ut
774 2037 910 2090 primis
941 2038 1140 2076 minentur
1156 2039 1269 2083 extis,
1300 2038 1397 2076 bene
1418 2040 1647 2091 promittant
1663 2040 1798 2079 secun-

404 2104 461 2141 dis
481 2104 493 2140 ?
524 2113 589 2142 aut
609 2113 712 2142 tanta
740 2105 839 2142 inter
858 2117 921 2143 eos
943 2104 1126 2150 dissensio,
1147 2104 1241 2158 saepe
1261 2105 1376 2143 etiam
1398 2106 1495 2143 inter
1515 2107 1726 2158 proximos,
1758 2116 1800 2145 ut

402 2169 599 2222 Apollinis
619 2178 705 2208 exta
724 2170 823 2208 bona
838 2170 924 2215 sint,
944 2170 1078 2208 Dianae
1098 2184 1174 2208 non
1197 2171 1295 2208 bona
1313 2171 1326 2206 ?
1357 2171 1465 2222 Qid
1481 2171 1533 2208 est
1554 2181 1631 2209 tam
1652 2172 1796 2224 perspi-

403 2248 538 2281 cuum,
559 2249 690 2287 quam,
721 2249 814 2273 cum
833 2235 996 2274 fortuito
1016 2235 1147 2274 hossiae
1166 2236 1415 2281 adducantur,
1447 2237 1534 2274 talia
1555 2238 1694 2289 cuique
1713 2248 1800 2276 exta

403 2300 488 2346 effe,
519 2301 642 2354 qualis
663 2302 805 2354 cuique
822 2302 1003 2355 obtigerit
1018 2301 1168 2340 hostia?
1198 2303 1253 2340 At
1273 2303 1377 2341 enim
1397 2303 1436 2340 id
1453 2303 1578 2355 ipsum
1600 2302 1713 2341 habet
1727 2304 1797 2341 ali-

403 2366 498 2416 quid
530 2366 667 2412 divini,
695 2381 780 2420 quae
805 2368 946 2420 cuique
974 2367 1095 2406 hostia
1115 2368 1318 2421 obtingat3
1352 2378 1532 2420 tanquam
1559 2369 1596 2406 in
1620 2368 1796 2413 sortibus,

406 2442 492 2480 quae
518 2432 582 2470 cui
602 2432 777 2472 ducatur.
819 2434 920 2472 Mox
941 2433 987 2472 de
1009 2433 1198 2473 sortibus:
1229 2447 1450 2486 quanquam
1472 2443 1513 2471 tu
1535 2434 1694 2486 quidem
1721 2448 1797 2471 non

406 2492 614 2535 hostiarum
633 2499 762 2538 casum
781 2499 985 2540 confirmas
1001 2500 1161 2540 sortium
1176 2500 1439 2546 similitudine,
1456 2500 1516 2538 scd
1533 2499 1700 2538 infirmas
1719 2499 1797 2537 sor-

408 2568 462 2600 tes
479 2560 683 2601 collatione
698 2562 921 2605 hostiarum.
