2223 3003
725 228 1002 273 LIBER
1059 229 1483 270 TERTIUS.
1729 243 1798 284 171

405 334 566 390 populo,
589 333 629 372 in
649 347 736 387 qua,
760 333 870 372 bonis
890 332 1154 386 ignorantibus
1176 331 1269 385 quid
1291 330 1451 384 quisque
1472 328 1638 375 sentiret,
1667 329 1805 369 tabella

409 402 590 441 vitiosum
610 400 818 439 occultaret
838 398 1076 451 suffragium.

447 468 559 506 XVI.
583 468 717 519 Itaque
737 465 796 503 isti
816 465 954 503 rationi
974 478 1098 517 neque
1118 464 1214 503 lator
1233 463 1437 516 quisquam
1454 463 1506 503 est
1527 464 1717 509 inventus,
1735 476 1805 502 nec

410 535 540 572 auetor
561 545 748 585 umquam
769 530 906 568 bonus.
930 532 1026 568 Sunt
1043 530 1146 567 enim
1159 538 1323 581 quatuor
1343 530 1443 582 leges
1461 530 1685 568 tabellariae:
1709 544 1805 582 qua-

410 614 497 638 rum
519 599 642 652 prima
660 597 706 635 de
726 595 1007 648 magistratibus
1038 595 1262 633 mandandis
1278 613 1287 639 ς
1320 608 1362 632 ea
1380 595 1431 633 est
1453 596 1632 641 Gabinia,
1665 596 1738 635 lata
1759 597 1805 634 ab

410 663 571 702 homine
590 663 725 714 ignoto
744 670 781 698 et
800 660 964 698 sordido.
1008 661 1145 698 Secuta
1164 660 1320 698 biennio
1339 659 1422 712 post
1443 660 1564 698 Caffia
1583 661 1648 705 est,
1670 662 1716 700 de
1736 676 1807 714 po-

409 728 673 782 pulijudicio.
717 728 774 766 Ea
803 740 823 764 a
842 726 964 765 nobili
982 725 1143 765 homine
1174 727 1248 766 lata
1267 725 1333 770 est,
1367 727 1414 765 L.
1439 725 1577 771 Caffio,
1613 727 1687 772 sed,
1718 742 1808 781 pace

408 794 570 833 familiae
589 793 769 839 dixerim,
790 792 988 832 diffidente
1008 806 1029 831 a
1056 793 1182 838 bonis,
1203 801 1317 845 atque
1337 792 1446 830 omni
1475 792 1715 830 rumusculos
1736 808 1808 845 po-

410 862 561 914 pulares
582 861 726 900 ratione
743 870 969 914 aucupante.
999 861 1187 900 Carbonis
1203 861 1255 899 est
1271 859 1380 899 tertia
1397 859 1443 898 de
1457 859 1639 912 jubendis
1659 860 1809 912 legibus

411 939 455 965 ac
476 928 660 973 vetandis,
681 927 841 965 seditiosi
863 937 976 980 atque
995 927 1167 980 improbi
1186 927 1304 966 civis:
1338 927 1402 965 cui
1421 940 1469 965 ne
1487 926 1631 965 reditus
1651 927 1811 979 quidem

410 994 459 1032 ad
479 994 600 1033 bonos
621 994 779 1032 salutem
801 1008 822 1032 a
842 994 952 1032 bonis
972 995 1101 1047 potuit
1119 993 1265 1033 afferre.

469 1062 561 1099 Uno
582 1061 622 1098 in
642 1074 778 1113 genere
798 1061 967 1113 relinqui
996 1061 1196 1100 videbatur
1214 1060 1319 1100 vocis
1339 1059 1578 1113 suffragium,
1610 1058 1716 1112 quod
1736 1058 1814 1111 ipse

414 1127 561 1165 Caflius
599 1136 814 1179 exceperat,
851 1126 1137 1180 perduellionis.
1196 1127 1318 1166 Dedit
1351 1126 1445 1165 huic
1478 1140 1637 1180 quoque
1662 1125 1814 1178 judicio

415 1194 558 1232 Caelius
590 1193 785 1238 tabellam,
817 1193 1039 1246 docuitque,
1072 1194 1199 1246 quoad
1218 1195 1329 1239 vixit,
1363 1193 1412 1239 se,
1440 1202 1483 1232 ut
1508 1194 1742 1246 opprimeret
1763 1192 1812 1230 C.

414 1259 629 1312 Popilium,
650 1258 817 1297 nocuiffe
836 1268 873 1296 et
893 1259 1126 1312 reipublicae.
1171 1260 1226 1298 Et
1245 1273 1334 1298 avus
1355 1260 1515 1312 quidem
1540 1257 1664 1297 noster
1683 1259 1813 1310 singu-

415 1324 484 1362 lari
502 1325 645 1363 virtute
664 1325 704 1362 in
725 1323 800 1362 hoc
821 1325 1051 1378 municipio,
1084 1325 1210 1378 quoad
1242 1325 1354 1370 vixit,
1387 1324 1524 1362 restitit
1554 1325 1692 1362 Marco
1713 1325 1814 1361 Gra-

417 1390 527 1436 tidio,
558 1392 667 1445 cujus
698 1391 739 1429 in
773 1391 1022 1430 matrimonio
1048 1391 1229 1437 sororem,
1265 1391 1388 1430 aviam
1420 1390 1600 1436 nostram,
1635 1389 1815 1435 habebat,

416 1455 556 1494 ferenti
576 1458 702 1509 legem
721 1456 971 1496 tabellariam.
1000 1457 1208 1496 Excitabat
1225 1457 1331 1496 enim
1352 1456 1490 1496 fluctus
1510 1456 1551 1495 in
1572 1455 1752 1510 fimpulo,
1774 1464 1818 1493 ut

418 1519 575 1565 dicitur,
597 1521 812 1566 Gratidius,
843 1536 939 1574 quos
960 1522 1044 1575 post
1062 1515 1166 1561 filius
1185 1523 1268 1575 ejus
1291 1522 1443 1561 Marius
1464 1523 1503 1561 in
1519 1523 1653 1575 AEgaeo
1672 1521 1815 1560 excita-

419 1586 476 1624 vit
510 1587 621 1625 mari.
668 1589 728 1625 Ac
761 1587 886 1625 nostro
916 1588 1075 1640 quidem
1109 1602 1192 1633 avo,
1227 1602 1320 1627 cum
1354 1601 1411 1626 res
1433 1587 1521 1626 effet
1551 1588 1597 1626 ad
1616 1587 1652 1626 se
1681 1586 1816 1631 delata,

421 1653 583 1691 Scaurus
605 1652 765 1698 Consul,
789 1653 949 1698 Utinam,
970 1653 1114 1706 inquit,
1146 1654 1280 1692 Marce
1311 1652 1448 1698 Cice'ro,
1481 1652 1540 1706 3720
1568 1651 1684 1691 animo
1711 1662 1820 1706 atque

418 1718 564 1757 virtute
592 1719 629 1757 in
647 1719 793 1771 stcmma
822 1718 1004 1772 republica
1036 1719 1208 1772 nobfium
1227 1718 1381 1772 verstzri,
1411 1733 1517 1772 quam
1546 1718 1584 1757 in
1615 1718 1824 1772 municipali

418 1784 618 1838 maluff’s!
649 1784 931 1836 Qamobrem,
961 1785 1146 1837 quoniam
1165 1798 1244 1823 non
1264 1784 1571 1837 recognoscimus
1593 1798 1697 1823 nunc
1717 1784 1817 1838 leges

419 1851 557 1903 populi
576 1849 760 1895 Romani,
791 1849 854 1888 sed
873 1859 938 1888 aut
957 1851 1165 1902 repetimus
1192 1859 1352 1902 ereptaS,
1371 1858 1436 1887 aut
1456 1862 1570 1887 novas
1589 1850 1792 1888 scribimus
1804 1868 1817 1895 ς

419 1929 498 1953 non
519 1915 613 1967 quid
634 1915 681 1952 ab
710 1913 786 1952 hoc
816 1914 961 1966 populo
989 1915 1155 1953 obtineri
1175 1915 1302 1967 poffit,
1332 1913 1394 1953 sed
1420 1914 1516 1967 quid
1535 1915 1732 1968 optimum
1760 1916 1819 1961 fit,

420 1981 494 2019 tibi
513 1980 722 2019 dicendum
741 1989 852 2033 puto.
881 1980 990 2019 Nam
1010 1981 1141 2019 Caffiae
1160 1981 1254 2034 legis
1274 1981 1430 2034 culpam
1451 1980 1582 2034 Scipio
1601 1989 1690 2021 tuus
1710 1981 1822 2020 susti-

420 2056 500 2092 net,
522 2060 600 2099 quo
619 2048 770 2085 auetore
787 2046 863 2086 lata
879 2046 952 2086 effe
972 2047 1129 2086 dicitur.
1161 2048 1242 2093 Tu,
1274 2047 1299 2085 fi
1321 2047 1557 2086 tabellariam
1577 2047 1724 2094 tuleris,
1744 2047 1823 2101 ipse

422 2112 625 2165 praestabis.
670 2112 758 2151 Nec
778 2113 884 2152 enim
904 2112 1005 2152 mihi
1024 2114 1164 2167 placet,
1187 2127 1256 2154 nec
1277 2113 1412 2152 Attico
1432 2112 1570 2160 nostro,
1593 2123 1782 2168 quantum
1800 2127 1824 2153 e

423 2178 536 2217 vultu
557 2180 637 2231 ejus
657 2178 850 2231 intelligo.

478 2245 612 2284 XVII.
644 2246 870 2283 ATT1cus.
893 2243 1001 2283 Mihi
1022 2258 1110 2283 vero
1130 2242 1229 2283 nihil
1257 2258 1430 2298 unquam
1449 2245 1634 2299 populare
1652 2245 1822 2300 placuit;

421 2325 587 2365 eamque
624 2312 814 2366 optimam
848 2311 1132 2365 rempublicam
1165 2311 1236 2350 effe
1269 2312 1385 2358 duco,
1434 2326 1551 2366 quarn
1583 2311 1649 2352 hic
1681 2312 1824 2352 Consul

425 2383 686 2429 constituerat,
720 2396 804 2436 quae
825 2382 870 2422 s1t
895 2383 934 2421 in
957 2383 1180 2436 potestatem
1201 2384 1456 2436 optimorum.
1502 2384 1720 2423 MARcus.
1744 2385 1824 2422 Vos

427 2449 604 2494 demum,
638 2459 683 2489 ut
700 2450 826 2495 video,
858 2449 984 2503 legem
1004 2449 1224 2501 antiquastis
1256 2449 1331 2488 fine
1352 2450 1505 2489 tabella.
1552 2450 1623 2489 Sed
1643 2464 1728 2504 ego,
1761 2449 1825 2487 etsi

431 2514 514 2552 satis
534 2515 633 2554 dixit
651 2531 720 2569 pro
751 2517 849 2555 sein
879 2517 958 2554 illis
991 2516 1099 2555 libris
1130 2516 1272 2568 Scipio,
1309 2525 1438 2555 tamen
1470 2517 1686 2556 libertatem
1717 2515 1825 2554 istam

431 2579 568 2634 largior
601 2582 760 2634 popu10‚
794 2592 893 2623 utet
913 2583 1132 2623 auctoritate
1151 2582 1312 2629 valeant,
1346 2592 1385 2621 et
1407 2592 1561 2621 utantur
1596 2581 1719 2621 bonis.
1766 2581 1827 2620 Sic

1435 2649 1470 2686 Y
1504 2660 1525 2687 2
