2223 3003
353 358 384 386 p.

355 397 411 425 303

616 246 906 287 VARIAE
992 245 1545 288 LECTIONES.

456 396 470 425 ς
493 396 521 415 es
535 386 701 415 nobilitatus
714 399 729 417 n
742 388 776 424 est
789 385 912 414 nobilitas

455 426 474 455 6
496 427 562 455 Sex.
576 427 671 455 AElius
686 427 710 454 E
727 439 751 460 n,
764 439 786 460 a,
797 439 823 459 ν,
837 425 864 461 ψ
885 427 977 456 Sextus
990 427 1063 456 Emi·

543 467 594 495 lius·

432 520 477 528 —-
497 506 594 535 multis
610 505 633 533 E
647 514 671 534 e!
681 505 768 534 mdn's

434 561 475 569 ·—-
495 545 573 574 aunis
589 559 602 576 n
616 546 643 574 d.

433 599 475 608 —-
496 585 690 614 Coruncanius
705 584 729 613 E
741 584 965 618 cerr-nennium,
975 585 1000 619 ψ
1012 586 1064 614 Co-

540 635 668 653 furanus

449 673 468 702 7
489 663 743 703 praescribebantur
756 664 780 691 E
795 664 825 693 U
841 664 1064 702 perfiribebantur

540 704 566 735 sla
578 703 782 739 describebantur

439 753 475 773 10
495 745 600 772 Orator
612 756 636 776 a,
646 742 674 778 ψ
690 743 774 772 Lelius
787 750 874 771 orator

432 798 473 805 —-
494 783 632 811 senectute
647 783 669 810 E
683 784 845 819 instruente

438 831 448 851 1
459 832 469 850 ι
493 823 577 852 etiam
593 823 618 851 E
631 823 658 851 d.

433 877 475 884 —
494 863 597 891 virium
611 863 637 897 ᾧ
650 866 750 892 virium
763 864 934 900 etsonon'mte
943 863 1018 891 'vocis

437 911 470 940 13
494 902 627 939 equidem
644 903 666 930 E
681 905 779 941 quidem

432 956 474 963 —
493 942 570 970 amifi
587 943 610 970 E
623 945 718 971 admiG

433 996 474 1003 —
494 991 581 1010 annos
596 983 619 1010 E
634 984 644 1009 i
664 983 693 1010 Ν
709 983 738 1011 U
752 996 777 1017 η,
792 995 816 1016 ο,
826 996 853 1016 υ,
865 983 890 1017 ψ
902 992 981 1011 annos
991 992 1053 1010 meos

438 1030 475 1058 14
496 1021 623 1059 facitque
637 1023 750 1060 Nfacit

437 1070 447 1090 1
456 1071 470 1099 ς
494 1061 616 1099 persaepe
632 1062 690 1099 ipsa
701 1063 726 1097 ψ
737 1070 785 1100 per
795 1062 875 1100 ipsam
882 1063 956 1100 saepe

438 1100 473 1129 16
497 1101 583 1139 QOd
600 1102 623 1129 Ε
640 1102 650 1131 Ῑ
668 1103 696 1130 Ν
713 1103 738 1130 U
754 1101 985 1141 mnusssquam

438 1150 473 1178 17
496 1142 571 1169 enim
589 1142 611 1169 E
625 1145 689 1170 enim
701 1145 766 1171 enim

438 1189 473 1218 19
495 1190 530 1208 ne
545 1190 590 1209 eas
605 1182 628 1210 E
641 1191 665 1209 er
680 1182 728 1210 bas

432 1234 474 1242 —
493 1220 686 1258 relinquemus
708 1221 732 1250 E
755 1221 926 1261 relinquamus
949 1233 964 1250 ν
986 1220 1066 1250 relin-

560 1272 641 1289 Ulmus

434 1314 473 1322 —
494 1272 717 1330 adoqlescentulos
730 1302 754 1330 E
770 1301 782 1330 1
797 1301 827 1330 N
842 1313 866 1335 n,
881 1314 904 1335 a,
919 1314 944 1334 v,
959 1302 986 1336 ψ
1002 1302 1065 1330 ado-

541 1340 657 1375 lescenm

434 1388 467 1408 21
494 1379 548 1408 Cn.
563 1386 592 1407 et
605 1379 637 1408 P.
654 1379 810 1418 Scipiones,
830 1389 859 1410 et
873 1381 919 1409 avi
941 1380 982 1410 tui
1003 1380 1026 1408 E
1040 1381 1065 1415 ψ

537 1427 561 1447 ee
575 1419 624 1447 Cn.
640 1421 771 1458 Pompeius
792 1431 816 1451 et
831 1421 923 1451 Publii
944 1424 1067 1459 sapiam

541 1468 619 1486 ‘llam
632 1468 670 1487 ῙΠΙ
685 1471 738 1488 bv!

440 1507 477 1525 22
499 1496 530 1525 P.
543 1498 577 1526 'E
592 1499 702 1527 Publius

435 1551 476 1559 -—
495 1537 553 1565 duo
570 1539 590 1565 E
606 1540 653 1566 dno
665 1551 678 1566 o
693 1538 749 1566 Leli

439 1586 474 1614 23
499 1576 634 1606 fortunati
650 1579 671 1606 Ε
677 1581 815 1616 fortunati
827 1580 870 1616 effe

437 1626 475 1652 24
496 1626 551 1644 non
567 1617 590 1644 E
604 1630 615 1644 ο
629 1618 746 1654 nonfimt

438 1665 475 1724 ἔξ
496 1656 669 1725 Ιεξξῗιῐέῐῐηηίἰᾰὶ
685 1696 715 1725 U
729 1710 753 1731 η,
769 1710 791 1732 ι,
801 1695 828 1733 ψ
841 1700 906 1726 enim

439 1745 474 1771 27
499 1736 584 1764 tradit
598 1736 612 1763 Ι
626 1738 739 1765 tradidit

439 1784 475 1812 30
497 1775 571 1803 suam
588 1789 600 1805 η
616 1777 642 1806 d.

435 1829 476 1836 —
497 1815 598 1843 fastam
616 1814 644 1849 ψ
659 1816 684 1844 d.

435 1868 476 1876 -—
495 1855 683 1884 adolescentia
695 1856 719 1884 E
734 1855 770 1885 ab
782 1856 947 1893 adolescentia

438 1903 469 1931 3¹
495 1894 588 1923 fuiffet
597 1894 721 1932 defuerit

437 1949 478 1955 —
498 1935 547 1971 qui
565 1935 585 1962 E
600 1937 625 1962 d.

438 1983 475 2011 32
497 1973 630 2004 Pontifex
648 1975 671 2003 E
683 1984 707 2004 et
716 1977 837 2013 pontifex

434 2027 476 2035 —
498 2014 599 2052 viginti
616 2028 628 2045 η
643 2025 704 2043 xxx

437 2062 472 2090 33
495 2053 565 2081 duos
580 2064 667 2083 annos
690 2057 702 2084 Ι
718 2055 815 2084 duabus
826 2058 902 2085 annis
915 2056 945 2085 U
960 2060 1068 2095 quinque

544 2105 623 2122 alluo}

440 2142 479 2170 34
500 2134 654 2169 requireret
667 2147 693 2168 ιι,
707 2148 732 2167 v,
746 2135 772 2168 ψ
783 2138 922 2172 inquireret

358 2181 416 2210 304
463 2181 472 2200 1
500 2172 568 2200 rnihi
586 2173 637 2203 nd.

460 2221 475 2249 3
499 2220 530 2240 ut
548 2212 557 2239 Ι
573 2225 586 2242 η
600 2214 627 2240 d.

459 2261 479 2288 4
501 2251 554 2279 suis
571 2252 600 2280 N
615 2252 642 2280 d.

436 2306 477 2313 —
498 2291 608 2320 tertiam
631 2292 707 2320 enim
726 2291 786 2328 jam
809 2300 921 2323 aetatem
942 2293 972 2323 U
986 2298 1067 2324 tercia

541 2336 604 2359 enim
610 2334 670 2369 jam
685 2341 764 2360 aeeale

437 2385 478 2393 —
497 2371 612 2400 vivebat
627 2372 653 2406 ψ
666 2371 778 2400 videbat

460 2419 475 2448 5
500 2410 582 2438 nimis
597 2411 620 2439 E
633 2414 738 2440 nimium

459 2449 477 2477 6
499 2449 602 2487 loquax
618 2463 631 2481 η
646 2452 743 2489 loquens
758 2465 769 2479 ο
782 2452 809 2481 d.

439 2503 479 2513 —
499 2490 612 2520 Etenim
627 2491 652 2525 ψ
665 2491 711 2531 Est
724 2495 789 2520 eni-

1120 395 1179 424 304

1219 386 1237 414 6
1259 396 1294 414 ex
1308 386 1339 415 N
1352 387 1392 416 [ἐκ

1218 434 1234 462 7
1257 425 1363 455 fluebat
1378 428 1462 465 afluit

1197 480 1237 487 —
1257 476 1340 503 quam
1356 467 1391 495 ad
1407 468 1429 495 E
1440 469 1563 505 adquam
1577 467 1592 496 1
1605 479 1662 506 quae
1675 471 1714 498 ad

1220 507 1236 532 8
1257 506 1382 543 corporis
1396 519 1410 537 η
1424 516 1550 545 corporum

1196 558 1238 567 -—
1258 545 1391 583 nusquam
1407 555 1487 584 optat
1503 549 1523 575 E
1538 560 1648 586 unquam
1661 549 1759 584 optabit
1773 549 1787 578 1
1800 551 1826 586 ψ

1306 596 1434 623 nunquam
1462 587 1567 625 aptabat
1601 588 1625 617 U
1656 602 1671 618 ν
1697 601 1826 628 unquam

1303 632 1375 661 optat

1219 672 1237 700 9
1258 662 1361 693 habeat
1375 665 1398 693 E
1412 663 1517 694 baberet

1197 716 1238 724 —
1257 703 1366 737 decem,
1388 712 1416 732 at
1437 712 1466 733 ut
1486 705 1609 735 Nestoris
1625 708 1648 736 E
1662 709 1739 736 decen
1751 711 1827 738 viros

1296 744 1349 780 fid
1372 745 1484 779 Nestoris
1502 747 1552 781 sex
1579 759 1593 776 n
1620 749 1709 781 decem,
1739 757 1767 777 ae
1791 759 1822 777 v:

1304 783 1418 820 Nestori:

1195 836 1235 844 —
1255 822 1332 860 quod
1347 823 1370 850 E
1383 823 1510 860 quodfibi
1527 836 1551 858 ι,
1564 838 1588 861 υ,
1602 825 1722 864 slaestfibi

1201 870 1237 889 ιο
1258 861 1371 891 dubitat
1385 862 1408 890 E
1422 863 1560 893 dubitabat

1198 915 1237 923 -
1258 901 1290 929 fit
1302 901 1325 929 E
1340 903 1368 930 d.

1201 950 1211 969 l
1224 950 1232 969 1
1257 950 1312 979 ago
1326 955 1348 972 η,
1362 955 1376 969 ν
1388 953 1432 981 ego

1201 990 1235 1009 12
1256 981 1388 1019 equidem
1473 983 1565 1021 Cyrus
1580 983 1604 1012 E
1619 997 1643 1018 u,
1657 985 1718 1019 ψει
1735 986 1825 1015 vellem

1300 1023 1415 1088 guidem
1441 1023 1555 1061 gloriari
1582 1026 1648 1063 pff
1672 1027 1735 1055 idam
1762 1028 1830 1065 quod

1322 1072 1376 1090 mu

1202 1108 1235 1137 13
1258 1109 1333 1138 queo
1347 1101 1370 1129 E
1386 1113 1446 1140 quo
1458 1104 1527 1131 modo

1197 1155 1239 1162 —
1259 1149 1305 1168 me
1321 1153 1333 1170 η
1347 1142 1374 1170 d.

1197 1194 1238 1201 —
1257 1180 1372 1218 quidem
1387 1180 1422 1209 iis
1437 1182 1460 1210 E
1473 1184 1584 1221 equidem
1597 1183 1640 1211 his

1200 1228 1232 1257 ις
1256 1220 1387 1249 militaris
1403 1220 1430 1255 ψ
1443 1224 1554 1252 militum

1203 1260 1237 1287 16
1259 1260 1419 1297 depugnavi
1434 1262 1463 1290 N
1475 1265 1826 1302 pugnaviodepugnaverim

1197 1313 1239 1321 —
1257 1299 1314 1327 M?
1330 1301 1426 1328 Acilio
1440 1302 1599 1331 Glabrione
1616 1304 1636 1331 E
1651 1317 1663 1331 ο
1678 1305 1722 1331 Μ.
1733 1306 1828 1334 Accilio

1303 1340 1337 1368 L.
1354 1340 1493 1369 Glabrione
1506 1355 1519 1371 n
1533 1343 1577 1370 Μ.
1594 1343 1692 1371 Αέῐίίίο
1703 1344 1829 1375 Glabiono

1308 1380 1334 1413 ψ
1348 1380 1390 1407 Μ.
1402 1381 1499 1409 ΑθέΙὶο
1511 1389 1535 1409 et
1551 1383 1574 1409 C
1575 1381 1664 1411 abione

1199 1433 1240 1441 -—·
1260 1418 1382 1447 Consule
1397 1421 1419 1448 E
1436 1420 1448 1448 Ῑ
1461 1421 1600 1457 confidtbus
1614 1421 1645 1449 N
1658 1423 1684 1451 d.

1204 1467 1237 1494 ¹7
1259 1459 1402 1486 enervavit
1417 1459 1443 1493 ψ
1457 1466 1596 1490 enarravit

1199 1512 1240 1519 —
1261 1507 1311 1525 nee
1324 1499 1424 1526 afflixit
1439 1500 1462 1527 E
1477 1514 1500 1532 η,
1513 1512 1534 1532 α’,
1548 1511 1571 1529 et
1584 1514 1631 1530 non
1643 1505 1740 1541 afflixit
1757 1505 1771 1533 1
1781 1506 1807 1536 d.

1205 1546 1240 1574 19
1263 1547 1312 1565 nec
1327 1548 1402 1565 enlm
1421 1551 1433 1568 η
1445 1551 1487 1567 nec
1501 1549 1564 1568 certe
1576 1555 1588 1569 0
1602 1553 1650 1571 non
1660 1548 1725 1573 enim

1202 1586 1239 1604 20
1259 1577 1431 1615 laudatoque
1443 1580 1469 1613 ψ
1479 1589 1569 1608 ornato

1202 1626 1234 1645 21
1261 1617 1329 1644 velis
1344 1618 1366 1645 E
1382 1631 1393 1645 ο
1406 1619 1474 1646 velit

1199 1671 1240 1678 —
1261 1657 1341 1685 senex
1355 1670 1366 1687 ν,
1374 1658 1456 1693 senem

1201 1711 1240 1717 -—
1262 1695 1351 1724 senem
1367 1697 1474 1734 Esenex

1201 1751 1240 1757 —
1262 1737 1375 1764 mallem
1392 1751 1404 1767 η
1417 1738 1508 1766 vellem

1203 1786 1237 1804 22
1259 1786 1343 1813 quam
1359 1778 1438 1805 essem
1451 1791 1463 1808 η
1477 1787 1551 1817 anteq
1561 1789 1571 1806 .·
1581 1782 1688 1819 fiqffin

1201 1831 1241 1837 --
1262 1815 1361 1853 Itaque
1377 1818 1389 1844 1
1404 1818 1447 1845 Ita

1204 1865 1238 1893 23
1262 1856 1353 1884 voluit
1369 1857 1391 1884 E
1406 1870 1431 1890 n,
1445 1871 1456 1885 ο
1470 1858 1560 1886 valuit
1575 1859 1589 1886 1
1603 1859 1634 1887 N
1648 1861 1740 1891 maluit

1202 1911 1242 1918 --
1261 1895 1307 1923 cui
1323 1896 1345 1923 E
1362 1896 1418 1924 IN
1436 1897 1463 1926 U
1480 1911 1503 1930 η,
1519 1900 1692 1938 ο,υ,ψᾳωή

1200 1944 1238 1971 24
1260 1935 1363 1964 utervis
1378 1950 1390 1967 n
1406 1939 1536 1975 mnusque
1550 1952 1562 1966 ο
1576 1948 1633 1968 uter

1203 1984 1237 2013 25
1261 1976 1431 2004 centurionis
1445 1978 1466 2004 E
1482 1991 1493 2004 ο
1508 1978 1534 2006 d.

1200 2029 1240 2036 —-
1260 2024 1328 2042 num
1343 2028 1354 2042 ο
1368 2018 1431 2044 unde

1200 2070 1240 2077 —
1261 2055 1297 2082 est
1312 2068 1325 2082 υ
1339 2056 1364 2083 d.

1203 2094 1240 2123 26
1261 2094 1432 2131 praestantior
1447 2094 1470 2122 E
1477 2099 1644 2132 pra-stantior
1651 2100 1727 2129 vobis
1738 2110 1828 2140 nprae-

1299 2136 1413 2168 stantior
1426 2135 1495 2163 κούκ

1203 2188 1244 2194 -
1263 2174 1348 2201 modo
1364 2174 1384 2201 E
1401 2187 1413 2204 η
1428 2186 1490 2203 vero
1503 2188 1515 2202 a
1529 2178 1556 2204 d.

1201 2228 1242 2235 —
1264 2221 1371 2242 tantum
1387 2213 1410 2241 E
1425 2223 1509 2243 tamen

1203 2262 1239 2290 27
1260 2263 1302 2282 nae
1318 2254 1366 2282 ilie
1383 2263 1438 2281 non
1454 2255 1476 2282 E
1492 2266 1533 2283 nec
1545 2256 1588 2284 ille
1600 2261 1697 2296 quidem
1710 2260 1725 2288 1
1739 2274 1762 2295 n,
1777 2274 1788 2289 ο
1801 2272 1829 2291 ιιι

1308 2294 1352 2321 ille
1365 2297 1462 2332 quadem
1479 2295 1506 2323 U
1517 2307 1559 2325 ιιι
1572 2298 1616 2326 ille

1205 2335 1240 2361 28
1263 2343 1311 2370 per
1324 2334 1349 2367 ψ
1356 2337 1428 2371 pedes
1436 2342 1484 2371 per

1201 2387 1241 2395 —
1261 2373 1313 2401 esse
1326 2387 1339 2401 u
1353 2374 1396 2403 ille

1204 2422 1241 2451 29
1261 2413 1385 2443 humeris
1401 2415 1423 2443 E
1438 2417 1611 2455 humerissuie

1201 2467 1242 2475 --
1261 2454 1357 2482 vivum
1374 2454 1403 2482 U
1417 2458 1444 2483 d.

1200 2505 1243 2517 ·-
1261 2491 1351 2531 igitur
1364 2507 1376 2523 ο
1387 2505 1446 2534 ergo
