2223 3003
445 260 522 300 292
841 244 944 283 DE
1019 242 1446 283 OFFICIIS

442 348 669 386 censuerunt
699 345 750 383 ob
771 357 854 382 eam
875 357 956 381 rem
976 342 1047 381 effe
1066 342 1312 388 laudandam,
1343 343 1448 396 quod
1468 341 1637 381 efficiens
1656 339 1753 380 effet.
1772 355 1848 381 vo-

443 413 615 466 luptatis.
665 410 818 461 Qibus
839 408 1034 455 obsoletis,
1066 409 1175 448 floret
1196 411 1404 463 Epicurus,
1438 409 1608 462 ejusdem
1626 407 1706 446 fere
1735 407 1854 459 adju-a.

443 489 503 517 tor
532 479 738 528 auctorque
768 475 976 515 sententiae.
1023 477 1127 515 Cum
1149 475 1210 515 his
1231 477 1321 515 viris
1340 476 1537 530 equisque,
1570 484 1615 514 ut
1633 474 1789 519 dicitur,
1819 471 1849 511 fi

443 544 681 583 honestatem
721 543 818 580 tueri
860 555 903 581 ac
943 543 1104 582 retinere
1142 543 1326 582 sententia
1364 543 1430 588 est,
1461 540 1736 581 decertandum
1768 538 1847 578 est:

444 624 533 649 nam
555 610 580 648 si
611 623 688 648 non
709 609 827 648 modo
863 609 1023 655 utilitas,
1057 609 1120 648 sed
1149 611 1227 648 vita
1247 611 1375 649 omn-is
1396 611 1516 656 beata,
1544 607 1714 662 corporis
1734 605 1855 645 firma.

444 677 730 721 constitutione,
760 675 917 728 ejusque
937 675 1220 715 constitutionis
1253 677 1317 730 spe
1337 676 1547 730 explorata,
1579 683 1624 714 ut
1652 687 1675 712 a
1694 673 1853 712 Metro-

444 743 538 783 doro
568 743 756 796 scriptum
788 742 855 787 est,
891 743 1140 788 cont-inetur;
1172 752 1274 781 certe
1306 742 1389 782 haec
1424 743 1585 788 utilitas,
1619 749 1658 779 et
1688 739 1856 793 quidem*

444 809 596 849 summa
611 810 679 862 (fic
692 809 797 847 enim
812 808 984 860 censent)
999 822 1090 846 cum
1113 807 1307 847 honestate
1319 809 1522 862 pugnabit.
1545 808 1671 853 Nam,
1685 805 1753 844 ubi
1766 804 1853 859 pri·-

445 875 557 915 mum
577 875 790 929 prudentiae
810 874 919 912 locus
939 873 1120 912 dabitur?
1152 887 1218 919 an,
1247 883 1289 912 ut
1310 875 1514 926 conquirat
1533 874 1705 926 undique
1725 871 1851 910 suavi-

444 951 539 981 tates
556 943 568 979 ?
591 941 723 992 Qam
744 939 858 977 miser
876 939 1028 978 virtutis
1043 938 1266 985 famulatus,
1284 939 1478 978 servientis
1497 939 1686 992 voluptati
1701 937 1718 975 !.
1732 936 1855 988 Qod

444 1019 573 1048 autem
590 1021 733 1048 munus
751 1006 963 1060 prudentia:
978 1006 991 1044 ?
1013 1020 1060 1045 an
1081 1006 1205 1060 legere
1219 1007 1480 1060 intelligenter
1495 1006 1708 1058 voluptates
1724 1005 1737 1041 ?
1759 1005 1858 1048 Fac,

444 1074 545 1114 nihil
565 1074 636 1113 isto
655 1072 724 1112 effe
738 1073 978 1125 jucundius;
1011 1073 1107 1126 quid
1126 1073 1286 1127 cogitari
1307 1072 1427 1126 potest
1448 1072 1626 1125 turpius?
1659 1071 1763 1123 Jam,
1784 1068 1859 1122 qui

446 1142 619 1180 dolorem
639 1140 840 1179 summum
871 1139 1022 1177 malum
1042 1139 1159 1184 dicat,
1192 1139 1294 1192 apud
1313 1152 1404 1177 eum
1435 1151 1554 1191 quem
1584 1135 1701 1176 habet
1719 1135 1856 1174 locum

446 1207 648 1253 fortitudo,
680 1220 765 1260 quae
791 1205 845 1244 est
863 1206 1042 1246 dolorum
1074 1206 1332 1260 laborumque
1358 1204 1630 1258 contemptio?
1662 1201 1859 1255 Qamvis

445 1275 551 1314 enim
571 1273 708 1312 multis
726 1273 768 1311 in
788 1271 884 1311 locis
911 1272 1015 1311 dicat
1029 1272 1222 1325 Epicurus
1252 1272 1366 1324 (sicut
1384 1270 1450 1310 hic
1465 1271 1578 1323 dicit)
1597 1269 1683 1308 satis
1703 1267 1858 1307 fortiter

447 1342 494 1381 de
514 1341 644 1380 dolore
659 1359 674 1386 ;
704 1348 835 1379 tamen
866 1353 945 1378 non
975 1339 1015 1377 id
1035 1338 1284 1392 spectandum
1303 1338 1370 1384 est,
1400 1338 1495 1392 quid
1521 1337 1637 1383 dicat,
1667 1335 1730 1375 sed
1759 1333 1859 1388 quid

446 1407 743 1447 consentaneum
775 1405 820 1444 fit
849 1405 884 1443 ei
919 1405 1060 1450 dicere,
1106 1405 1174 1458 qui
1219 1405 1321 1444 bona
1353 1404 1550 1458 voluptate
1577 1401 1856 1445 terminaverit,

449 1474 549 1512 mala
579 1473 734 1512 dolore:
776 1481 834 1516 ut,
866 1471 891 1509 fi
923 1471 1039 1509 illum
1069 1471 1221 1509 audiam
1253 1472 1299 1509 de
1318 1472 1557 1509 continentia
1576 1479 1614 1508 et
1635 1478 1857 1521 temperan-

448 1540 514 1585 tia,
545 1539 641 1578 dicit
670 1537 737 1575 ille
757 1537 918 1589 quidem
950 1535 1076 1574 multa
1106 1536 1241 1575 multis
1273 1536 1396 1575 locis:
1426 1535 1488 1574 sed
1522 1549 1618 1588 aqua
1647 1533 1780 1579 haeret,
1816 1542 1861 1571 ut.

448 1607 556 1644 aiunt
574 1619 582 1643 :
616 1617 706 1642 nam
726 1603 794 1656 qui
815 1602 1253 1656 potestatemperantiam
1274 1601 1424 1641 laudare
1445 1603 1489 1647 is,
1523 1602 1591 1655 qui
1614 1610 1729 1654 ponat
1749 1599 1857 1637 sum-

449 1687 561 1713 mum
593 1671 742 1710 bonum
778 1670 817 1708 in
858 1669 1083 1723 voluptate?
1126 1669 1194 1708 Est
1223 1669 1329 1708 enim
1363 1669 1612 1723 temperantia
1645 1667 1860 1707 libidinum

448 1739 634 1784 inimica,
667 1736 847 1776 libidines
867 1745 1012 1782 autem,
1035 1736 1324 1776 consectatrices
1344 1737 1566 1790 voluptatis.

504 1807 636 1857 Atque
667 1803 708 1841 in
739 1802 799 1841 his
822 1811 951 1841 tamen
982 1802 1107 1841 tribus
1127 1802 1344 1855 generibus,
1372 1817 1532 1856 quoquo
1553 1802 1670 1841 modo
1693 1800 1861 1855 poffunt,

452 1885 528 1911 non
550 1869 728 1909 incallide
750 1869 1056 1920 tergiversantur.
1102 1869 1352 1907 Prudentiam
1373 1870 1641 1913 introducunt,
1663 1869 1863 1907 scientiam

454 1937 758 1991 suppeditantem
795 1934 1026 1987 voluptateS‚
1067 1933 1326 1986 depellentem
1358 1935 1521 1973 dolores.
1573 1934 1862 1973 Fortitudinem

452 2015 607 2057 quoque
627 2001 760 2053 aliquo
786 1999 904 2038 modo
925 1999 1151 2053 expediunt,
1187 2013 1280 2038 cum
1307 1999 1475 2044 tradunt,
1509 1999 1697 2038 rationem
1734 1998 1860 2050 negli-

452 2069 586 2123 gendae
606 2067 757 2111 mortis,
788 2065 1106 2119 perpetiendique
1129 2065 1286 2104 doloris.
1320 2066 1450 2104 Etiam
1473 2066 1766 2119 temperantiam
1798 2064 1863 2102 in-

452 2137 615 2180 ducunt,
638 2148 715 2173 non
737 2131 922 2171 facillime
942 2132 1001 2170 illi
1021 2132 1195 2185 quidem,
1225 2132 1285 2171 scd
1306 2142 1433 2171 tamen
1455 2147 1615 2186 quoquo
1637 2132 1753 2171 modo
1774 2130 1862 2184 pos-

456 2203 565 2242 sunt:
599 2202 735 2240 dicunt
755 2199 877 2244 enim,
906 2198 1114 2253 voluptatis
1137 2199 1447 2252 magnitudinem
1470 2200 1611 2238 doloris
1633 2199 1865 2237 detractione

456 2269 570 2307 finiri.
603 2267 756 2319 Justitia
789 2265 956 2310 vacillat,
993 2265 1051 2303 vel
1077 2266 1179 2317 jacet
1200 2266 1343 2318 potiuS,
1379 2265 1587 2318 omnesque
1618 2279 1669 2303 eae
1690 2265 1864 2307 virtutes,

456 2349 541 2389 qucc
563 2334 602 2371 in
622 2333 906 2372 communitate
926 2341 1150 2377 cernuntur,
1182 2342 1219 2370 et
1240 2332 1279 2370 in
1302 2331 1477 2370 societate
1504 2331 1653 2384 generis
1675 2329 1834 2368 humani
1852 2345 1861 2368 :

457 2415 580 2455 neque
600 2399 705 2437 enim
728 2399 893 2444 bonitas,
918 2413 985 2437 nce
1008 2397 1229 2443 liberalitas,
1262 2411 1330 2436 nec
1352 2398 1516 2436 comitas
1536 2396 1606 2435 ell'c
1629 2397 1762 2449 potest,
1788 2410 1865 2434 non

457 2468 544 2522 plus
566 2480 683 2520 quam
705 2466 889 2510 amicitia,
923 2465 946 2504 si
970 2464 1050 2504 haec
1074 2478 1149 2504 non
1171 2479 1236 2518 per
1258 2464 1291 2503 sc
1312 2473 1552 2517 expetantur,
1580 2463 1639 2501 scd
1660 2464 1704 2501 ad
1727 2463 1866 2517 volup-

459 2544 577 2574 tatem
599 2533 854 2571 utilitatemve
876 2531 1099 2570 referantur.

514 2600 706 2640 XXXIV.
740 2597 996 2639 Conferamus
1037 2598 1155 2653 igitur
1188 2598 1228 2637 in
1258 2611 1402 2651 pauca:
1442 2610 1547 2645 nam,
1583 2607 1625 2636 ut
1658 2596 1865 2636 utilitatem
