2223 3003
510 277 585 332 380
799 272 1608 314 PHILOSOPHICORUM

560 373 788 411 effodiantur
807 371 927 416 oculi,
959 371 1177 416 damnetur,
1210 372 1414 416 vinciatur,
1446 379 1590 418 uratur,
1615 372 1907 420 exterminetur,

559 448 665 491 egeat
681 457 691 483 ς
725 438 917 490 postremo
943 439 1030 490 jure
1050 439 1168 476 etiam
1188 439 1340 492 optimo
1359 439 1542 478 omnibus
1570 439 1807 478 miserrimus
1838 439 1911 478 effe

560 505 730 543 videatur
746 523 758 550 3
791 514 923 543 contra
956 514 1083 543 autem
1119 505 1185 543 ille
1217 507 1419 559 improbus
1450 506 1640 552 laudetur,
1679 506 1840 552 colatur,
1862 505 1910 543 ab

559 571 743 609 omnibus
775 571 971 624 diligatur,
1003 585 1137 610 omnes
1169 572 1214 610 ad
1248 586 1340 610 eum
1370 571 1549 618 honores,
1580 572 1712 611 omnia
1735 572 1911 624 imperia,

560 651 695 676 omnes
717 651 822 691 opeS,
853 651 986 676 omnes
1010 639 1130 691 copiae
1151 637 1397 677 conferantur
1412 657 1423 684 ;
1455 639 1513 677 vir
1543 639 1710 691 denique
1739 638 1912 691 optimus

560 705 740 742 omniurn
761 704 1056 750 existimatione,
1074 714 1111 742 et
1131 704 1373 757 digniffimus
1394 706 1504 743 omni
1521 704 1675 744 fortuna
1688 705 1911 758 judicetur:

561 771 647 823 quis
669 771 823 809 tandem
844 771 916 809 erit
937 780 1016 809 tam
1035 771 1208 816 demens,
1239 771 1308 824 qui
1329 771 1494 817 dubitet,
1517 781 1649 810 utrum
1670 771 1705 809 se
1735 770 1808 810 esse
1827 783 1913 808 ma-

561 837 606 875 lit
626 838 639 875 ?

506 904 622 943 Nou.
645 903 902 956 Famulatur.]
924 903 991 940 Est
1011 903 1117 941 enim
1138 917 1259 956 genus
1280 903 1426 956 injustae
1446 903 1652 950 servitutis,
1665 917 1759 943 cum
1778 903 1807 942 ii
1826 903 1914 942 sunt

560 970 730 1015 alterius,
752 970 821 1022 qui
840 969 896 1007 sui
916 969 1070 1023 poffunt
1089 969 1173 1008 effe.
1207 971 1312 1008 Cum
1333 980 1461 1008 autem
1487 969 1530 1008 hi
1549 969 1801 1009 famulantur.

507 1036 622 1075 Nou.
641 1035 810 1088 Irfistum
825 1050 937 1073 mare.
960 1035 1172 1089 Ilffyopara]
1200 1035 1308 1074 Nam
1327 1049 1422 1074 cum
1441 1045 1673 1088 quaereretur
1691 1048 1738 1074 ex
1756 1047 1816 1080 eo,
1837 1047 1918 1087 quo

563 1103 698 1142 scelere
718 1102 940 1156 compulsus
961 1115 1065 1140 mare
1083 1101 1241 1141 haberet
1259 1101 1443 1142 infestum
1465 1116 1545 1142 uno
1565 1115 1799 1156 myoparone
1812 1119 1826 1148 5
1848 1114 1914 1140 eo-

562 1171 667 1216 dem,
689 1170 832 1223 inquit,
854 1183 933 1222 quo
953 1178 995 1208 tu
1016 1169 1150 1208 orbem
1171 1179 1292 1208 terrae.

509 1239 657 1277 LACT.
680 1237 742 1276 lib.
766 1250 825 1275 VI.
848 1245 929 1289 cap.
954 1236 1012 1289 8.]
1045 1235 1112 1274 Est
1131 1236 1293 1288 quidem
1313 1249 1399 1274 vera
1416 1236 1494 1282 lex,
1523 1238 1624 1275 recta
1642 1236 1752 1281 ratio,
1774 1244 1918 1274 naturae

561 1317 793 1357 congruens,
815 1302 952 1341 diffusa
981 1304 1022 1341 in
1042 1316 1191 1348 ornnes,
1222 1303 1410 1349 constans,
1442 1303 1696 1356 sempiterna;
1729 1316 1815 1355 quae
1845 1315 1916 1340 vo·-

562 1380 623 1409 cet
652 1370 699 1408 ad
729 1369 905 1409 officium
934 1369 1125 1421 jubendo,
1161 1370 1323 1408 vetando
1358 1383 1379 1407 a
1409 1368 1543 1408 fraude
1578 1370 1788 1408 deterreat:
1831 1382 1916 1420 quae

562 1448 691 1476 tamen
731 1449 855 1489 neque
886 1437 1027 1488 probos
1062 1435 1198 1474 frustra
1223 1436 1336 1489 jubet
1370 1446 1435 1475 aut
1465 1446 1583 1482 vetat,
1611 1450 1681 1475 nec
1715 1435 1915 1489 improbos

558 1503 733 1555 jubendo
753 1511 818 1540 aut
838 1501 1002 1539 vetando
1021 1510 1166 1539 movet.
1215 1502 1324 1539 Huic
1354 1501 1433 1553 legi
1463 1514 1534 1539 nec
1564 1502 1744 1554 obrogari
1774 1500 1830 1539 fas
1850 1501 1916 1546 est,

563 1582 688 1622 neque
708 1567 880 1621 derogari
911 1580 957 1605 ex
977 1565 1050 1605 hac
1082 1567 1231 1620 aliquid
1251 1567 1357 1613 licet,
1389 1581 1516 1621 neque
1547 1576 1627 1607 tota
1651 1568 1825 1621 abrogari
1846 1582 1918 1621 po-

564 1636 646 1675 test.
689 1635 777 1674 Nec
808 1646 897 1672 vero
928 1637 994 1671 aut
1024 1646 1092 1686 per
1111 1632 1299 1679 senatum,
1335 1642 1401 1672 aut
1420 1647 1488 1688 per
1520 1634 1713 1688 populum
1732 1634 1827 1673 solvi
1847 1633 1919 1672 hac

564 1703 649 1756 lege
668 1700 881 1756 poffumus.
913 1700 1057 1753 Neque
1076 1699 1130 1739 est
1147 1700 1376 1754 quaerendus
1395 1700 1631 1755 explanator,
1648 1710 1713 1740 aut
1734 1702 1919 1754 interpres

564 1771 645 1823 ejus
666 1769 778 1808 alius.
821 1767 908 1806 Nec
928 1767 1000 1806 erit
1019 1767 1091 1806 alia
1114 1767 1178 1807 lex
1198 1768 1350 1814 Romae,
1382 1768 1455 1807 alia
1474 1767 1667 1814 Athenis,
1699 1768 1771 1806 alia
1799 1781 1918 1813 nunc,

565 1838 636 1875 alia
655 1835 810 1889 posthac
823 1853 835 1880 ;
867 1835 930 1873 sed
961 1845 1000 1873 et
1018 1848 1154 1873 omnes
1174 1845 1321 1888 gentes,
1353 1845 1391 1874 et
1421 1836 1531 1875 omni
1553 1846 1726 1889 tempore
1748 1849 1823 1874 una
1842 1836 1919 1879 lex,

566 1915 604 1941 et
624 1902 867 1954 sempiterna,
903 1910 940 1938 et
971 1901 1204 1939 immortalis
1235 1903 1477 1948 continebit,
1510 1903 1685 1955 unusque
1710 1903 1782 1940 erit
1809 1915 1920 1940 com-

567 1970 697 2009 munis
719 1967 821 2021 quasi
843 1967 1034 2020 magister,
1067 1975 1105 2005 et
1130 1967 1337 2021 imperator
1355 1969 1536 2006 omniurn
1559 1969 1679 2007 Deus.
1723 1968 1794 2006 Ille
1826 1968 1922 2020 legis

568 2037 684 2089 hujus
706 2036 897 2080 inventor,
931 2034 1172 2087 disceptator,
1206 2035 1327 2080 lat0r;
1359 2036 1423 2073 cui
1455 2035 1523 2088 qui
1555 2049 1632 2074 non
1654 2036 1814 2089 parebit,
1847 2034 1923 2088 ipse

569 2103 603 2142 se
624 2102 761 2156 fugiet,
798 2113 840 2139 ac
875 2110 1050 2139 naturam
1071 2099 1243 2139 hominis
1270 2101 1559 2154 aspernabitur;
1591 2112 1704 2154 atque
1737 2100 1811 2140 hoc
1844 2100 1924 2154 ipso

570 2170 650 2207 luet
670 2168 859 2207 maximas
880 2180 1026 2220 poenas,
1058 2166 1204 2205 etiamfi
1225 2176 1357 2205 caetera
1376 2167 1578 2221 supplicia,
1610 2181 1694 2220 quae
1725 2177 1921 2221 putantur,

568 2234 761 2289 effugerit.

517 2305 665 2341 Lacr.
688 2301 749 2340 lib.
774 2314 813 2337 v.
836 2308 915 2352 cap.
946 2299 1027 2353 19.]
1050 2299 1159 2338 Huic
1182 2309 1222 2338 tu
1243 2300 1326 2338 viro
1345 2313 1439 2353 quas
1459 2299 1611 2338 divitias
1631 2300 1818 2352 objicies?
1840 2314 1924 2352 quae

572 2369 734 2421 imperia
753 2368 765 2404 ?
798 2380 883 2419 quae
904 2367 1044 2419 regna?
1077 2367 1145 2420 qui
1166 2366 1234 2405 ista
1253 2367 1386 2406 omnia
1404 2376 1514 2420 putat
1534 2366 1718 2410 humana,
1742 2367 1804 2404 sua
1826 2367 1927 2405 bona

571 2436 700 2474 divina
714 2434 875 2487 judicat.

520 2501 666 2541 Prusc.
691 2501 751 2539 lib.
776 2499 898 2552 νιιι.]
931 2501 953 2524 ⁴*
975 2499 1118 2552 quibus
1144 2497 1333 2544 assentior,
1370 2499 1574 2538 sollicitam
1605 2508 1641 2537 et
1673 2497 1926 2553 periculosam

569 2567 758 2618 justitiam
779 2579 856 2604 non
877 2564 948 2603 eisc
969 2564 1160 2618 sapientis.
