2223 3003
421 277 496 319 150
825 258 928 298 DE
1003 257 1403 299 LEG1ssus

415 376 487 402 nec
507 361 618 416 plane
636 358 965 399 contemnendum
986 365 1094 410 puto.
1123 357 1195 396 Illa
1209 357 1384 410 quidem,
1401 370 1486 410 quae
1502 355 1672 396 solebant
1686 369 1812 410 quon·

416 429 506 466 dam
535 425 722 478 compleri
753 423 945 462 severitate
973 423 1148 475 jucunda
1167 423 1339 462 Livianis
1372 431 1410 461 et
1430 423 1626 462 Naevianis
1657 423 1812 468 modis}

416 506 534 537 nunc,
556 501 600 530 ut
618 490 749 528 eadem
768 490 957 535 exultent,
979 490 1145 528 cervices
1164 489 1373 542 oculosque
1393 490 1532 542 pariter
1551 502 1644 528 cum
1673 488 1814 527 modo-

415 571 502 596 rum
523 556 754 595 flexionibus
775 564 990 608 torqueant.
1035 556 1212 594 Graviter
1237 555 1334 594 olim
1364 555 1430 594 ista
1459 555 1678 594 vindicabat
1706 563 1814 592 vetus

415 624 482 662 illa
502 624 665 668 Graecia,
695 622 809 675 longe
840 621 1058 675 providens,
1089 635 1207 675 quam
1228 621 1363 660 senfim
1394 622 1580 675 pernicies
1606 620 1737 674 illapsa
1756 620 1816 658 ci-

414 689 524 727 vium
545 689 707 734 animos,
729 687 841 726 malis
861 687 1008 733 studiis,
1031 687 1217 740 malisque
1233 688 1416 726 doctrinis
1433 697 1586 740 repente
1603 695 1700 725 totas
1716 685 1814 724 civi-

415 765 509 794 tates
529 763 712 794 everteret
727 773 739 799 ς
771 754 797 792 fi
819 754 979 807 quidem
1010 754 1076 792 illa
1095 754 1215 792 severa
1246 754 1499 793 Lacedaemon
1530 767 1663 792 nervos
1691 751 1813 805 justit,

415 822 519 875 quod
540 822 666 875 plures
682 834 801 873 quam
816 820 961 872 septem
981 818 1152 864 haberet,
1174 820 1215 857 in
1235 819 1440 858 Timothei
1458 819 1598 859 fidibus
1619 818 1738 857 demi.

474 889 586 927 XVI.
609 887 803 939 Deinceps
825 886 864 924 in
884 886 968 938 lege
987 885 1053 930 est,
1073 895 1117 924 ut
1136 885 1182 923 de
1201 885 1338 924 ritibus
1358 886 1490 939 patriis
1509 886 1685 924 colantur
1709 883 1815 937 opti-

415 954 471 993 mi
490 969 498 992 :
531 954 577 992 de
598 966 677 1006 quo
696 965 789 990 cum
819 951 1062 990 consulerent
1087 949 1341 990 Athenienses
1362 951 1590 1005 Apollinem
1610 949 1814 1003 Pythium,

414 1033 507 1073 quas
527 1019 767 1072 potiflimum
797 1017 998 1071 religiones
1019 1026 1191 1056 tenerent
1202 1036 1215 1063 5
1246 1018 1447 1057 oraculum
1467 1018 1617 1056 editum
1636 1017 1703 1061 est,
1723 1017 1815 1060 Eas,

413 1100 494 1140 quae
511 1085 613 1140 effbnt
632 1085 669 1124 in
688 1099 782 1123 more
800 1084 985 1136 mqjorum.
1009 1084 1102 1135 Qo
1117 1097 1210 1121 cum
1225 1084 1367 1122 iterum
1383 1083 1581 1127 veniffent,
1598 1083 1815 1134 majorum-

414 1166 489 1204 que
509 1165 660 1190 morem
678 1150 858 1190 dixiffent
875 1150 969 1204 saepe
995 1149 1066 1188 effe
1085 1159 1295 1196 mutatum,
1327 1149 1669 1203 quaefiviffentque,
1696 1161 1817 1202 quem

414 1232 564 1258 morem
584 1217 826 1271 potiffimum
843 1217 1091 1268 sequerentur
1108 1230 1129 1253 e
1145 1217 1256 1254 variis
1268 1235 1280 1261 3
1303 1216 1510 1268 respondit,
1531 1216 1730 1268 Optimum.
1762 1215 1818 1253 Et

414 1283 587 1338 profecto
606 1284 659 1321 ita
677 1282 744 1327 est,
766 1291 809 1319 ut
825 1281 865 1319 id
883 1280 1108 1319 habendum
1124 1280 1168 1318 fit
1187 1280 1496 1333 antiquiffimum
1516 1290 1554 1318 et
1575 1281 1662 1319 Deo
1681 1281 1815 1333 proxi-

415 1364 542 1395 mum,
564 1348 669 1403 quod
689 1348 734 1387 s1t
754 1347 965 1401 optimum.
998 1347 1146 1400 Stipem
1168 1346 1405 1392 sustulimus,
1427 1347 1496 1386 nisi
1509 1360 1608 1393 eam,
1630 1359 1749 1399 quam
1769 1346 1817 1384 ad

413 1429 554 1471 paucos
575 1416 654 1454 dies
676 1414 871 1468 propriam
888 1413 996 1451 Idaeae
1016 1413 1156 1451 Matris
1176 1413 1424 1466 excepimus:
1459 1413 1598 1466 implet
1624 1413 1730 1451 enim
1750 1412 1815 1451 su-

415 1482 635 1536 perstitione
654 1480 818 1524 animos,
852 1487 890 1516 et
920 1476 1097 1516 exhaurit
1116 1477 1268 1516 domos.
1301 1478 1492 1530 Sacrilego
1516 1491 1630 1530 poena
1649 1477 1715 1521 est,
1746 1490 1817 1515 ne-

414 1561 490 1600 que
510 1548 545 1585 ei
565 1546 647 1592 soli,
681 1545 750 1598 qui
782 1544 930 1582 sacrum
950 1542 1160 1587 abstulerit,
1188 1542 1250 1581 secl
1270 1542 1387 1580 etiam
1407 1543 1455 1588 ei,
1487 1543 1556 1595 qui
1576 1543 1679 1581 sacro
1701 1556 1815 1582 com-

416 1613 641 1652 mendatum
656 1630 666 1656 ;
691 1609 795 1664 quod
814 1618 852 1647 et
872 1622 975 1648 nunc
997 1608 1131 1647 multis
1147 1607 1192 1647 fit
1211 1608 1252 1646 in
1269 1607 1380 1646 fanis.
1413 1608 1632 1647 Alexander
1650 1609 1691 1647 in
1713 1609 1817 1648 Cili-

414 1681 473 1718 cia
492 1678 698 1733 deposuiffe
718 1678 819 1732 apud
840 1677 946 1717 Solos
968 1678 1007 1716 in
1028 1677 1189 1717 delubro
1209 1677 1414 1731 pecuniam
1435 1676 1578 1715 dicitur
1593 1695 1606 1721 3
1629 1685 1667 1714 et
1687 1675 1815 1714 Athe-

414 1746 552 1785 niensis
588 1744 804 1784 Clisthenes
839 1745 986 1796 Junoni
1019 1745 1166 1789 Samiae,
1211 1745 1306 1782 civis
1346 1743 1535 1796 egregius,
1576 1755 1669 1780 cum
1703 1741 1815 1779 rebus

416 1813 568 1849 timeret
588 1811 677 1855 suis,
711 1810 878 1848 filiarum
910 1809 1017 1848 dotes
1048 1809 1223 1848 credidit.
1271 1808 1342 1847 Sed
1367 1809 1449 1861 jam
1471 1808 1517 1846 de
1536 1806 1737 1861 perjuriis:
1769 1805 1815 1844 de

411 1877 565 1916 incestis
584 1875 680 1914 nihil
702 1875 784 1913 sane
805 1874 880 1912 hoc
900 1875 1061 1926 quidem
1081 1875 1168 1913 loco
1188 1875 1461 1926 disputandum
1482 1874 1549 1913 est.

470 1943 591 1982 Donis
620 1941 720 1994 impii
750 1955 792 1979 ne
815 1941 965 1993 placare
982 1939 1138 1979 audeant
1159 1941 1270 1985 Deos,
1303 1940 1502 1978 Platonem
1530 1940 1714 1983 audiant;
1746 1939 1814 1991 qui

414 2018 514 2047 vetat
533 2008 722 2052 dubitare,
753 2020 829 2058 qua
847 2005 890 2044 fit
912 2016 1041 2045 mente
1061 2005 1214 2045 futurus
1236 2008 1356 2051 Deus,
1387 2019 1478 2044 cum
1507 2007 1565 2044 vir
1595 2017 1711 2043 nemo
1742 2005 1814 2043 bo-

415 2090 486 2115 nus
508 2075 555 2114 ab
577 2074 757 2128 improbo
776 2073 811 2112 se
831 2073 963 2111 donari
984 2073 1090 2111 velit.
1130 2073 1346 2126 Diligentia
1365 2082 1543 2111 votorum
1566 2071 1650 2110 satis
1672 2072 1711 2109 in
1734 2071 1816 2124 lege

412 2143 515 2181 dieta
530 2142 595 2187 est,
627 2155 669 2179 ac
688 2141 765 2179 voti
787 2139 948 2193 sponfio,
972 2153 1047 2193 qua
1064 2139 1283 2193 obligamur
1308 2141 1406 2179 Deo.
1450 2141 1566 2178 Poena
1586 2153 1674 2177 vcro
1693 2138 1815 2176 viola-

414 2218 462 2246 tae
482 2207 677 2261 religionis
693 2206 834 2259 justam
857 2206 1130 2245 recusationem
1153 2219 1228 2244 non
1250 2204 1378 2244 habet.
1429 2205 1537 2257 Qid
1557 2219 1629 2258 ego
1649 2203 1714 2243 hic
1735 2203 1814 2242 sce-

414 2275 622 2312 leratorum
641 2282 723 2311 utar
737 2273 950 2325 exemplis?
972 2286 1139 2325 quorum
1159 2272 1244 2310 sunt
1261 2258 1382 2325 plena:
1396 2271 1601 2325 tragoediae.
1618 2272 1716 2322 Qiae
1728 2279 1815 2307 ante

413 2339 547 2378 oculos
569 2339 668 2382 sunt,
689 2351 731 2376 ea
752 2338 879 2391 potius
900 2338 1149 2390 attingantur.
1183 2338 1261 2376 Etsi
1291 2336 1371 2375 haec
1392 2336 1726 2379 commemoratio,
1748 2349 1814 2373 ve-

416 2419 511 2449 reor,
535 2418 579 2443 nc
601 2405 708 2457 supra
728 2403 899 2442 hominis
926 2403 1120 2443 fortunam
1140 2403 1211 2443 effi:
1233 2404 1430 2447 videatur;
1464 2412 1604 2446 tamen,
1627 2402 1815 2453 quoniam

416 2470 514 2511 mihi
536 2471 656 2509 sermo
675 2470 726 2508 est
747 2470 844 2523 apud
866 2484 945 2514 vos,
968 2470 1065 2509 nihil
1088 2470 1280 2513 reticebo;
1303 2469 1498 2521 velimque
1519 2467 1607 2511 hoc,
1630 2467 1733 2519 quod
1755 2467 1815 2505 lo-

411 2551 523 2591 quar,
547 2537 632 2575 Diis
651 2536 933 2575 immortalibus
951 2546 1102 2589 gratum
1121 2536 1248 2589 potius
1266 2535 1398 2579 videri,
1420 2548 1537 2587 quam
1554 2547 1680 2587 grave.
1699 2535 1721 2559 *
1744 2536 1766 2558 ³
1791 2535 1814 2558 ³

472 2603 607 2643 XVII.
645 2603 791 2642 Omnia
809 2611 892 2642 tum
920 2603 1158 2657 perditorum
1185 2602 1333 2641 civium
1355 2601 1504 2647 scelere,
1533 2598 1691 2639 discessu
1711 2611 1813 2644 mcc,
