2223 3003
1010 207 1238 262 [176]

1070 407 1173 444 DE

604 565 1646 646 OFFICIIS‚

737 797 856 842 AD
928 797 994 842 M.
1067 793 1480 849 FILIUM,

704 994 1024 1033 LIBER
1100 992 1517 1031 PRIMUS.

636 1233 885 1286 Cratippum,
903 1232 1020 1285 idque
1039 1231 1221 1276 Athenis,
1242 1231 1433 1269 abundare
1453 1239 1605 1283 oportet
1622 1230 1824 1284 praeceptis

635 1298 896 1350 institutisque
915 1296 1183 1350 philosophiae,
1205 1305 1361 1350 propter
1380 1296 1574 1335 summam
1599 1304 1637 1334 et
1657 1294 1823 1334 doctoris

416 1366 700 1410 auctoritatem,
736 1372 774 1402 et
793 1364 923 1409 urbis;
955 1377 1123 1416 quorum
1147 1363 1241 1401 alter
1263 1372 1300 1401 te
1331 1362 1488 1401 scientia
1516 1375 1653 1416 augere
1683 1360 1821 1415 potest,

418 1433 535 1471 altera
554 1431 740 1485 exemplis
753 1449 766 1476 5
798 1439 942 1475 tamen,
963 1439 1007 1468 ut
1027 1429 1105 1482 ipse
1125 1429 1171 1467 ad
1192 1442 1319 1468 meam
1338 1429 1547 1468 utilitatem
1565 1429 1711 1480 semper
1730 1441 1825 1466 cum

419 1499 567 1538 Graecis
600 1497 737 1537 Latina
770 1496 971 1548 conjunxi,
1007 1508 1132 1548 neque
1165 1495 1205 1533 id
1236 1495 1276 1532 in
1309 1492 1554 1547 philosophia
1585 1492 1726 1538 solum,
1761 1491 1825 1531 sed

420 1565 538 1604 etiam
560 1564 600 1602 in
621 1562 775 1602 dicendi
795 1562 1079 1606 exercitatione,
1093 1560 1168 1599 feci
1181 1579 1193 1606 3
1217 1560 1321 1598 idem
1344 1560 1415 1598 tibi
1436 1559 1568 1598 censeo
1583 1558 1823 1604 faciendum,

418 1639 461 1668 ut
480 1643 545 1683 par
560 1630 605 1668 fis
625 1629 665 1667 in
686 1627 881 1680 utriusque
896 1627 1077 1665 orationis
1098 1625 1292 1664 facultate.
1334 1626 1467 1678 Qam
1487 1625 1647 1678 quidem
1663 1625 1709 1664 ad
1725 1638 1822 1671 rem,

418 1709 503 1741 nos,
536 1705 579 1734 ut
609 1695 800 1740 videmur,
839 1707 1027 1746 magnum
1060 1693 1262 1732 attulimus
1293 1691 1565 1744 adjumentum
1596 1691 1823 1730 hominibus

418 1761 554 1801 nostris
571 1781 582 1808 3
606 1771 649 1800 ut
669 1775 746 1800 non
768 1760 886 1799 modo
902 1760 1126 1798 Graecarum
1145 1759 1344 1797 literarum
1366 1757 1492 1802 rudes,
1506 1757 1568 1795 sed
1587 1757 1706 1795 etiam
1727 1757 1822 1795 doc-

419 1828 463 1872 ti,
485 1827 729 1879 aliquantum
758 1825 794 1863 se
814 1825 1044 1862 arbitrentur
1064 1825 1218 1876 adeptos
1246 1833 1283 1862 et
1314 1823 1361 1861 ad
1380 1823 1606 1868 dicendum,
1635 1832 1674 1861 et
1694 1822 1740 1860 ad
1755 1823 1823 1875 ju-

417 1892 641 1930 dicandum.
665 1890 935 1942 Qamobrem
957 1889 1074 1926 disces
1096 1898 1137 1926 tu
1158 1888 1316 1940 quidem
1333 1901 1353 1924 a
1373 1889 1546 1939 principe
1566 1887 1683 1939 hujus
1705 1888 1823 1925 aetatis

418 1956 756 2012 philosophorum,
777 1965 814 1994 et
835 1955 968 2000 disces,
1001 1954 1189 2007 quamdiu
1209 1953 1341 1999 voles,
1375 1953 1542 2004 (tamdiu
1568 1963 1696 1991 autem
1727 1953 1824 1990 velle

417 2024 589 2069 debebis,
606 2023 731 2077 quoad
754 2031 803 2067 te,
818 2030 1007 2075 quantum
1030 2020 1219 2074 proficias,
1243 2033 1319 2058 non
1342 2019 1545 2073 poenitebit
1560 2020 1589 2070 :)
1613 2019 1674 2057 sed
1696 2028 1823 2057 tamen

417 2090 541 2129 nostra
560 2090 704 2142 legens,
738 2101 814 2126 non
836 2087 1007 2125 multum
1029 2101 1048 2124 a
1070 2086 1331 2139 Peripateticis
1364 2084 1588 2130 diffidentia,
1614 2085 1826 2137 (quoniam

418 2158 588 2208 utrique,
621 2165 659 2193 et
680 2154 878 2199 Socratici,
911 2162 948 2191 et
971 2152 1161 2192 Platonici
1180 2151 1252 2190 effe
1273 2152 1478 2203 volumus)
1515 2152 1560 2190 de
1592 2152 1703 2190 rebus
1735 2151 1822 2204 ipsis

418 2233 523 2260 utere
546 2232 611 2260 ’.κιο
626 2221 805 2274 judicio,
839 2219 936 2258 nihil
958 2219 1062 2257 enim
1090 2218 1287 2272 impedio:
1319 2218 1532 2257 orationem
1554 2228 1683 2256 autem
1711 2217 1821 2256 Lati-

417 2302 505 2327 nam
531 2288 700 2341 proserito
720 2287 888 2340 legendis
910 2286 1044 2325 nostris
1065 2286 1207 2325 efficies
1228 2285 1456 2338 pleniorem.
1496 2285 1582 2323 Nec
1603 2297 1690 2322 vcro
1717 2297 1821 2321 arro-

416 2364 550 2408 ganter
572 2354 645 2392 lioc
667 2355 815 2392 dietum
835 2353 1042 2391 existimari
1064 2353 1196 2391 velim.
1243 2352 1350 2391 Nam
1371 2349 1667 2404 philosophandi
1701 2351 1821 2388 scien-

417 2422 511 2459 tiam
534 2420 747 2459 concedens
770 2420 935 2464 multis;
968 2419 1073 2472 quod
1093 2419 1145 2457 est
1175 2418 1333 2457 oratoris
1361 2417 1575 2471 proprium,
1610 2426 1711 2469 apte,
1745 2415 1822 2453 dis-

416 2487 549 2532 tinc'tc,
572 2497 701 2525 ornate
722 2487 861 2530 dicere,
880 2487 1064 2538 quoniam
1086 2486 1125 2524 in
1147 2499 1192 2524 eo
1216 2484 1339 2523 studio
1359 2493 1509 2523 :etatem
1531 2483 1763 2536 consumpsi,
1796 2481 1821 2520 si

416 2553 455 2592 id
478 2552 575 2592 mihi
598 2552 754 2597 ass‘umo,
777 2553 905 2591 videor
926 2553 964 2591 id
986 2566 1073 2591 meo
1088 2553 1174 2605 jure
1195 2549 1365 2605 quodam
1387 2549 1506 2589 modo
1527 2549 1732 2588 vindicare.

418 1174 452 1214 Ι,
474 1167 841 1319 QUANQJ
849 1167 946 1206 AM
976 1175 1028 1212 te,
1059 1167 1195 1206 Marce
1215 1165 1287 1211 fili,
1316 1179 1465 1204 annum
1484 1165 1570 1218 jam
1603 1164 1823 1204 audientem
