2223 3003
855 207 960 246 DE
1046 208 1299 248 FATO.
1710 227 1784 267 107

377 321 497 361 eaque
516 306 698 351 declinet,
735 305 924 345 declinare
952 306 1030 345 fine
1060 307 1180 346 causa.
1232 308 1346 346 Hanc
1367 309 1556 347 rationem
1589 311 1783 363 Epicurus

378 373 534 413 induxit
550 373 601 412 ob
621 386 707 411 eam
727 386 822 417 rem,
845 372 952 425 quod
972 373 1114 411 veritus
1135 373 1200 419 est,
1224 387 1284 419 ne,
1311 373 1337 412 fi
1358 374 1505 428 semper
1525 385 1676 415 atomus
1696 392 1783 431 gra-

378 440 495 478 vitate
514 439 676 478 ferretur
708 439 871 477 naturali
897 453 940 477 ac
960 439 1173 485 neceffaria‚
1209 439 1309 478 nihil
1340 441 1508 480 liberum
1541 444 1651 483 nobis
1681 445 1783 490 effer,

378 520 472 545 cum
491 507 543 545 ita
564 514 782 544 moveretur
801 504 968 548 animus,
990 514 1034 541 ut
1053 514 1274 544 atomorum
1294 516 1405 545 motu
1425 519 1640 561 cogeretur.
1674 512 1784 549 Hinc

379 573 632 611 Democritus
652 572 782 608 auetor
801 579 1022 608 atomorum
1043 571 1214 623 accipere
1244 573 1396 617 maluit,
1420 575 1633 614 necestitate
1655 578 1786 616 omnia

377 639 474 684 fieri,
495 651 614 690 quam
632 650 653 674 a
671 636 896 689 corporibus
917 636 1127 675 individuis
1147 637 1335 676 naturales
1357 649 1486 678 motus
1508 642 1681 682 avellere.

431 705 505 744 XI.
539 704 706 743 Acutius
733 704 961 749 Carneades,
992 705 1061 757 qui
1094 704 1271 750 docebat,
1302 705 1404 758 poss‘e
1438 708 1648 761 Epicureos
1681 712 1786 750 suam

378 771 529 810 causam
549 771 626 809 fine
646 769 717 808 hac
738 771 1008 809 commentitia
1028 771 1285 810 declinatione
1305 772 1522 813 defendere.
1549 776 1670 821 Nam,
1693 791 1785 817 cum

377 837 530 876 doceret
556 836 629 875 effe
659 836 761 891 poffe
792 837 987 891 quendam
1008 838 1130 876 animi
1159 848 1314 877 motum
1336 840 1614 887 voluntarium,
1650 843 1689 881 id
1710 843 1786 882 fuit

376 903 531 943 defendi
566 904 721 950 melius,
764 919 882 958 quam
916 905 1159 944 introducere
1195 907 1511 954 declinationem,
1542 910 1652 962 cujus
1688 925 1785 963 prae-

377 969 507 1009 sertim
526 971 676 1010 causam
698 972 859 1026 reperire
890 986 968 1010 non
994 971 1175 1025 poss‘unt:
1208 987 1287 1025 quo
1317 973 1485 1019 defenso,
1521 973 1634 1013 facile
1656 975 1786 1028 Chry-

375 1037 483 1091 fippo
504 1037 650 1091 pofl‘ent
669 1037 845 1077 refistere.
884 1039 991 1077 Cum
1010 1039 1117 1077 enim
1137 1039 1413 1086 conceffiffent‚
1444 1050 1598 1079 motum
1630 1042 1788 1082 nullum

376 1103 449 1141 effe
470 1104 547 1142 fine
567 1103 690 1150 causa,
719 1117 800 1143 non
823 1105 1092 1151 concederent,
1122 1105 1269 1151 omnia,
1300 1120 1385 1159 quae
1406 1107 1554 1153 fierent,
1585 1107 1667 1147 fieri
1693 1122 1787 1147 cau-

376 1169 422 1208 fis
442 1170 789 1210 antecedentibus:
821 1171 1030 1210 voluntatis
1062 1172 1169 1210 enim
1197 1172 1331 1211 nostrae
1360 1186 1439 1212 non
1469 1173 1540 1212 effe
1570 1174 1696 1214 causas
1717 1189 1786 1215 ex-

376 1245 514 1281 ternas,
535 1245 574 1274 et
593 1236 874 1276 antecedentes.
921 1238 1137 1276 Communi
1168 1238 1289 1291 igitur
1308 1239 1583 1278 consuetudine
1603 1241 1787 1280 sermonis

375 1303 588 1349 abutimur,
617 1317 710 1342 curn
745 1304 798 1342 ita
830 1305 1014 1349 dicimus,
1045 1304 1143 1343 velle
1162 1305 1311 1359 aliquid
1341 1308 1568 1360 quempiam
1589 1316 1653 1345 aut
1684 1308 1790 1346 nolle

376 1370 454 1410 fine
474 1371 596 1410 causa.
643 1371 703 1410 Ita
721 1371 827 1410 enim
848 1371 1030 1417 dicimus,
1046 1372 1129 1424 stne
1153 1373 1271 1426 σαψ,
1310 1382 1354 1412 ut
1383 1373 1574 1419 dicamus,
1610 1374 1686 1412 fine
1717 1388 1788 1413 ex-

377 1446 486 1477 terna
503 1448 542 1477 et
561 1439 801 1478 antecedenti
821 1439 944 1485 causa,
976 1453 1054 1478 non
1081 1440 1157 1479 fine
1177 1440 1318 1494 aliqua.
1379 1442 1437 1479 Ut
1467 1455 1560 1480 cum
1591 1455 1654 1480 vas
1675 1442 1789 1480 inane

378 1503 562 1549 dicimus,
594 1518 672 1543 non
701 1505 754 1543 ita
783 1506 1000 1559 loquimur,
1032 1515 1076 1545 ut
1095 1506 1257 1560 phyfici,
1292 1508 1435 1561 quibus
1467 1509 1579 1547 inane
1598 1509 1668 1547 effe
1689 1508 1789 1547 nihil

378 1570 532 1623 placet;
565 1570 712 1616 sedita,
745 1582 801 1617 ut,
832 1573 939 1611 verbi
959 1573 1081 1618 causa,
1113 1573 1190 1612 fine
1221 1588 1331 1626 aqua,
1363 1575 1439 1612 fine
1470 1576 1574 1620 vino,
1606 1575 1683 1613 fine
1703 1575 1789 1613 oleo

378 1651 442 1676 vas
463 1637 535 1676 effe
555 1638 729 1677 dicamus
748 1653 757 1677 :
790 1639 854 1683 fic,
876 1652 969 1677 cum
999 1639 1077 1677 fine
1107 1639 1216 1677 causa
1235 1640 1415 1678 animum
1435 1642 1583 1679 moveri
1602 1641 1787 1688 dicimus,

377 1703 455 1742 fine
475 1705 724 1742 antecedente
743 1715 782 1743 et
800 1714 955 1743 externa
974 1705 1083 1744 causa
1103 1705 1264 1751 moveri,
1287 1719 1365 1745 non
1385 1707 1548 1746 omnino
1569 1707 1645 1745 fine
1665 1708 1787 1755 causa,

376 1768 561 1809 dicimus.
606 1770 670 1808 De
700 1769 779 1823 ipsa
808 1780 940 1810 atomo
970 1771 1049 1809 dici
1080 1771 1216 1824 potest,
1251 1785 1344 1810 cum
1366 1786 1432 1825 per
1451 1774 1563 1811 inane
1588 1784 1790 1812 moveatur

377 1836 561 1889 gravitate
591 1845 630 1874 et
660 1835 841 1889 pondere,
873 1837 950 1875 fine
981 1837 1091 1874 causa
1109 1837 1271 1883 moveri,
1303 1839 1395 1890 quia
1421 1839 1528 1877 nulla
1548 1839 1658 1877 causa
1677 1853 1788 1878 acce-

376 1903 440 1941 dat
459 1902 708 1940 extrinsecus.

431 1969 579 2008 Rursus
599 1978 744 2014 autern,
789 1983 838 2008 ne
865 1983 1001 2011 omnes
1035 1984 1057 2009 a
1085 1969 1252 2024 physicis
1280 1970 1519 2016 irrideamur,
1551 1970 1578 2009 fi
1612 1971 1787 2011 dicamus

376 2036 592 2088 quidquam
614 2036 697 2075 fieri
717 2036 793 2075 fine
820 2038 944 2084 causa,
973 2038 1290 2092 distinguendum
1318 2038 1384 2084 est,
1416 2047 1454 2076 et
1477 2039 1530 2076 ita
1561 2038 1787 2086 dicendum,

377 2103 494 2157 ipfius
514 2104 706 2143 individui
726 2103 825 2144 hanc
855 2105 925 2144 effe
946 2116 1135 2151 naturam,
1167 2114 1211 2144 ut
1241 2105 1409 2159 pondere
1428 2114 1466 2143 et
1494 2107 1678 2158 gravitate
1699 2120 1788 2145 mo-

378 2179 524 2216 veatur,
545 2183 709 2224 eamque
728 2171 849 2224 ipsam
870 2171 940 2211 effe
969 2172 1134 2218 causam,
1163 2186 1232 2210 cur
1256 2173 1308 2209 ita
1327 2170 1481 2210 feratur.
1534 2172 1722 2210 Similiter
1741 2173 1789 2211 ad

378 2237 601 2276 animorum
622 2247 753 2276 motus
775 2239 1024 2285 voluntarios,
1056 2253 1133 2277 non
1157 2238 1209 2277 est
1241 2239 1469 2291 requirenda
1489 2248 1644 2277 externa
1663 2239 1786 2278 causa.

379 2303 515 2343 Motus
537 2305 644 2343 enim
672 2305 911 2344 voluntarius
943 2319 1028 2344 eam
1062 2315 1237 2343 naturam
1258 2307 1297 2343 in
1318 2305 1352 2343 se
1373 2305 1450 2358 ipse
1470 2305 1659 2351 continet,
1682 2315 1725 2343 ut
1745 2303 1790 2343 fit

379 2368 419 2407 in
439 2371 562 2410 nostra
582 2371 778 2425 potestate,
799 2372 987 2426 nobisque
1002 2381 1152 2426 pareat:
1175 2385 1246 2410 nec
1266 2372 1306 2410 id
1326 2372 1403 2410 fine
1422 2371 1554 2410 causa:
1580 2373 1661 2425 ejus
1682 2372 1788 2410 enim

382 2434 434 2472 rei
451 2437 572 2483 causa,
594 2438 673 2491 ipsa
692 2448 825 2478 natura
845 2439 912 2477 est.

437 2501 555 2553 Qod
574 2518 666 2544 cum
700 2507 754 2545 ita
773 2506 832 2552 fit,
864 2506 959 2559 quid
991 2506 1057 2552 est,
1094 2520 1164 2544 cur
1183 2519 1260 2545 non
1281 2506 1410 2544 omnis
1431 2504 1695 2558 pronuntiatio
1724 2512 1788 2541 aut

380 2580 465 2606 vera
484 2577 549 2607 aut
568 2568 659 2608 falsa
677 2571 735 2617 fit,
767 2573 836 2611 nifi
857 2573 1152 2612 concefferimus
1171 2572 1252 2612 fato
1269 2572 1367 2618 fieri,
1385 2584 1642 2624 quascumque
1662 2569 1754 2608 fiant
1773 2569 1787 2605 ?

1391 2639 1429 2676 Ο
1462 2650 1483 2675 2
