<?xml version="1.0" encoding="UTF-8"?>
<!DOCTYPE html PUBLIC "-//W3C//DTD XHTML 1.0 Transitional//EN"
    "http://www.w3.org/TR/xhtml1/DTD/xhtml1-transitional.dtd">
<html xmlns="http://www.w3.org/1999/xhtml" xml:lang="en" lang="en">
 <head>
  <title>
</title>
<meta http-equiv="Content-Type" content="text/html;charset=utf-8" />
  <meta name='ocr-system' content='tesseract 3.04.00' />
  <meta name='ocr-capabilities' content='ocr_page ocr_carea ocr_par ocr_line ocrx_word'/>
</head>
<body>
  <div class='ocr_page' id='page_1' title='image "./operacumindicibu03ciceuoft_0155.png"; bbox 0 0 2223 3003; ppageno 0'>
   <div class='ocr_carea' id='block_1_1' title="bbox 651 275 1773 334">
    <p class='ocr_par' dir='ltr' id='par_1_1' title="bbox 651 275 1773 334">
     <span class='ocr_line' id='line_1_1' title="bbox 651 275 1773 334; baseline 0.003 -16"><span class='ocrx_word' id='word_1_1' title='bbox 651 277 927 318; x_wconf 85' lang='lat' dir='ltr'>LIBER</span> <span class='ocrx_word' id='word_1_2' title='bbox 985 275 1486 318; x_wconf 79' lang='lat' dir='ltr'>SECUNDUS.</span> <span class='ocrx_word' id='word_1_3' title='bbox 1698 294 1773 334; x_wconf 81' lang='lat'>149</span> 
     </span>
    </p>
   </div>
   <div class='ocr_carea' id='block_1_2' title="bbox 363 377 1777 2675">
    <p class='ocr_par' dir='ltr' id='par_1_2' title="bbox 371 377 1777 700">
     <span class='ocr_line' id='line_1_2' title="bbox 372 377 1775 432; baseline -0.001 -12"><span class='ocrx_word' id='word_1_4' title='bbox 372 389 502 420; x_wconf 87' lang='lat' dir='ltr'>autem</span> <span class='ocrx_word' id='word_1_5' title='bbox 521 378 619 420; x_wconf 88' lang='lat' dir='ltr'>mihi</span> <span class='ocrx_word' id='word_1_6' title='bbox 641 379 838 432; x_wconf 86' lang='lat' dir='ltr'>displiceat</span> <span class='ocrx_word' id='word_1_7' title='bbox 857 379 897 417; x_wconf 91' lang='lat' dir='ltr'>in</span> <span class='ocrx_word' id='word_1_8' title='bbox 912 377 1125 423; x_wconf 69' lang='lat' dir='ltr'>nocturnis,</span> <span class='ocrx_word' id='word_1_9' title='bbox 1146 387 1267 432; x_wconf 82' lang='lat' dir='ltr'>poetae</span> <span class='ocrx_word' id='word_1_10' title='bbox 1285 378 1459 417; x_wconf 90' lang='lat' dir='ltr'>indicant</span> <span class='ocrx_word' id='word_1_11' title='bbox 1484 377 1640 418; x_wconf 88' lang='lat' dir='ltr'>comici.</span> <span class='ocrx_word' id='word_1_12' title='bbox 1683 380 1775 432; x_wconf 68' lang='lat' dir='ltr'>Qa</span> 
     </span>
     <span class='ocr_line' id='line_1_3' title="bbox 373 444 1774 498; baseline 0 -12"><span class='ocrx_word' id='word_1_13' title='bbox 373 447 530 486; x_wconf 66' lang='lat' dir='ltr'>licentia</span> <span class='ocrx_word' id='word_1_14' title='bbox 549 447 686 486; x_wconf 86' lang='lat' dir='ltr'>Romae</span> <span class='ocrx_word' id='word_1_15' title='bbox 705 446 806 490; x_wconf 69' lang='lat' dir='ltr'>data,</span> <span class='ocrx_word' id='word_1_16' title='bbox 837 445 1025 497; x_wconf 87' lang='lat' dir='ltr'>quidnam</span> <span class='ocrx_word' id='word_1_17' title='bbox 1044 444 1174 498; x_wconf 85' lang='lat' dir='ltr'>egiffet</span> <span class='ocrx_word' id='word_1_18' title='bbox 1194 446 1274 491; x_wconf 91' lang='lat' dir='ltr'>ille,</span> <span class='ocrx_word' id='word_1_19' title='bbox 1305 446 1374 498; x_wconf 90' lang='lat' dir='ltr'>qui</span> <span class='ocrx_word' id='word_1_20' title='bbox 1393 446 1434 484; x_wconf 90' lang='lat' dir='ltr'>in</span> <span class='ocrx_word' id='word_1_21' title='bbox 1455 445 1682 485; x_wconf 85' lang='lat' dir='ltr'>sacrificium</span> <span class='ocrx_word' id='word_1_22' title='bbox 1702 460 1774 486; x_wconf 92' lang='lat' dir='ltr'>co-</span> 
     </span>
     <span class='ocr_line' id='line_1_4' title="bbox 371 510 1772 566; baseline 0 -14"><span class='ocrx_word' id='word_1_23' title='bbox 371 514 534 566; x_wconf 87' lang='lat' dir='ltr'>gitatam</span> <span class='ocrx_word' id='word_1_24' title='bbox 553 513 758 551; x_wconf 77' lang='lat' dir='ltr'>libidinem</span> <span class='ocrx_word' id='word_1_25' title='bbox 777 510 927 555; x_wconf 89' lang='lat' dir='ltr'>intulit,</span> <span class='ocrx_word' id='word_1_26' title='bbox 957 523 1036 562; x_wconf 88' lang='lat' dir='ltr'>quo</span> <span class='ocrx_word' id='word_1_27' title='bbox 1061 523 1110 548; x_wconf 93' lang='lat' dir='ltr'>ne</span> <span class='ocrx_word' id='word_1_28' title='bbox 1130 511 1434 563; x_wconf 83' lang='lat' dir='ltr'>imprudentiam</span> <span class='ocrx_word' id='word_1_29' title='bbox 1455 513 1615 565; x_wconf 88' lang='lat' dir='ltr'>quidem</span> <span class='ocrx_word' id='word_1_30' title='bbox 1634 513 1772 552; x_wconf 92' lang='lat' dir='ltr'>oculo-</span> 
     </span>
     <span class='ocr_line' id='line_1_5' title="bbox 373 576 1777 634; baseline 0 -15"><span class='ocrx_word' id='word_1_31' title='bbox 373 593 462 619; x_wconf 91' lang='lat' dir='ltr'>rum</span> <span class='ocrx_word' id='word_1_32' title='bbox 492 579 607 633; x_wconf 91' lang='lat' dir='ltr'>adjici</span> <span class='ocrx_word' id='word_1_33' title='bbox 635 577 692 616; x_wconf 89' lang='lat' dir='ltr'>fas</span> <span class='ocrx_word' id='word_1_34' title='bbox 711 576 820 615; x_wconf 88' lang='lat' dir='ltr'>fuit?</span> <span class='ocrx_word' id='word_1_35' title='bbox 868 577 1098 614; x_wconf 67' lang='lat' dir='ltr'>Arneus.</span> <span class='ocrx_word' id='word_1_36' title='bbox 1125 576 1194 614; x_wconf 92' lang='lat' dir='ltr'>Tu</span> <span class='ocrx_word' id='word_1_37' title='bbox 1219 590 1308 614; x_wconf 89' lang='lat' dir='ltr'>vero</span> <span class='ocrx_word' id='word_1_38' title='bbox 1337 578 1446 615; x_wconf 89' lang='lat' dir='ltr'>istam</span> <span class='ocrx_word' id='word_1_39' title='bbox 1478 579 1615 618; x_wconf 88' lang='lat' dir='ltr'>Romae</span> <span class='ocrx_word' id='word_1_40' title='bbox 1645 579 1777 634; x_wconf 85' lang='lat' dir='ltr'>legem-</span> 
     </span>
     <span class='ocr_line' id='line_1_6' title="bbox 372 642 1125 700; baseline -0.008 -15"><span class='ocrx_word' id='word_1_41' title='bbox 372 656 505 700; x_wconf 88' lang='lat' dir='ltr'>rogato</span> <span class='ocrx_word' id='word_1_42' title='bbox 520 664 532 691; x_wconf 86' lang='lat'>;</span> <span class='ocrx_word' id='word_1_43' title='bbox 563 645 676 683; x_wconf 90' lang='lat' dir='ltr'>nobis</span> <span class='ocrx_word' id='word_1_44' title='bbox 693 642 835 681; x_wconf 88' lang='lat' dir='ltr'>nostras</span> <span class='ocrx_word' id='word_1_45' title='bbox 856 655 905 680; x_wconf 90' lang='lat' dir='ltr'>ne</span> <span class='ocrx_word' id='word_1_46' title='bbox 924 642 1125 680; x_wconf 87' lang='lat' dir='ltr'>ademeris.</span> 
     </span>
    </p>

    <p class='ocr_par' dir='ltr' id='par_1_3' title="bbox 363 708 1774 1557">
     <span class='ocr_line' id='line_1_7' title="bbox 412 708 1772 762; baseline 0.001 -12"><span class='ocrx_word' id='word_1_47' title='bbox 412 712 504 750; x_wconf 88' lang='lat' dir='ltr'>XV.</span> <span class='ocrx_word' id='word_1_48' title='bbox 527 711 742 748; x_wconf 77' lang='lat' dir='ltr'>MARCUS.</span> <span class='ocrx_word' id='word_1_49' title='bbox 761 708 825 746; x_wconf 89' lang='lat' dir='ltr'>Ad</span> <span class='ocrx_word' id='word_1_50' title='bbox 844 708 968 746; x_wconf 90' lang='lat' dir='ltr'>nostra</span> <span class='ocrx_word' id='word_1_51' title='bbox 985 708 1106 760; x_wconf 86' lang='lat' dir='ltr'>igitur</span> <span class='ocrx_word' id='word_1_52' title='bbox 1125 716 1310 754; x_wconf 84' lang='lat' dir='ltr'>revert0r;</span> <span class='ocrx_word' id='word_1_53' title='bbox 1332 708 1474 761; x_wconf 90' lang='lat' dir='ltr'>quibus</span> <span class='ocrx_word' id='word_1_54' title='bbox 1489 710 1660 762; x_wconf 60' lang='lat' dir='ltr'>prescito</span> <span class='ocrx_word' id='word_1_55' title='bbox 1680 712 1772 753; x_wconf 87' lang='lat' dir='ltr'>dili-</span> 
     </span>
     <span class='ocr_line' id='line_1_8' title="bbox 371 774 1773 831; baseline 0.001 -14"><span class='ocrx_word' id='word_1_56' title='bbox 371 777 586 831; x_wconf 86' lang='lat' dir='ltr'>gentiffime</span> <span class='ocrx_word' id='word_1_57' title='bbox 604 775 852 815; x_wconf 83' lang='lat' dir='ltr'>sanciendum</span> <span class='ocrx_word' id='word_1_58' title='bbox 868 775 939 820; x_wconf 86' lang='lat' dir='ltr'>est,</span> <span class='ocrx_word' id='word_1_59' title='bbox 957 785 1001 813; x_wconf 92' lang='lat' dir='ltr'>ut</span> <span class='ocrx_word' id='word_1_60' title='bbox 1020 774 1230 813; x_wconf 87' lang='lat' dir='ltr'>mulierum</span> <span class='ocrx_word' id='word_1_61' title='bbox 1251 774 1397 814; x_wconf 88' lang='lat' dir='ltr'>famam</span> <span class='ocrx_word' id='word_1_62' title='bbox 1416 776 1633 816; x_wconf 89' lang='lat' dir='ltr'>multorum</span> <span class='ocrx_word' id='word_1_63' title='bbox 1649 781 1773 819; x_wconf 88' lang='lat' dir='ltr'>oculis</span> 
     </span>
     <span class='ocr_line' id='line_1_9' title="bbox 370 840 1772 894; baseline 0.001 -12"><span class='ocrx_word' id='word_1_64' title='bbox 370 844 439 882; x_wconf 81' lang='lat' dir='ltr'>lux</span> <span class='ocrx_word' id='word_1_65' title='bbox 458 843 558 882; x_wconf 88' lang='lat' dir='ltr'>clara</span> <span class='ocrx_word' id='word_1_66' title='bbox 572 841 774 886; x_wconf 84' lang='lat' dir='ltr'>custodiat,</span> <span class='ocrx_word' id='word_1_67' title='bbox 792 840 1072 893; x_wconf 88' lang='lat' dir='ltr'>initienturque</span> <span class='ocrx_word' id='word_1_68' title='bbox 1086 853 1131 879; x_wconf 91' lang='lat' dir='ltr'>eo</span> <span class='ocrx_word' id='word_1_69' title='bbox 1150 840 1228 879; x_wconf 87' lang='lat' dir='ltr'>ritu</span> <span class='ocrx_word' id='word_1_70' title='bbox 1244 841 1389 886; x_wconf 90' lang='lat' dir='ltr'>Cereri,</span> <span class='ocrx_word' id='word_1_71' title='bbox 1407 854 1486 894; x_wconf 93' lang='lat' dir='ltr'>quo</span> <span class='ocrx_word' id='word_1_72' title='bbox 1505 842 1644 881; x_wconf 87' lang='lat' dir='ltr'>Romae</span> <span class='ocrx_word' id='word_1_73' title='bbox 1661 844 1772 883; x_wconf 87' lang='lat' dir='ltr'>initi-</span> 
     </span>
     <span class='ocr_line' id='line_1_10' title="bbox 370 907 1772 961; baseline 0.001 -14"><span class='ocrx_word' id='word_1_74' title='bbox 370 918 494 947; x_wconf 86' lang='lat' dir='ltr'>antur.</span> <span class='ocrx_word' id='word_1_75' title='bbox 533 910 626 961; x_wconf 85' lang='lat' dir='ltr'>Qo</span> <span class='ocrx_word' id='word_1_76' title='bbox 645 908 686 946; x_wconf 88' lang='lat' dir='ltr'>in</span> <span class='ocrx_word' id='word_1_77' title='bbox 705 920 842 960; x_wconf 86' lang='lat' dir='ltr'>genere</span> <span class='ocrx_word' id='word_1_78' title='bbox 861 907 1098 946; x_wconf 90' lang='lat' dir='ltr'>severitatem</span> <span class='ocrx_word' id='word_1_79' title='bbox 1118 908 1311 960; x_wconf 88' lang='lat' dir='ltr'>majorum</span> <span class='ocrx_word' id='word_1_80' title='bbox 1332 908 1480 947; x_wconf 69' lang='lat' dir='ltr'>senatus</span> <span class='ocrx_word' id='word_1_81' title='bbox 1500 918 1608 948; x_wconf 92' lang='lat' dir='ltr'>vetus</span> <span class='ocrx_word' id='word_1_82' title='bbox 1638 912 1772 949; x_wconf 66' lang='lat' dir='ltr'>aufto-</span> 
     </span>
     <span class='ocr_line' id='line_1_11' title="bbox 367 973 1774 1029; baseline 0.001 -16"><span class='ocrx_word' id='word_1_83' title='bbox 367 975 456 1013; x_wconf 87' lang='lat' dir='ltr'>ritas</span> <span class='ocrx_word' id='word_1_84' title='bbox 477 974 524 1013; x_wconf 92' lang='lat' dir='ltr'>de</span> <span class='ocrx_word' id='word_1_85' title='bbox 545 973 863 1019; x_wconf 84' lang='lat' dir='ltr'>Bacchanalibus,</span> <span class='ocrx_word' id='word_1_86' title='bbox 894 983 933 1012; x_wconf 89' lang='lat' dir='ltr'>et</span> <span class='ocrx_word' id='word_1_87' title='bbox 953 973 1184 1020; x_wconf 82' lang='lat' dir='ltr'>Consulum,</span> <span class='ocrx_word' id='word_1_88' title='bbox 1205 974 1378 1013; x_wconf 84' lang='lat' dir='ltr'>exercitu</span> <span class='ocrx_word' id='word_1_89' title='bbox 1396 974 1584 1021; x_wconf 90' lang='lat' dir='ltr'>adhibito,</span> <span class='ocrx_word' id='word_1_90' title='bbox 1617 977 1774 1029; x_wconf 82' lang='lat' dir='ltr'>quaestio</span> 
     </span>
     <span class='ocr_line' id='line_1_12' title="bbox 368 1041 1771 1094; baseline 0.001 -14"><span class='ocrx_word' id='word_1_91' title='bbox 368 1042 720 1094; x_wconf 75' lang='lat' dir='ltr'>animadversioque</span> <span class='ocrx_word' id='word_1_92' title='bbox 743 1041 922 1080; x_wconf 82' lang='lat' dir='ltr'>declarat.</span> <span class='ocrx_word' id='word_1_93' title='bbox 957 1043 1090 1094; x_wconf 89' lang='lat' dir='ltr'>Atque</span> <span class='ocrx_word' id='word_1_94' title='bbox 1109 1042 1241 1080; x_wconf 89' lang='lat' dir='ltr'>omnia</span> <span class='ocrx_word' id='word_1_95' title='bbox 1259 1043 1458 1088; x_wconf 59' lang='lat' dir='ltr'>noifflrna,</span> <span class='ocrx_word' id='word_1_96' title='bbox 1480 1055 1527 1080; x_wconf 91' lang='lat' dir='ltr'>ne</span> <span class='ocrx_word' id='word_1_97' title='bbox 1548 1056 1616 1081; x_wconf 89' lang='lat' dir='ltr'>nos</span> <span class='ocrx_word' id='word_1_98' title='bbox 1637 1043 1771 1082; x_wconf 93' lang='lat' dir='ltr'>durio-</span> 
     </span>
     <span class='ocr_line' id='line_1_13' title="bbox 370 1107 1772 1163; baseline 0.001 -17"><span class='ocrx_word' id='word_1_99' title='bbox 370 1121 427 1147; x_wconf 89' lang='lat' dir='ltr'>res</span> <span class='ocrx_word' id='word_1_100' title='bbox 448 1108 548 1146; x_wconf 92' lang='lat' dir='ltr'>forte</span> <span class='ocrx_word' id='word_1_101' title='bbox 567 1108 781 1153; x_wconf 86' lang='lat' dir='ltr'>videamur,</span> <span class='ocrx_word' id='word_1_102' title='bbox 810 1108 851 1146; x_wconf 91' lang='lat' dir='ltr'>in</span> <span class='ocrx_word' id='word_1_103' title='bbox 877 1108 1004 1146; x_wconf 91' lang='lat' dir='ltr'>media</span> <span class='ocrx_word' id='word_1_104' title='bbox 1025 1108 1176 1147; x_wconf 83' lang='lat' dir='ltr'>Graecia</span> <span class='ocrx_word' id='word_1_105' title='bbox 1201 1108 1422 1161; x_wconf 87' lang='lat' dir='ltr'>Diagondas</span> <span class='ocrx_word' id='word_1_106' title='bbox 1444 1107 1655 1148; x_wconf 85' lang='lat' dir='ltr'>Thebanus</span> <span class='ocrx_word' id='word_1_107' title='bbox 1688 1110 1772 1163; x_wconf 86' lang='lat' dir='ltr'>lege</span> 
     </span>
     <span class='ocr_line' id='line_1_14' title="bbox 368 1173 1770 1226; baseline 0.001 -14"><span class='ocrx_word' id='word_1_108' title='bbox 368 1183 549 1226; x_wconf 87' lang='lat' dir='ltr'>perpetua</span> <span class='ocrx_word' id='word_1_109' title='bbox 569 1173 730 1213; x_wconf 89' lang='lat' dir='ltr'>sustulit.</span> <span class='ocrx_word' id='word_1_110' title='bbox 762 1174 899 1213; x_wconf 84' lang='lat' dir='ltr'>Novos</span> <span class='ocrx_word' id='word_1_111' title='bbox 918 1188 1008 1213; x_wconf 92' lang='lat' dir='ltr'>vero</span> <span class='ocrx_word' id='word_1_112' title='bbox 1034 1175 1154 1219; x_wconf 88' lang='lat' dir='ltr'>Deos,</span> <span class='ocrx_word' id='word_1_113' title='bbox 1176 1183 1214 1212; x_wconf 91' lang='lat' dir='ltr'>et</span> <span class='ocrx_word' id='word_1_114' title='bbox 1233 1174 1274 1212; x_wconf 91' lang='lat' dir='ltr'>in</span> <span class='ocrx_word' id='word_1_115' title='bbox 1294 1174 1355 1213; x_wconf 84' lang='lat' dir='ltr'>his</span> <span class='ocrx_word' id='word_1_116' title='bbox 1375 1174 1546 1213; x_wconf 88' lang='lat' dir='ltr'>colendis</span> <span class='ocrx_word' id='word_1_117' title='bbox 1566 1177 1770 1215; x_wconf 62' lang='lat' dir='ltr'>nosturnas</span> 
     </span>
     <span class='ocr_line' id='line_1_15' title="bbox 367 1239 1770 1292; baseline 0.001 -14"><span class='ocrx_word' id='word_1_118' title='bbox 367 1240 676 1292; x_wconf 87' lang='lat' dir='ltr'>pervigilationes</span> <span class='ocrx_word' id='word_1_119' title='bbox 697 1240 747 1276; x_wconf 90' lang='lat' dir='ltr'>fic</span> <span class='ocrx_word' id='word_1_120' title='bbox 766 1239 1055 1292; x_wconf 86' lang='lat' dir='ltr'>Aristophanes,</span> <span class='ocrx_word' id='word_1_121' title='bbox 1068 1240 1316 1277; x_wconf 85' lang='lat' dir='ltr'>facetiffimus</span> <span class='ocrx_word' id='word_1_122' title='bbox 1336 1249 1449 1292; x_wconf 87' lang='lat' dir='ltr'>poeta</span> <span class='ocrx_word' id='word_1_123' title='bbox 1463 1242 1598 1279; x_wconf 90' lang='lat' dir='ltr'>veteris</span> <span class='ocrx_word' id='word_1_124' title='bbox 1619 1255 1770 1280; x_wconf 85' lang='lat' dir='ltr'>comoe-</span> 
     </span>
     <span class='ocr_line' id='line_1_16' title="bbox 367 1304 1772 1360; baseline 0.002 -17"><span class='ocrx_word' id='word_1_125' title='bbox 367 1305 452 1350; x_wconf 87' lang='lat' dir='ltr'>diae,</span> <span class='ocrx_word' id='word_1_126' title='bbox 473 1315 598 1350; x_wconf 86' lang='lat' dir='ltr'>vexat,</span> <span class='ocrx_word' id='word_1_127' title='bbox 618 1314 662 1343; x_wconf 91' lang='lat' dir='ltr'>ut</span> <span class='ocrx_word' id='word_1_128' title='bbox 680 1305 782 1357; x_wconf 88' lang='lat' dir='ltr'>apud</span> <span class='ocrx_word' id='word_1_129' title='bbox 812 1318 904 1342; x_wconf 90' lang='lat' dir='ltr'>eum</span> <span class='ocrx_word' id='word_1_130' title='bbox 924 1304 1118 1350; x_wconf 88' lang='lat' dir='ltr'>Sabazius,</span> <span class='ocrx_word' id='word_1_131' title='bbox 1151 1313 1189 1342; x_wconf 93' lang='lat' dir='ltr'>et</span> <span class='ocrx_word' id='word_1_132' title='bbox 1206 1304 1366 1356; x_wconf 89' lang='lat' dir='ltr'>quidam</span> <span class='ocrx_word' id='word_1_133' title='bbox 1396 1304 1462 1342; x_wconf 84' lang='lat' dir='ltr'>alii</span> <span class='ocrx_word' id='word_1_134' title='bbox 1482 1305 1552 1343; x_wconf 89' lang='lat' dir='ltr'>Dii</span> <span class='ocrx_word' id='word_1_135' title='bbox 1581 1308 1772 1360; x_wconf 87' lang='lat' dir='ltr'>peregrini</span> 
     </span>
     <span class='ocr_line' id='line_1_17' title="bbox 363 1371 1770 1426; baseline 0.002 -17"><span class='ocrx_word' id='word_1_136' title='bbox 363 1371 541 1423; x_wconf 88' lang='lat' dir='ltr'>judicati,</span> <span class='ocrx_word' id='word_1_137' title='bbox 577 1385 597 1409; x_wconf 93' lang='lat' dir='ltr'>e</span> <span class='ocrx_word' id='word_1_138' title='bbox 616 1372 771 1410; x_wconf 85' lang='lat' dir='ltr'>civitate</span> <span class='ocrx_word' id='word_1_139' title='bbox 790 1371 1004 1423; x_wconf 85' lang='lat' dir='ltr'>ejiciantur.</span> <span class='ocrx_word' id='word_1_140' title='bbox 1051 1371 1238 1409; x_wconf 87' lang='lat' dir='ltr'>Publicus</span> <span class='ocrx_word' id='word_1_141' title='bbox 1264 1380 1395 1409; x_wconf 89' lang='lat' dir='ltr'>autem</span> <span class='ocrx_word' id='word_1_142' title='bbox 1416 1371 1585 1410; x_wconf 88' lang='lat' dir='ltr'>sacerdos</span> <span class='ocrx_word' id='word_1_143' title='bbox 1616 1373 1770 1426; x_wconf 91' lang='lat' dir='ltr'>impru-</span> 
     </span>
     <span class='ocr_line' id='line_1_18' title="bbox 369 1437 1770 1492; baseline 0.003 -17"><span class='ocrx_word' id='word_1_144' title='bbox 369 1438 538 1477; x_wconf 89' lang='lat' dir='ltr'>dentiam</span> <span class='ocrx_word' id='word_1_145' title='bbox 551 1439 709 1477; x_wconf 88' lang='lat' dir='ltr'>confilio</span> <span class='ocrx_word' id='word_1_146' title='bbox 728 1439 921 1492; x_wconf 84' lang='lat' dir='ltr'>expiatam</span> <span class='ocrx_word' id='word_1_147' title='bbox 937 1447 1047 1477; x_wconf 89' lang='lat' dir='ltr'>metu</span> <span class='ocrx_word' id='word_1_148' title='bbox 1065 1437 1222 1484; x_wconf 88' lang='lat' dir='ltr'>liberet,-</span> <span class='ocrx_word' id='word_1_149' title='bbox 1245 1438 1444 1476; x_wconf 88' lang='lat' dir='ltr'>audaciam</span> <span class='ocrx_word' id='word_1_150' title='bbox 1462 1439 1503 1476; x_wconf 90' lang='lat' dir='ltr'>in</span> <span class='ocrx_word' id='word_1_151' title='bbox 1521 1439 1770 1480; x_wconf 85' lang='lat' dir='ltr'>admittendis</span> 
     </span>
     <span class='ocr_line' id='line_1_19' title="bbox 369 1504 1437 1557; baseline 0.003 -17"><span class='ocrx_word' id='word_1_152' title='bbox 369 1504 620 1556; x_wconf 87' lang='lat' dir='ltr'>religionibus</span> <span class='ocrx_word' id='word_1_153' title='bbox 639 1504 754 1543; x_wconf 83' lang='lat' dir='ltr'>foedis</span> <span class='ocrx_word' id='word_1_154' title='bbox 773 1505 943 1550; x_wconf 89' lang='lat' dir='ltr'>damnet,</span> <span class='ocrx_word' id='word_1_155' title='bbox 965 1513 1079 1557; x_wconf 90' lang='lat' dir='ltr'>atque</span> <span class='ocrx_word' id='word_1_156' title='bbox 1098 1505 1260 1557; x_wconf 86' lang='lat' dir='ltr'>impiam</span> <span class='ocrx_word' id='word_1_157' title='bbox 1276 1506 1437 1557; x_wconf 89' lang='lat' dir='ltr'>judicet.</span> 
     </span>
    </p>

    <p class='ocr_par' dir='ltr' id='par_1_4' title="bbox 365 1569 1770 2675">
     <span class='ocr_line' id='line_1_20' title="bbox 422 1569 1770 1624; baseline 0.002 -17"><span class='ocrx_word' id='word_1_158' title='bbox 422 1569 512 1620; x_wconf 89' lang='lat' dir='ltr'>Jam</span> <span class='ocrx_word' id='word_1_159' title='bbox 545 1569 629 1608; x_wconf 93' lang='lat' dir='ltr'>ludi</span> <span class='ocrx_word' id='word_1_160' title='bbox 660 1569 824 1622; x_wconf 89' lang='lat' dir='ltr'>publici,</span> <span class='ocrx_word' id='word_1_161' title='bbox 854 1570 1040 1622; x_wconf 90' lang='lat' dir='ltr'>quoniam</span> <span class='ocrx_word' id='word_1_162' title='bbox 1071 1570 1159 1609; x_wconf 92' lang='lat' dir='ltr'>sunt</span> <span class='ocrx_word' id='word_1_163' title='bbox 1189 1584 1298 1609; x_wconf 88' lang='lat' dir='ltr'>cavea</span> <span class='ocrx_word' id='word_1_164' title='bbox 1327 1572 1509 1624; x_wconf 90' lang='lat' dir='ltr'>circoque</span> <span class='ocrx_word' id='word_1_165' title='bbox 1539 1572 1660 1617; x_wconf 82' lang='lat' dir='ltr'>divifi,</span> <span class='ocrx_word' id='word_1_166' title='bbox 1697 1572 1770 1610; x_wconf 88' lang='lat' dir='ltr'>fint</span> 
     </span>
     <span class='ocr_line' id='line_1_21' title="bbox 369 1635 1768 1689; baseline 0.002 -16"><span class='ocrx_word' id='word_1_167' title='bbox 369 1649 577 1688; x_wconf 88' lang='lat' dir='ltr'>corporum</span> <span class='ocrx_word' id='word_1_168' title='bbox 609 1636 849 1680; x_wconf 88' lang='lat' dir='ltr'>certationes,</span> <span class='ocrx_word' id='word_1_169' title='bbox 881 1635 1007 1681; x_wconf 89' lang='lat' dir='ltr'>cursu,</span> <span class='ocrx_word' id='word_1_170' title='bbox 1042 1646 1081 1674; x_wconf 93' lang='lat' dir='ltr'>et</span> <span class='ocrx_word' id='word_1_171' title='bbox 1110 1637 1362 1689; x_wconf 86' lang='lat' dir='ltr'>pugilatione,</span> <span class='ocrx_word' id='word_1_172' title='bbox 1391 1638 1613 1682; x_wconf 62' lang='lat' dir='ltr'>luctatione,</span> <span class='ocrx_word' id='word_1_173' title='bbox 1644 1639 1768 1676; x_wconf 92' lang='lat' dir='ltr'>curri-</span> 
     </span>
     <span class='ocr_line' id='line_1_22' title="bbox 368 1701 1765 1754; baseline 0.002 -15"><span class='ocrx_word' id='word_1_174' title='bbox 368 1701 541 1754; x_wconf 88' lang='lat' dir='ltr'>culisque</span> <span class='ocrx_word' id='word_1_175' title='bbox 559 1715 750 1754; x_wconf 90' lang='lat' dir='ltr'>equorum</span> <span class='ocrx_word' id='word_1_176' title='bbox 781 1701 900 1754; x_wconf 90' lang='lat' dir='ltr'>usque</span> <span class='ocrx_word' id='word_1_177' title='bbox 931 1702 977 1740; x_wconf 90' lang='lat' dir='ltr'>ad</span> <span class='ocrx_word' id='word_1_178' title='bbox 1006 1711 1149 1740; x_wconf 89' lang='lat' dir='ltr'>certam</span> <span class='ocrx_word' id='word_1_179' title='bbox 1169 1702 1369 1740; x_wconf 69' lang='lat' dir='ltr'>victoriam</span> <span class='ocrx_word' id='word_1_180' title='bbox 1400 1703 1503 1741; x_wconf 90' lang='lat' dir='ltr'>circo</span> <span class='ocrx_word' id='word_1_181' title='bbox 1523 1703 1765 1749; x_wconf 72' lang='lat' dir='ltr'>constitutis,</span> 
     </span>
     <span class='ocr_line' id='line_1_23' title="bbox 367 1767 1769 1813; baseline 0.003 -9"><span class='ocrx_word' id='word_1_182' title='bbox 367 1779 491 1812; x_wconf 87' lang='lat' dir='ltr'>cavea,</span> <span class='ocrx_word' id='word_1_183' title='bbox 521 1776 652 1811; x_wconf 87' lang='lat' dir='ltr'>cantu,</span> <span class='ocrx_word' id='word_1_184' title='bbox 680 1779 775 1805; x_wconf 91' lang='lat' dir='ltr'>voce</span> <span class='ocrx_word' id='word_1_185' title='bbox 804 1781 846 1805; x_wconf 88' lang='lat' dir='ltr'>ac</span> <span class='ocrx_word' id='word_1_186' title='bbox 869 1767 1010 1806; x_wconf 87' lang='lat' dir='ltr'>fidibus</span> <span class='ocrx_word' id='word_1_187' title='bbox 1039 1777 1078 1806; x_wconf 90' lang='lat' dir='ltr'>et</span> <span class='ocrx_word' id='word_1_188' title='bbox 1104 1768 1225 1813; x_wconf 87' lang='lat' dir='ltr'>tibiis,</span> <span class='ocrx_word' id='word_1_189' title='bbox 1256 1769 1473 1807; x_wconf 90' lang='lat' dir='ltr'>dummodo</span> <span class='ocrx_word' id='word_1_190' title='bbox 1502 1782 1544 1807; x_wconf 88' lang='lat' dir='ltr'>ea</span> <span class='ocrx_word' id='word_1_191' title='bbox 1575 1770 1769 1809; x_wconf 90' lang='lat' dir='ltr'>moderata</span> 
     </span>
     <span class='ocr_line' id='line_1_24' title="bbox 367 1832 1768 1886; baseline 0.002 -15"><span class='ocrx_word' id='word_1_192' title='bbox 367 1832 453 1878; x_wconf 88' lang='lat' dir='ltr'>fint,</span> <span class='ocrx_word' id='word_1_193' title='bbox 473 1842 516 1871; x_wconf 93' lang='lat' dir='ltr'>ut</span> <span class='ocrx_word' id='word_1_194' title='bbox 528 1833 610 1886; x_wconf 91' lang='lat' dir='ltr'>lege</span> <span class='ocrx_word' id='word_1_195' title='bbox 625 1833 895 1886; x_wconf 85' lang='lat' dir='ltr'>praescribitur.</span> <span class='ocrx_word' id='word_1_196' title='bbox 918 1833 1112 1872; x_wconf 86' lang='lat' dir='ltr'>Assentior</span> <span class='ocrx_word' id='word_1_197' title='bbox 1131 1835 1236 1872; x_wconf 88' lang='lat' dir='ltr'>enim</span> <span class='ocrx_word' id='word_1_198' title='bbox 1253 1835 1419 1879; x_wconf 87' lang='lat' dir='ltr'>Platoni,</span> <span class='ocrx_word' id='word_1_199' title='bbox 1441 1834 1540 1873; x_wconf 89' lang='lat' dir='ltr'>nihil</span> <span class='ocrx_word' id='word_1_200' title='bbox 1559 1845 1638 1873; x_wconf 87' lang='lat' dir='ltr'>tam</span> <span class='ocrx_word' id='word_1_201' title='bbox 1654 1835 1768 1875; x_wconf 84' lang='lat' dir='ltr'>facile</span> 
     </span>
     <span class='ocr_line' id='line_1_25' title="bbox 367 1898 1768 1951; baseline 0.003 -16"><span class='ocrx_word' id='word_1_202' title='bbox 367 1899 408 1936; x_wconf 90' lang='lat' dir='ltr'>in</span> <span class='ocrx_word' id='word_1_203' title='bbox 428 1899 576 1937; x_wconf 89' lang='lat' dir='ltr'>animos</span> <span class='ocrx_word' id='word_1_204' title='bbox 608 1908 756 1937; x_wconf 90' lang='lat' dir='ltr'>teneros</span> <span class='ocrx_word' id='word_1_205' title='bbox 787 1907 902 1950; x_wconf 91' lang='lat' dir='ltr'>atque</span> <span class='ocrx_word' id='word_1_206' title='bbox 932 1898 1071 1936; x_wconf 89' lang='lat' dir='ltr'>molles</span> <span class='ocrx_word' id='word_1_207' title='bbox 1105 1898 1277 1944; x_wconf 88' lang='lat' dir='ltr'>influere,</span> <span class='ocrx_word' id='word_1_208' title='bbox 1305 1913 1424 1951; x_wconf 89' lang='lat' dir='ltr'>quam</span> <span class='ocrx_word' id='word_1_209' title='bbox 1458 1901 1579 1938; x_wconf 87' lang='lat' dir='ltr'>varios</span> <span class='ocrx_word' id='word_1_210' title='bbox 1607 1903 1768 1940; x_wconf 89' lang='lat' dir='ltr'>canendi</span> 
     </span>
     <span class='ocr_line' id='line_1_26' title="bbox 366 1962 1766 2019; baseline 0.003 -18"><span class='ocrx_word' id='word_1_211' title='bbox 366 1962 474 2001; x_wconf 91' lang='lat' dir='ltr'>sonos</span> <span class='ocrx_word' id='word_1_212' title='bbox 490 1978 498 2002; x_wconf 92' lang='lat'>:</span> <span class='ocrx_word' id='word_1_213' title='bbox 521 1976 691 2016; x_wconf 91' lang='lat' dir='ltr'>quorum</span> <span class='ocrx_word' id='word_1_214' title='bbox 710 1963 788 2001; x_wconf 86' lang='lat' dir='ltr'>dici</span> <span class='ocrx_word' id='word_1_215' title='bbox 804 1963 869 2001; x_wconf 87' lang='lat' dir='ltr'>vix</span> <span class='ocrx_word' id='word_1_216' title='bbox 888 1963 1011 2016; x_wconf 91' lang='lat' dir='ltr'>potest</span> <span class='ocrx_word' id='word_1_217' title='bbox 1026 1973 1169 2017; x_wconf 88' lang='lat' dir='ltr'>quanta</span> <span class='ocrx_word' id='word_1_218' title='bbox 1188 1964 1233 2002; x_wconf 87' lang='lat' dir='ltr'>fit</span> <span class='ocrx_word' id='word_1_219' title='bbox 1249 1964 1305 2003; x_wconf 90' lang='lat' dir='ltr'>vis</span> <span class='ocrx_word' id='word_1_220' title='bbox 1326 1964 1366 2003; x_wconf 91' lang='lat' dir='ltr'>in</span> <span class='ocrx_word' id='word_1_221' title='bbox 1384 1974 1588 2018; x_wconf 89' lang='lat' dir='ltr'>utramque</span> <span class='ocrx_word' id='word_1_222' title='bbox 1602 1976 1766 2019; x_wconf 79' lang='lat' dir='ltr'>partem.</span> 
     </span>
     <span class='ocr_line' id='line_1_27' title="bbox 365 2028 1767 2083; baseline 0.003 -16"><span class='ocrx_word' id='word_1_223' title='bbox 365 2028 550 2081; x_wconf 89' lang='lat' dir='ltr'>Namque</span> <span class='ocrx_word' id='word_1_224' title='bbox 568 2038 607 2068; x_wconf 88' lang='lat' dir='ltr'>et</span> <span class='ocrx_word' id='word_1_225' title='bbox 635 2029 773 2067; x_wconf 89' lang='lat' dir='ltr'>incitat</span> <span class='ocrx_word' id='word_1_226' title='bbox 801 2029 1042 2082; x_wconf 87' lang='lat' dir='ltr'>languentes,</span> <span class='ocrx_word' id='word_1_227' title='bbox 1074 2039 1113 2068; x_wconf 92' lang='lat' dir='ltr'>et</span> <span class='ocrx_word' id='word_1_228' title='bbox 1132 2029 1366 2083; x_wconf 87' lang='lat' dir='ltr'>languefacit</span> <span class='ocrx_word' id='word_1_229' title='bbox 1385 2032 1584 2076; x_wconf 82' lang='lat' dir='ltr'>excitatos,</span> <span class='ocrx_word' id='word_1_230' title='bbox 1615 2042 1653 2070; x_wconf 89' lang='lat' dir='ltr'>et</span> <span class='ocrx_word' id='word_1_231' title='bbox 1681 2042 1767 2071; x_wconf 89' lang='lat' dir='ltr'>tum</span> 
     </span>
     <span class='ocr_line' id='line_1_28' title="bbox 366 2094 1767 2148; baseline 0.003 -16"><span class='ocrx_word' id='word_1_232' title='bbox 366 2094 529 2132; x_wconf 87' lang='lat' dir='ltr'>remittit</span> <span class='ocrx_word' id='word_1_233' title='bbox 548 2094 710 2140; x_wconf 85' lang='lat' dir='ltr'>animos,</span> <span class='ocrx_word' id='word_1_234' title='bbox 738 2104 825 2133; x_wconf 88' lang='lat' dir='ltr'>tum</span> <span class='ocrx_word' id='word_1_235' title='bbox 845 2094 1040 2134; x_wconf 87' lang='lat' dir='ltr'>contrahit</span> <span class='ocrx_word' id='word_1_236' title='bbox 1057 2111 1065 2134; x_wconf 91' lang='lat'>:</span> <span class='ocrx_word' id='word_1_237' title='bbox 1096 2096 1376 2148; x_wconf 86' lang='lat' dir='ltr'>civitatumque</span> <span class='ocrx_word' id='word_1_238' title='bbox 1395 2095 1470 2134; x_wconf 92' lang='lat' dir='ltr'>hoc</span> <span class='ocrx_word' id='word_1_239' title='bbox 1492 2097 1704 2136; x_wconf 88' lang='lat' dir='ltr'>multarum</span> <span class='ocrx_word' id='word_1_240' title='bbox 1725 2099 1767 2136; x_wconf 89' lang='lat' dir='ltr'>in</span> 
     </span>
     <span class='ocr_line' id='line_1_29' title="bbox 366 2160 1766 2215; baseline 0.004 -17"><span class='ocrx_word' id='word_1_241' title='bbox 366 2160 517 2198; x_wconf 86' lang='lat' dir='ltr'>Graecia</span> <span class='ocrx_word' id='word_1_242' title='bbox 534 2160 726 2206; x_wconf 88' lang='lat' dir='ltr'>interfuit,</span> <span class='ocrx_word' id='word_1_243' title='bbox 747 2161 953 2213; x_wconf 89' lang='lat' dir='ltr'>antiquum</span> <span class='ocrx_word' id='word_1_244' title='bbox 965 2175 1107 2200; x_wconf 90' lang='lat' dir='ltr'>vocum</span> <span class='ocrx_word' id='word_1_245' title='bbox 1129 2162 1268 2200; x_wconf 90' lang='lat' dir='ltr'>servare</span> <span class='ocrx_word' id='word_1_246' title='bbox 1286 2162 1448 2201; x_wconf 87' lang='lat' dir='ltr'>modum</span> <span class='ocrx_word' id='word_1_247' title='bbox 1462 2181 1473 2207; x_wconf 83' lang='lat'>3</span> <span class='ocrx_word' id='word_1_248' title='bbox 1496 2177 1660 2215; x_wconf 89' lang='lat' dir='ltr'>quarum</span> <span class='ocrx_word' id='word_1_249' title='bbox 1676 2178 1766 2203; x_wconf 92' lang='lat' dir='ltr'>mo-</span> 
     </span>
     <span class='ocr_line' id='line_1_30' title="bbox 365 2225 1766 2278; baseline 0.003 -15"><span class='ocrx_word' id='word_1_250' title='bbox 365 2238 422 2263; x_wconf 87' lang='lat' dir='ltr'>res</span> <span class='ocrx_word' id='word_1_251' title='bbox 443 2225 532 2278; x_wconf 88' lang='lat' dir='ltr'>lapfi</span> <span class='ocrx_word' id='word_1_252' title='bbox 552 2226 598 2263; x_wconf 91' lang='lat' dir='ltr'>ad</span> <span class='ocrx_word' id='word_1_253' title='bbox 618 2225 842 2270; x_wconf 81' lang='lat' dir='ltr'>mollitiem,</span> <span class='ocrx_word' id='word_1_254' title='bbox 873 2227 1012 2278; x_wconf 90' lang='lat' dir='ltr'>pariter</span> <span class='ocrx_word' id='word_1_255' title='bbox 1033 2226 1119 2264; x_wconf 91' lang='lat' dir='ltr'>sunt</span> <span class='ocrx_word' id='word_1_256' title='bbox 1139 2227 1337 2264; x_wconf 89' lang='lat' dir='ltr'>immutati</span> <span class='ocrx_word' id='word_1_257' title='bbox 1358 2240 1451 2265; x_wconf 90' lang='lat' dir='ltr'>cum</span> <span class='ocrx_word' id='word_1_258' title='bbox 1477 2228 1669 2274; x_wconf 86' lang='lat' dir='ltr'>cantibus,</span> <span class='ocrx_word' id='word_1_259' title='bbox 1701 2238 1766 2268; x_wconf 87' lang='lat' dir='ltr'>aut</span> 
     </span>
     <span class='ocr_line' id='line_1_31' title="bbox 365 2290 1763 2347; baseline 0.004 -19"><span class='ocrx_word' id='word_1_260' title='bbox 365 2290 437 2329; x_wconf 86' lang='lat' dir='ltr'>hac</span> <span class='ocrx_word' id='word_1_261' title='bbox 456 2291 660 2329; x_wconf 84' lang='lat' dir='ltr'>dulcedine</span> <span class='ocrx_word' id='word_1_262' title='bbox 692 2291 984 2343; x_wconf 88' lang='lat' dir='ltr'>corruptelaque</span> <span class='ocrx_word' id='word_1_263' title='bbox 1005 2291 1208 2343; x_wconf 87' lang='lat' dir='ltr'>depravati,</span> <span class='ocrx_word' id='word_1_264' title='bbox 1237 2302 1280 2330; x_wconf 93' lang='lat' dir='ltr'>ut</span> <span class='ocrx_word' id='word_1_265' title='bbox 1309 2293 1467 2345; x_wconf 87' lang='lat' dir='ltr'>quidam</span> <span class='ocrx_word' id='word_1_266' title='bbox 1488 2303 1651 2347; x_wconf 84' lang='lat' dir='ltr'>putant;</span> <span class='ocrx_word' id='word_1_267' title='bbox 1683 2304 1763 2341; x_wconf 90' lang='lat' dir='ltr'>aut,</span> 
     </span>
     <span class='ocr_line' id='line_1_32' title="bbox 366 2357 1764 2404; baseline 0.004 -11"><span class='ocrx_word' id='word_1_268' title='bbox 366 2369 456 2394; x_wconf 86' lang='lat' dir='ltr'>cum</span> <span class='ocrx_word' id='word_1_269' title='bbox 477 2357 649 2395; x_wconf 86' lang='lat' dir='ltr'>severitas</span> <span class='ocrx_word' id='word_1_270' title='bbox 669 2371 804 2395; x_wconf 87' lang='lat' dir='ltr'>eorum</span> <span class='ocrx_word' id='word_1_271' title='bbox 830 2358 881 2395; x_wconf 91' lang='lat' dir='ltr'>ob</span> <span class='ocrx_word' id='word_1_272' title='bbox 902 2357 973 2395; x_wconf 87' lang='lat' dir='ltr'>alia</span> <span class='ocrx_word' id='word_1_273' title='bbox 993 2358 1086 2394; x_wconf 84' lang='lat' dir='ltr'>vitia</span> <span class='ocrx_word' id='word_1_274' title='bbox 1111 2357 1315 2404; x_wconf 76' lang='lat' dir='ltr'>cecidisset,</span> <span class='ocrx_word' id='word_1_275' title='bbox 1348 2369 1435 2397; x_wconf 90' lang='lat' dir='ltr'>tum</span> <span class='ocrx_word' id='word_1_276' title='bbox 1454 2358 1530 2398; x_wconf 88' lang='lat' dir='ltr'>fuit</span> <span class='ocrx_word' id='word_1_277' title='bbox 1549 2360 1589 2398; x_wconf 92' lang='lat' dir='ltr'>in</span> <span class='ocrx_word' id='word_1_278' title='bbox 1610 2361 1764 2399; x_wconf 87' lang='lat' dir='ltr'>auribus</span> 
     </span>
     <span class='ocr_line' id='line_1_33' title="bbox 367 2421 1764 2478; baseline 0.003 -18"><span class='ocrx_word' id='word_1_279' title='bbox 367 2421 578 2475; x_wconf 84' lang='lat' dir='ltr'>animisque</span> <span class='ocrx_word' id='word_1_280' title='bbox 599 2424 756 2461; x_wconf 86' lang='lat' dir='ltr'>mutatis</span> <span class='ocrx_word' id='word_1_281' title='bbox 777 2424 892 2461; x_wconf 89' lang='lat' dir='ltr'>etiam</span> <span class='ocrx_word' id='word_1_282' title='bbox 910 2422 1002 2461; x_wconf 87' lang='lat' dir='ltr'>huic</span> <span class='ocrx_word' id='word_1_283' title='bbox 1023 2424 1227 2462; x_wconf 89' lang='lat' dir='ltr'>mutationi</span> <span class='ocrx_word' id='word_1_284' title='bbox 1247 2424 1369 2463; x_wconf 87' lang='lat' dir='ltr'>locus.</span> <span class='ocrx_word' id='word_1_285' title='bbox 1411 2426 1678 2478; x_wconf 86' lang='lat' dir='ltr'>Qamobrem</span> <span class='ocrx_word' id='word_1_286' title='bbox 1698 2427 1764 2464; x_wconf 92' lang='lat' dir='ltr'>ille</span> 
     </span>
     <span class='ocr_line' id='line_1_34' title="bbox 368 2487 1763 2543; baseline 0.004 -19"><span class='ocrx_word' id='word_1_287' title='bbox 368 2487 526 2537; x_wconf 86' lang='lat' dir='ltr'>quidem</span> <span class='ocrx_word' id='word_1_288' title='bbox 557 2489 844 2542; x_wconf 78' lang='lat' dir='ltr'>sapientissimus</span> <span class='ocrx_word' id='word_1_289' title='bbox 877 2490 1036 2528; x_wconf 76' lang='lat' dir='ltr'>Graeciae</span> <span class='ocrx_word' id='word_1_290' title='bbox 1063 2491 1132 2534; x_wconf 83' lang='lat' dir='ltr'>vir,</span> <span class='ocrx_word' id='word_1_291' title='bbox 1165 2490 1355 2543; x_wconf 79' lang='lat' dir='ltr'>longeque</span> <span class='ocrx_word' id='word_1_292' title='bbox 1373 2492 1624 2536; x_wconf 66' lang='lat' dir='ltr'>doctissimus,</span> <span class='ocrx_word' id='word_1_293' title='bbox 1655 2492 1763 2530; x_wconf 80' lang='lat' dir='ltr'>valde</span> 
     </span>
     <span class='ocr_line' id='line_1_35' title="bbox 368 2551 1763 2610; baseline 0.005 -22"><span class='ocrx_word' id='word_1_294' title='bbox 368 2551 468 2589; x_wconf 86' lang='lat' dir='ltr'>hanc</span> <span class='ocrx_word' id='word_1_295' title='bbox 487 2553 614 2592; x_wconf 83' lang='lat' dir='ltr'>labem</span> <span class='ocrx_word' id='word_1_296' title='bbox 634 2565 794 2594; x_wconf 91' lang='lat' dir='ltr'>veretur.</span> <span class='ocrx_word' id='word_1_297' title='bbox 827 2556 956 2609; x_wconf 87' lang='lat' dir='ltr'>Negat</span> <span class='ocrx_word' id='word_1_298' title='bbox 975 2556 1081 2594; x_wconf 88' lang='lat' dir='ltr'>enim</span> <span class='ocrx_word' id='word_1_299' title='bbox 1102 2557 1242 2595; x_wconf 85' lang='lat' dir='ltr'>mutari</span> <span class='ocrx_word' id='word_1_300' title='bbox 1265 2557 1365 2610; x_wconf 82' lang='lat' dir='ltr'>poffe</span> <span class='ocrx_word' id='word_1_301' title='bbox 1386 2558 1545 2596; x_wconf 74' lang='lat' dir='ltr'>musicas</span> <span class='ocrx_word' id='word_1_302' title='bbox 1566 2559 1667 2610; x_wconf 85' lang='lat' dir='ltr'>leges</span> <span class='ocrx_word' id='word_1_303' title='bbox 1686 2559 1763 2595; x_wconf 87' lang='lat' dir='ltr'>fine</span> 
     </span>
     <span class='ocr_line' id='line_1_36' title="bbox 366 2618 1760 2675; baseline 0.004 -19"><span class='ocrx_word' id='word_1_304' title='bbox 366 2618 581 2658; x_wconf 76' lang='lat' dir='ltr'>mutatione</span> <span class='ocrx_word' id='word_1_305' title='bbox 602 2619 734 2672; x_wconf 88' lang='lat' dir='ltr'>legum</span> <span class='ocrx_word' id='word_1_306' title='bbox 753 2622 1011 2673; x_wconf 89' lang='lat' dir='ltr'>publicarum.</span> <span class='ocrx_word' id='word_1_307' title='bbox 1044 2622 1130 2675; x_wconf 87' lang='lat' dir='ltr'>Ego</span> <span class='ocrx_word' id='word_1_308' title='bbox 1150 2634 1219 2660; x_wconf 88' lang='lat' dir='ltr'>nec</span> <span class='ocrx_word' id='word_1_309' title='bbox 1241 2631 1320 2662; x_wconf 90' lang='lat' dir='ltr'>tarn</span> <span class='ocrx_word' id='word_1_310' title='bbox 1340 2624 1447 2663; x_wconf 89' lang='lat' dir='ltr'>valde</span> <span class='ocrx_word' id='word_1_311' title='bbox 1466 2624 1506 2662; x_wconf 91' lang='lat' dir='ltr'>id</span> <span class='ocrx_word' id='word_1_312' title='bbox 1527 2623 1760 2667; x_wconf 79' lang='lat' dir='ltr'>timendum,</span> 
     </span>
    </p>
   </div>
  </div>
 </body>
</html>
