2223 3003
983 189 1181 242 [99]

610 489 830 562 DE
996 487 1586 563 FATO.

782 811 1148 837 PRlNCIPIUM
1193 812 1394 839 DEEST.

396 1081 430 1118 I,
452 1075 697 1225 QUIA
717 1075 883 1128 pertinet
901 1077 947 1114 ad
968 1089 1106 1121 mores,
1127 1089 1222 1128 quos
1244 1069 1344 1119 ²59&
1365 1076 1423 1114 illi
1443 1085 1592 1121 vocant,
1613 1089 1681 1115 nos
1704 1090 1788 1114 eam

611 1152 759 1194 partem
789 1140 1056 1194 philosophiae,
1077 1142 1124 1179 de
1154 1141 1343 1186 moribus,
1377 1141 1563 1194 appellare
1594 1141 1758 1180 solemus
1777 1156 1786 1178 ε

611 1206 673 1243 sed
693 1206 801 1242 decet
820 1216 1024 1257 augentem
1044 1206 1219 1256 linguam
1246 1206 1439 1249 Latinam,
1471 1206 1670 1244 nominare
1700 1219 1788 1244 rno-

395 1271 514 1310 ralem
532 1286 541 1309 ε
570 1270 870 1323 explicandaque
890 1271 946 1308 vis
966 1270 1018 1308 est
1037 1270 1210 1321 ratioque
1229 1270 1555 1314 enuntiationum,
1573 1284 1656 1322 quae
1677 1272 1790 1309 Grae-

395 1337 433 1375 ci
453 1334 627 1385 ἀξιώματα
640 1345 776 1374 vocant
796 1351 804 1374 z
838 1350 922 1388 quae
949 1336 995 1374 de
1015 1350 1053 1374 re
1074 1335 1204 1373 futura
1222 1348 1314 1373 cum
1335 1335 1481 1388 aliquid
1499 1336 1646 1381 dicunt,
1669 1337 1790 1388 deque

396 1414 456 1447 eo,
483 1402 586 1454 quod
605 1401 714 1455 poffit
733 1401 828 1446 fieri,
850 1412 914 1440 aut
933 1416 1010 1441 non
1030 1401 1156 1454 poffit,
1189 1414 1308 1453 quarn
1327 1401 1408 1439 vim
1428 1400 1605 1447 habeant,
1634 1401 1791 1440 obscura

397 1467 554 1518 quaestio
572 1468 637 1510 est,
673 1480 790 1519 quam
810 1481 889 1513 mg<
906 1461 1042 1502 δυνατῶν
1072 1466 1291 1520 philosophi
1312 1466 1505 1519 appellant
1519 1485 1531 1512 3
1564 1476 1719 1519 totaque
1738 1467 1790 1505 est

400 1527 530 1577 λομκῆ,
548 1545 665 1584 quam
685 1533 871 1570 rationem
890 1531 1088 1570 differendi
1108 1545 1217 1570 voco.
1241 1532 1359 1583 Qod
1375 1542 1503 1570 autem
1523 1533 1563 1570 in
1579 1533 1660 1570 aliis
1682 1533 1789 1571 libris

399 1595 490 1642 feci,
511 1597 579 1650 qui
599 1598 684 1635 sunt
703 1598 750 1635 de
770 1607 903 1635 natura
921 1598 1109 1642 Deorum,
1127 1600 1299 1649 itemque
1318 1598 1358 1635 in
1378 1597 1438 1635 his
1459 1611 1554 1649 quos
1575 1598 1621 1634 de
1641 1598 1789 1634 divina-

400 1663 505 1701 tione
524 1663 640 1708 edidi,
669 1672 712 1700 ut
731 1664 771 1701 in
792 1671 993 1714 utramque
1013 1673 1158 1715 partem
1178 1671 1359 1715 perpetua
1383 1663 1636 1715 explicaretur
1655 1663 1789 1708 oratio,

398 1741 479 1780 quo
497 1727 647 1766 facilius
668 1728 709 1765 id
728 1741 748 1764 a
767 1741 922 1780 quoque
941 1728 1176 1780 probaretur,
1209 1728 1313 1780 quod
1342 1728 1482 1780 cuique
1500 1729 1669 1767 maxime
1699 1742 1790 1782 pro-

399 1794 526 1832 babile
545 1794 734 1832 videretur
749 1813 760 1839 5
793 1794 832 1831 id
863 1795 903 1832 in
923 1792 994 1832 hac
1013 1793 1266 1846 disputatione
1295 1793 1342 1831 de
1361 1793 1454 1839 fato,
1485 1795 1588 1833 casus
1615 1795 1789 1847 quidam,

402 1873 449 1898 ne
467 1859 645 1904 facerem,
667 1859 883 1911 impedivit.
905 1860 1012 1898 Nam
1027 1872 1118 1896 cum
1135 1859 1248 1896 essem
1263 1859 1302 1897 in
1321 1859 1544 1904 Puteolano,
1563 1860 1792 1912 Hirtiusque

400 1924 537 1970 noster,
560 1924 703 1963 Consul
724 1923 950 1977 defignatus,
976 1924 1110 1962 iisdem
1129 1924 1170 1962 in
1190 1923 1298 1969 locis,
1320 1924 1378 1962 vir
1396 1924 1507 1962 nobis
1527 1924 1790 1969 amiciffimus,

399 1999 439 2028 et
458 1991 503 2029 iis
525 1991 670 2036 studiis,
692 1991 732 2028 in
753 1991 895 2043 quibus
915 2005 984 2029 nos
1004 2004 1025 2028 a
1043 1991 1206 2044 pueritia
1224 1990 1408 2035 viximus,
1430 1991 1593 2036 deditus,
1619 1989 1792 2029 multum

401 2070 477 2094 una
495 2070 643 2095 eramus
658 2075 671 2102 3
703 2057 873 2095 maxime
903 2071 972 2095 nos
993 2057 1151 2109 quidem
1180 2057 1420 2109 exquirentes
1451 2069 1494 2093 ea
1512 2056 1678 2101 confilia,
1708 2071 1792 2109 quae

401 2123 447 2160 ad
466 2136 614 2175 pacem,
634 2133 672 2161 et
691 2123 736 2161 ad
752 2123 997 2162 concordiam
1016 2124 1162 2161 civium
1181 2123 1428 2176 pertinerent.
1461 2123 1566 2160 Cum
1582 2123 1688 2161 enim
1703 2137 1791 2161 om-

401 2201 466 2226 nes
487 2188 569 2240 post
588 2189 787 2226 interitum
809 2188 962 2227 Caesaris
983 2202 1168 2227 novarum
1188 2187 1522 2240 perturbationum
1541 2187 1657 2227 causae
1674 2189 1791 2240 quaeri

402 2253 633 2298 viderentur,
655 2252 790 2305 hisque
810 2253 880 2291 effe
898 2253 1179 2292 occurrendum
1197 2262 1434 2306 putaremus,
1458 2253 1585 2290 omnis
1605 2253 1683 2291 fere
1705 2254 1791 2290 nos-

402 2327 459 2356 tra
490 2319 529 2356 in
560 2319 606 2356 iis
638 2319 974 2357 deliberationibus
994 2319 1289 2357 consumebatur
1307 2319 1428 2357 oratio
1443 2336 1455 2362 5
1487 2318 1603 2370 idque
1633 2328 1672 2356 et
1701 2319 1792 2370 saepe

404 2383 506 2428 alias,
535 2394 572 2422 et
592 2385 759 2437 quodam
777 2384 966 2429 liberiore,
995 2398 1111 2437 quam
1131 2384 1286 2429 solebat,
1318 2393 1356 2421 et
1377 2383 1498 2435 magis
1516 2397 1634 2422 vacuo
1653 2384 1699 2421 ab
1730 2384 1791 2421 in-

406 2450 678 2487 terventoribus
697 2450 771 2494 die,
805 2463 897 2488 cum
916 2450 962 2488 ad
990 2464 1053 2488 me
1073 2451 1138 2488 ille
1157 2449 1326 2494 venisset,
1362 2448 1490 2501 primo
1510 2461 1564 2493 ea,
1586 2463 1670 2501 quae
1690 2457 1792 2486 erant

405 2512 640 2562 quotidiana,
658 2524 696 2553 et
713 2515 815 2568 quasi
832 2515 1005 2567 legitima
1024 2516 1150 2560 nobis,
1172 2515 1217 2553 de
1236 2528 1341 2567 pace,
1363 2523 1399 2551 et
1420 2514 1465 2550 de
1484 2514 1576 2552 otio.

1398 2579 1438 2616 N
1472 2591 1492 2615 2
