2223 3003
702 288 996 340 VAR'IAE
1070 295 1638 338 LECTIONES.

440 407 499 476 ,ἰὸς
533 398 559 474 1’ς
583 444 714 474 urgeatur
730 437 753 464 E
769 435 795 470 ψ
808 433 952 474 urgebatur

540 476 558 504 6
581 476 680 503 morbo
695 476 717 503 E
732 477 801 503 modo

519 529 560 538 —
580 514 656 543 idem
672 516 694 543 E
710 516 809 553 quidem

542 556 559 583 8
583 555 658 583 Nam
675 555 698 583 Ε
712 566 760 583 non

542 604 560 632 9
581 594 688 623 dicitur
704 595 726 623 E
742 595 850 624 dicatur

525 644 535 663 1
545 644 559 663 2
582 633 600 662 sx
616 635 758 663 diceretur
771 631 794 662 E
808 637 913 663 ditatur

519 689 562 698 -
580 674 715 703 cubiculo
730 675 753 703 E
769 675 794 708 ψ
808 674 891 704 cubili

520 729 561 736 —
583 714 680 753 Scipio
694 716 717 743 E
732 715 760 742 d.

525 763 535 782 1
545 765 558 791 ς
580 763 640 782 erat
655 755 677 782 E
692 753 719 789 ψ
732 756 783 782 erit

523 794 560 822 16
580 795 685 822 necess'e
700 795 772 822 mori
789 794 951 832 Scipionem
974 794 998 823 E
1012 795 1097 832 necff
1111 796 1145 832 est

619 834 734 901 ⁴{cepioni
743 837 808 862 mori
811 835 852 873 fit
864 835 892 864 U
906 834 1023 873 vianet-effi
1035 836 1068 872 1st
1083 837 1146 863 mori

639 885 662 902 C!
682 885 733 902 lon!

523 922 557 950 ¹7
579 883 761 942 immtitiabiie
775 913 798 941 Ε
813 913 839 947 ψ
852 913 978 943 mutabile

525 955 560 980 18
582 962 634 980 nec
651 954 672 981 E
689 955 755 982 Haec

519 1006 560 1014 —
580 992 640 1020 haec
655 992 678 1020 E
693 995 721 1022 d.

524 1041 560 1069 ¹9
581 1031 670 1061 fatum
686 1034 709 1061 E
725 1032 864 1073 &fadum

521 1081 559 1100 20
579 1071 616 1100 de
630 1072 675 1100 via
688 1073 810 1103 deducat
825 1075 847 1102 E
862 1074 888 1109 ψ
901 1072 991 1103 dividi
1002 1073 1072 1102 dicat

520 1120 554 1140 21
579 1112 689 1150 aliquid
705 1113 728 1141 Ε
743 1125 798 1142 cum
811 1113 918 1153 aliquid

520 1159 558 1180 22
580 1151 677 1180 existet
692 1154 714 1181 E
729 1155 825 1191 txfistit

519 1200 557 1229 23
579 1191 696 1230 phyfico
711 1194 733 1222 E
749 1192 776 1228 ψ
792 1194 818 1221 α’.

517 1244 559 1255 --
579 1231 697 1261 alteram
714 1234 737 1262 E
749 1233 836 1262 altera

518 1285 560 1294 —
579 1271 638 1300 duo
652 1273 675 1301 E
689 1273 764 1302 dubio

521 1311 558 1340 26
580 1311 640 1340 fieri
654 1313 687 1342 fit
702 1313 808 1342 nceess‘e
831 1313 856 1343 E
870 1312 935 1352 ψβ
945 1314 1045 1353 q‘ussit
1061 1313 1148 1351 neceffl

618 1354 652 1389 est

522 1400 559 1428 ²7
581 1391 656 1420 enim
672 1392 702 1422 U
716 1393 743 1421 d.

519 1446 560 1453 —
580 1440 615 1459 ex
630 1432 740 1461 aeternis
755 1433 780 1468 ψ
793 1435 906 1462 extent}

519 1486 561 1493 —
581 1478 686 1500 naturae
700 1473 730 1501 U
744 1482 760 1500 a
775 1482 882 1502 naeurae

522 1513 558 1540 28
580 1511 610 1539 id
624 1511 648 1539 E
662 1513 688 1540 d.

520 1560 558 1587 29
579 1550 699 1580 fortuito
714 1552 737 1580 E
743 1553 865 1590 sbi-mita

521 1599 554 1628 3¹
580 1597 608 1619 et
621 1590 644 1618 E
658 1595 735 1620 etiam

517 1644 559 1653 -
578 1640 676 1659 verum
692 1631 715 1659 E
730 1631 756 1665 ψ
769 1631 795 1660 d.

522 1679 558 1708 32
580 1670 638 1698 duo
652 1670 679 1706 ψ
693 1671 752 1699 duos

518 1725 560 1732 —
579 1710 726 1739 Archonte
740 1712 763 1739 E
777 1711 928 1742 Archort'lae

516 1765 558 1772 —
578 1759 670 1789 neque
684 1752 707 1780 E
720 1761 764 1779 nec

522 1799 562 1827 34
583 1790 710 1820 casurum
727 1792 749 1820 E
765 1789 898 1827 causatum

519 1844 560 1851 —
580 1830 601 1858 ii
619 1831 641 1859 E
655 1832 682 1859 d.

445 1868 500 1899 106
546 1879 557 1897 1
584 1870 637 1899 fint
652 1871 675 1899 E
682 1872 748 1908 sunt

519 1923 561 1931 —
582 1909 710 1938 futurum
727 1911 793 1948 Ufi
803 1913 894 1938 iterun

517 1963 558 1971 —
577 1949 703 1977 converti
719 1949 743 1977 E
758 1950 786 1978 U
802 1950 826 1984 ψ
840 1955 988 1978 convertero

543 1999 559 2018 2
582 1989 634 2017 fati
653 1989 679 2017 U
695 1993 756 2018 ven*

544 2038 565 2066 4
585 2029 606 2057 ii
622 2029 644 2057 E
658 2030 688 2058 bi

545 2078 560 2107 5
583 2068 751 2098 devinciunt
764 2069 787 2098 Ε
802 2069 827 2103 ψ
840 2070 982 2098 devincunt

543 2117 561 2146 7
583 2118 640 2137 non
655 2108 678 2137 E
693 2119 741 2138 non
752 2112 819 2137 enin

521 2162 562 2171 —
583 2149 754 2183 enuntiatio,
776 2149 854 2187 quod
869 2149 892 2178 Ε
906 2152 976 2179 mia
993 2160 1068 2188 qum

544 2190 562 2217 8
583 2189 731 2227 appellant
746 2190 768 2218 E
784 2188 812 2224 ψ
824 2198 917 2218 vocant

523 2243 564 2251 —
584 2228 678 2257 causae
694 2229 716 2257 Ε
731 2228 759 2264 ψ
772 2230 848 2265 causi

545 2278 564 2307 9
585 2269 661 2297 enim
684 2269 706 2297 Ε
721 2272 786 2298 enim
799 2271 944 2299 muti-tio
957 2272 1022 2299 enim
1045 2269 1070 2304 ψ
1083 2271 1148 2298 enim

622 2318 819 2338 ΙΙΠΠΙΙΕΙΙΟΜΜ

524 2361 565 2370 -—
585 2348 736 2377 efficientes
752 2347 779 2384 ψ
792 2351 897 2387 ficiens

524 2403 565 2410 —
586 2388 704 2417 habebit
721 2389 743 2417 Ε
758 2389 784 2423 ψ
797 2391 824 2417 A.

529 2438 565 2457 ιο
587 2436 680 2457 autem
698 2429 720 2457 E
735 2432 801 2457 enim

529 2477 539 2496 1
549 2479 562 2497 z
585 2467 618 2496 Id
635 2468 657 2495 E
672 2470 740 2506 quod

524 2523 566 2531 —
585 2508 681 2537 omnia
696 2511 719 2542 φ
732 2512 816 2539 emnia
825 2509 960 2550 questus

532 2558 541 2577 ι
550 2558 564 2587 3
588 2547 647 2577 fieri
663 2550 685 2579 E
691 2550 763 2587 fiunt

1293 394 1303 423 l

1199 405 1259 463 {23⁶
1284 443 1317 472 13
1342 435 1410 464 flant
1425 435 1447 463 E
1450 435 1522 472 fiam

1282 483 1316 512 14
1339 475 1460 504 ass‘entiri
1475 476 1499 510 ψ
1513 475 1637 512 affintari

1281 523 1313 543 21
1340 515 1506 544 alterutrum
1523 515 1546 543 Ε
1563 514 1592 543 U
1609 512 1719 542 alterum

1277 568 1320 576 —-
1338 564 1373 582 ex
1390 555 1418 583 U
1433 557 1460 582 d.

1283 603 1318 622 22
1341 594 1425 622 etiam
1440 592 1618 622 necessarium
1633 593 1657 621 E
1672 594 1831 632 neefflrinm

1279 649 1320 655 —
1340 634 1524 663 neceffitatem
1541 634 1564 661 E
1579 633 1738 670 neceffarim

1281 682 1320 710 ²4
1341 674 1496 703 obtinuerit
1512 674 1535 702 E
1549 673 1574 707 ψ
1588 675 1725 710 oportuerit

1283 723 1317 751 25
1343 723 1398 742 non
1414 721 1508 742 teneat
1522 714 1544 742 E
1561 713 1590 742 U
1606 712 1634 749 ψ
1647 714 1674 741 d.

1278 767 1320 775 ——-
1340 761 1368 782 et
1383 753 1412 782 U
1428 754 1454 782 d.

1280 794 1319 822 28
1341 793 1440 831 ltaque
1455 793 1479 821 Ε
1495 793 1519 827 ψ
1535 793 1646 832 Itemque

1278 848 1320 855 —-
1340 834 1438 862 tertius
1453 833 1478 867 ψ
1492 835 1602 861 interius

1279 888 1320 895 —
1341 881 1433 901 motus
1448 872 1476 907 ψ
1488 873 1572 900 modus

1279 927 1320 934 —
1340 912 1429 941 oritur
1443 913 1466 940 E
1480 914 1597 940 exoritur

1283 962 1320 990 29
1342 952 1467 980 declinat
1482 951 1505 979 Ε
1519 951 1628 979 declinet

1280 1005 1322 1024 -π
1341 992 1467 1029 appellat
1482 991 1505 1019 E
1520 990 1672 1028 appellabat

1282 1041 1320 1069 30
1341 1040 1370 1060 re
1383 1031 1407 1059 E
1422 1042 1449 1060 re
1461 1038 1546 1060 lamen

1284 1081 1320 1109 3²
1343 1070 1379 1099 ab
1394 1071 1449 1099 alia
1465 1072 1488 1100 E
1504 1072 1529 1105 ψ
1543 1071 1569 1099 d.

1283 1120 1322 1148 34
1342 1111 1399 1139 alia
1413 1110 1450 1139 ab
1463 1111 1519 1139 alia
1534 1112 1556 1139 E
1572 1109 1665 1148 aliqua

1279 1166 1321 1173 -
1342 1151 1501 1189 depellatur
1514 1151 1537 1180 E
1553 1149 1580 1187 ψ
1594 1149 1701 1188 depellas

1280 1205 1321 1213 —
1342 1201 1377 1219 ne
1393 1192 1416 1220 Ε
1431 1201 1474 1220 nec

1284 1240 1320 1270 35
1339 1231 1398 1268 jam
1414 1231 1438 1260 E
1454 1232 1480 1266 ψ
1493 1234 1572 1260 etiam

1204 1279 1259 1309 107
1306 1281 1315 1299 ι
1342 1281 1431 1310 eaque
1447 1272 1470 1300 E
1485 1280 1510 1300 et

1302 1320 1318 1340 2
1341 1311 1417 1350 quod
1433 1311 1456 1339 E
1471 1315 1536 1350 quia

1281 1366 1321 1374 —
1343 1360 1378 1379 ne
1392 1351 1416 1379 E
1430 1363 1472 1380 nec

1305 1401 1320 1428 3
1343 1400 1375 1419 ae
1391 1392 1414 1419 E
1430 1399 1455 1419 ee

1281 1446 1322 1454 —
1343 1431 1407 1459 ess‘et
1425 1431 1446 1459 E
1461 1431 1504 1469 ff

1302 1481 1322 1507 4
1345 1471 1423 1500 Hinc
1438 1472 1461 1499 E
1476 1472 1503 1506 ψ
1517 1471 1554 1499 Id

1304 1520 1319 1549 5
1344 1510 1498 1538 neeeffitate
1511 1511 1535 1538 Ε
1550 1508 1578 1543 ψ
1591 1518 1624 1537 α
1636 1508 1777 1545 necfftate

1303 1560 1321 1587 7
1344 1550 1501 1588 Epicureos
1518 1551 1540 1578 E
1553 1550 1579 1583 ψ
1595 1549 1734 1587 Epicurum

1304 1591 1320 1618 8
1343 1590 1540 1619 commentitia
1554 1589 1576 1618 E
1592 1590 1617 1624 ψ
1628 1591 1742 1617 mentia

1286 1639 1318 1659 ιι
1344 1630 1466 1668 reperire
1482 1631 1505 1659 E
1520 1632 1640 1658 invenire

1287 1679 1297 1699 1
1307 1681 1321 1709 5
1345 1670 1499 1698 Communi
1514 1670 1537 1698 E
1551 1670 1576 1704 ψ
1588 1670 1742 1697 Communem

1282 1726 1323 1734 -—
1345 1710 1549 1738 consuetudine
1565 1710 1587 1738 Ε
1601 1709 1801 1745 conficetudiemn

1287 1750 1322 1779 16
1344 1750 1490 1778 abutimur
1504 1751 1527 1779 E
1543 1749 1569 1784 ψ
1583 1750 1746 1778 arbitramur

1282 1806 1323 1813 —-
1344 1790 1420 1818 noile
1434 1790 1457 1818 E
1471 1791 1537 1819 velle

1288 1840 1298 1859 ι
1307 1832 1322 1859 8
1344 1838 1372 1859 et
1386 1829 1409 1858 E
1424 1832 1511 1868 etfine

1282 1886 1323 1894 —
1343 1870 1521 1899 antecedenti
1538 1871 1561 1899 E
1578 1870 1606 1900 U
1621 1870 1779 1898 antecedente

1282 1926 1322 1932 —
1344 1920 1391 1938 vas
1406 1911 1489 1938 inane
1503 1911 1526 1938 E
1540 1922 1613 1938 mane
1625 1910 1651 1944 ψ
1665 1913 1742 1938 inane
1752 1909 1797 1946 ff·

1286 1959 1324 1979 20
1345 1950 1400 1977 fine
1415 1959 1488 1987 aqua
1503 1949 1530 1983 ψ
1543 1951 1570 1978 d.

1286 1999 1317 2018 2ι
1344 1998 1411 2017 cum
1427 1990 1449 2017 Ε
1463 1994 1529 2017 euin·

1288 2039 1321 2067 23
1346 2029 1428 2057 inune
1444 2029 1465 2057 Ε
1481 2040 1554 2058 mane

1286 2070 1323 2098 26
1344 2079 1360 2097 a
1375 2068 1496 2107 phyficis
1513 2069 1535 2097 Ε
1551 2069 1576 2102 ψ
1587 2069 1682 2108 plyfici

1287 2119 1324 2147 30
1344 2117 1436 2137 motus
1472 2109 1646 2138 voluntarios
1682 2107 1705 2137 Ε
1727 2107 1910 2138 volu-urim

1364 2157 1454 2177 „vem

1287 2198 1324 2226 34
1345 2198 1401 2217 non
1417 2190 1439 2217 Ε
1454 2190 1483 2217 d.

1282 2243 1324 2250 —-
1344 2236 1393 2257 aut
1409 2229 1430 2257 E
1445 2228 1472 2257 d.

1208 2270 1262 2298 108
1307 2278 1322 2307 3
1344 2268 1489 2297 evenerint
1504 2268 1526 2296 Ε
1539 2270 1660 2297 warine

1305 2318 1320 2348 5
1343 2317 1392 2337 aut
1407 2308 1565 2347 quidquam
1582 2308 1609 2336 U
1626 2319 1662 2336 nn
1673 2308 1812 2346 qnidqnan

1306 2358 1322 2386 7
1347 2350 1392 2377 An
1410 2350 1432 2377 F.
1447 2350 1474 2375 in

1306 2391 1322 2417 8
1345 2397 1408 2417 ante
1424 2387 1530 2416 ditium
1546 2388 1569 2416 Ε
1584 2387 1609 2421 ψ
1624 2389 1652 2416 Ι.

1289 2438 1325 2458 ιο
1347 2438 1470 2456 ne—
1486 2427 1583 2465 Scipio
1600 2428 1621 2455 E
1638 2428 1662 2461 ψ
1677 2429 1706 2456 d.

1287 2478 1321 2506 ¹3
1345 2467 1525 2506 consequenti
1542 2468 1563 2495 Ε
1573 2468 1736 2506 subseq-rm·

1290 2518 1322 2546 ¹3
1346 2507 1537 2536 immutabiles
1558 2507 1579 2536 Ε
1594 2507 1791 2539 innumerabih·

1289 2550 1323 2578 18
1345 2548 1468 2578 efficiant
1482 2547 1504 2577 E
1519 2549 1627 2586 effici-nt
