2223 3003
709 214 988 254 LIBER
1075 216 1452 259 PRIMUS.
1753 239 1774 279 5

447 311 519 350 III.
541 313 673 365 Atque
693 311 792 358 haec,
811 322 854 351 ut
874 326 947 366 ego
968 313 1148 359 arbitror,
1166 324 1310 354 veteres
1333 330 1463 356 rerum
1480 318 1604 372 magis
1626 321 1775 359 eventis

388 380 548 425 moniti,
567 393 685 432 quam
707 380 856 418 ratione
876 380 996 425 docti,
1018 381 1296 432 probaverunt.
1330 382 1665 438 Philosophorum
1687 401 1776 426 vero

386 446 577 497 exquisita
597 445 775 498 quaedam
795 456 1038 497 argumenta,
1069 460 1140 484 cur
1159 447 1249 485 effet
1270 462 1356 486 vera
1376 449 1579 496 divinatio,
1610 454 1775 492 colledhi

387 511 490 549 sunt.
532 513 565 549 E
588 512 749 562 quibus,
785 520 828 547 ut
849 511 896 547 de
916 511 1192 562 antiquissimis
1214 514 1366 564 loquar,
1392 517 1667 569 Colophonius
1690 521 1772 558 Xe-

386 576 602 628 nophanes,
637 588 753 619 unus,
789 575 858 628 qui
882 575 972 613 deos
994 575 1066 613 effe
1088 575 1249 622 diceret,
1285 579 1569 620 divinationem
1591 584 1771 625 funditus

385 641 554 680 sustulit.
590 641 754 694 Reliqui
774 654 867 678 vero
890 655 1041 686 omneS,
1064 652 1202 694 praeter
1223 644 1460 696 Epicurum,
1484 648 1772 691 balbutientem

385 708 433 745 de
453 718 590 745 natura
610 707 789 752 deorum,
807 707 1092 746 divinationem
1113 709 1392 761 probaverunt,
1413 712 1473 750 sed
1491 727 1569 752 non
1589 729 1667 754 uno
1684 733 1771 757 mo-

384 772 446 810 do.
502 773 608 811 Nam
630 787 721 811 curn
744 774 917 812 Socrates
938 774 1151 826 omnesque
1180 775 1383 822 Socratici,
1417 779 1622 831 Zenoque,
1655 792 1691 820 et
1712 783 1770 830 hi,

382 838 453 891 qui
474 838 521 876 ab
542 852 588 876 eo
608 838 726 876 effent
747 838 928 891 profesti,
951 850 1152 878 manerent
1173 841 1214 878 in
1231 843 1484 894 antiquorum
1506 845 1770 900 Philosopho-

381 919 469 944 rum
493 904 694 950 sententia,
725 915 853 943 vetere
874 906 1088 944 Academia
1118 916 1157 944 et
1193 907 1462 960 Peripateticis
1485 912 1769 953 consentienti-

381 978 484 1022 bus;
522 989 694 1029 cumque
723 974 818 1012 huic
845 973 900 1011 rei
931 986 1115 1025 magnam
1135 974 1405 1013 auctoritatem
1428 977 1666 1031 Pythagoras
1682 983 1768 1033 jam

380 1054 468 1082 ante
490 1042 697 1087 tribuisset,
730 1041 799 1093 qui
832 1040 950 1077 etiam
983 1039 1063 1092 ipse
1084 1053 1207 1092 augur
1227 1040 1344 1079 vellet
1373 1042 1473 1087 effe,
1505 1045 1767 1100 plurimisque

379 1109 476 1148 locis
497 1109 624 1161 gravis
645 1108 778 1145 auctor
799 1105 1054 1143 Democritus
1076 1104 1368 1157 praesenfionem
1391 1121 1518 1147 rerum
1542 1109 1766 1153 futurarum

378 1174 677 1227 comprobaret;
725 1170 979 1210 Dicaearchus
1015 1171 1299 1223 Peripateticus
1338 1183 1474 1212 caetera
1510 1175 1765 1218 divinationis

377 1253 518 1293 genera
538 1239 706 1283 sustulit,
739 1237 982 1276 somniorum
1002 1245 1041 1274 et
1061 1236 1204 1274 furoris
1234 1238 1394 1291 reliquit
1415 1255 1422 1278 :
1459 1241 1764 1296 Cratippusque,

376 1306 579 1346 familiaris
603 1304 742 1349 noster,
760 1317 878 1356 quem
897 1316 970 1355 ego
990 1316 1122 1355 parem
1144 1303 1308 1342 summis
1327 1305 1763 1361 Peripateticisjudico‚

375 1372 513 1411 iisdem
536 1355 651 1409 rebus
675 1370 794 1408 fidem
818 1369 974 1414 tribuit,
1008 1368 1158 1421 reliqua
1178 1368 1432 1409 divinationis
1452 1385 1592 1425 genera
1613 1377 1763 1428 rejecit.

429 1438 502 1477 Sed
525 1452 617 1476 cum
640 1437 763 1475 Stoici
789 1437 924 1474 omnia
950 1434 1030 1473 fere
1057 1435 1125 1473 illa
1154 1434 1421 1483 defenderent,
1458 1440 1566 1491 quod
1587 1451 1625 1479 et
1648 1443 1760 1482 Zeno

327 1525 330 1527 ·
375 1505 416 1542 in
457 1505 532 1542 suis
567 1502 861 1542 commentariis
897 1501 1002 1554 quasi
1033 1501 1179 1540 semina
1211 1502 1388 1555 quaedam
1420 1504 1617 1557 sparsisset,
1651 1517 1690 1546 et
1719 1523 1762 1547 ea

374 1569 585 1608 Cleanthes
619 1569 736 1621 paulo
771 1569 951 1606 uberiora
984 1567 1157 1606 feciffet:
1198 1569 1350 1607 acceffit
1384 1571 1575 1610 acerrimo
1607 1574 1666 1611 vir
1697 1575 1757 1613 in-

373 1636 490 1687 genio
509 1634 768 1686 Chrysippus,
802 1635 872 1686 qui
900 1643 1022 1672 totam
1043 1634 1090 1672 de
1117 1634 1359 1674 divinatione
1381 1636 1535 1676 duobus
1555 1638 1667 1677 libris
1688 1654 1759 1679 ex-

371 1699 533 1752 plicavit
556 1699 803 1742 sententiam,
827 1711 906 1736 uno
926 1707 1107 1750 praeterea
1127 1698 1174 1736 de
1193 1700 1376 1744 oraculis,
1400 1714 1478 1738 uno
1499 1701 1546 1738 de
1567 1702 1755 1744 somniis:

370 1778 490 1817 quem
511 1763 762 1815 subsequens,
802 1775 926 1799 unum
954 1763 1104 1800 librum
1126 1764 1366 1814 Babylonius
1398 1765 1597 1817 Diogenes
1619 1769 1756 1818 edidit,

371 1832 454 1883 ejus
475 1830 651 1868 auditor:
675 1828 753 1866 duo
775 1828 1007 1880 Antipater:
1030 1828 1208 1880 quinque
1228 1829 1355 1867 noster
1371 1831 1615 1870 Pofidonius.
1645 1835 1717 1873 Sed
1738 1850 1759 1874 a

371 1896 526 1940 Stoicis,
543 1895 603 1933 vel
625 1894 872 1947 principibus
893 1895 976 1945 ejus
998 1893 1231 1946 disciplinae,
1250 1895 1447 1934 Pofidonii
1468 1897 1616 1942 dotftor,
1635 1900 1755 1940 disci-

367 1962 486 2015 pulus
509 1961 724 2014 Antipatri,
757 1960 1004 2012 degeneravit
1031 1960 1252 1999 Panaetius:
1291 1975 1363 2000 nec
1396 1973 1526 2001 tamen
1559 1965 1671 2004 ausus
1702 1967 1757 2006 est

369 2040 508 2079 negare
527 2027 609 2065 vim
631 2025 703 2064 effe
723 2025 941 2070 divinandi,
973 2024 1037 2062 sed
1057 2025 1237 2063 dubitare
1258 2026 1294 2064 se
1315 2027 1432 2065 dixit.
1476 2029 1597 2080 Qod
1624 2031 1685 2070 illi
1712 2033 1755 2072 in

368 2093 498 2146 aliqua
518 2107 572 2138 re,
590 2091 828 2131 invitiffimis
852 2091 1008 2135 Stoicis,
1027 2091 1160 2130 Stoico
1179 2091 1306 2130 facere
1328 2093 1458 2139 licuit,
1477 2095 1531 2139 id,
1555 2106 1598 2134 ut
1619 2110 1690 2136 nos
1711 2099 1754 2138 in

366 2159 527 2211 reliquis
549 2158 664 2197 rebus
685 2157 891 2202 faciamus,
922 2171 942 2195 a
962 2157 1103 2195 Stoicis
1126 2171 1206 2195 non
1237 2159 1476 2198 concedetur
1494 2162 1507 2198 ?
1539 2163 1754 2213 praesertim

367 2237 461 2262 cum
479 2224 533 2268 id,
552 2223 598 2262 de
615 2238 694 2277 quo
712 2224 884 2262 Panaetio
904 2236 983 2261 non
1004 2223 1144 2275 liquet,
1165 2223 1326 2276 reliquis
1346 2225 1519 2277 ejusdem
1535 2227 1753 2281 disciplinae

366 2290 456 2329 solis
488 2290 576 2328 luce
596 2290 772 2328 videatur
800 2289 957 2327 clarius.
1003 2289 1077 2326 Sed
1109 2288 1192 2327 haec
1223 2289 1384 2341 quidem
1416 2292 1498 2330 laus
1527 2295 1752 2334 Academiae

363 2355 662 2409 praestantiffimi
683 2354 912 2409 philosophi
927 2355 1083 2408 judicio
1103 2365 1141 2393 et
1162 2355 1386 2395 testimonio
1406 2361 1662 2411 comprobata
1680 2362 1749 2401 est.

420 2422 492 2461 IV.
523 2423 685 2461 Etenim
707 2422 904 2461 nobismet
926 2422 1016 2475 ipsis
1037 2423 1320 2474 quaerentibus,
1341 2424 1437 2476 quid
1463 2424 1508 2462 fit
1528 2425 1574 2464 de
1595 2426 1750 2466 divina-

365 2485 472 2525 tione
498 2488 775 2539 judicandum,
806 2487 913 2541 quod
943 2501 965 2525 a
993 2487 1190 2526 Carneade
1221 2489 1348 2527 multa
1381 2500 1494 2528 acute
1524 2501 1563 2529 et
1596 2493 1751 2545 copiose

355 2560 493 2591 contra
508 2552 657 2594 Stoicos
674 2554 870 2608 disputata
885 2553 982 2594 fint:
1005 2553 1322 2609 verentibusque,
1337 2568 1386 2595 ne
1403 2564 1548 2596 temere
1565 2558 1623 2597 vel
1641 2557 1745 2597 falsae
