2223 3003
808 231 1085 270 LIBER
1148 228 1510 271 PRIMUS.
1782 245 1854 286 ης

461 331 683 372 animorum
713 343 897 369 munere:
944 344 1113 384 cumque
1145 331 1230 376 alia,
1267 330 1409 384 quibus
1442 329 1635 370 cohaerent
1663 328 1855 377 homines,

461 411 482 437 e
499 398 654 438 mortali
674 410 811 450 genere
831 397 1073 450 sumpserint,
1103 411 1188 451 quae
1207 397 1358 451 fragilia
1376 396 1492 435 effent
1517 406 1555 436 et
1583 397 1737 444 caduca,
1773 399 1855 436 ani-

461 479 575 504 mum
605 464 676 503 effe
705 465 972 516 ingeneratum
1005 476 1025 500 a
1055 464 1168 501 Deo:
1199 476 1246 501 ex
1267 477 1345 515 quo
1363 477 1450 502 vere
1475 463 1535 502 vel
1565 464 1717 517 agnatio
1744 464 1857 504 nobis

460 543 556 569 cum
575 528 799 571 caelestibus,
830 526 890 564 vel
909 539 1044 578 genus,
1065 527 1124 564 vel
1143 527 1253 578 stirps
1274 528 1456 579 appellari
1476 528 1610 580 potest.
1657 530 1792 582 Itaque
1810 542 1858 569 ex

461 604 520 634 tot
539 593 740 647 generibus
762 591 917 630 nullum
937 591 989 628 est
1008 591 1164 636 animal,
1187 599 1320 643 praeter
1351 590 1566 637 hominem,
1602 595 1705 646 quod
1723 594 1859 634 habeat

460 659 642 699 notitiam
661 659 831 711 aliquam
852 657 929 696 Dei
944 675 956 702 ς
985 656 1151 709 ipsisque
1169 657 1209 695 in
1225 656 1452 696 hominibus
1474 658 1579 695 nulla
1597 672 1690 711 gens
1716 661 1769 699 est
1788 674 1857 700 ne-

459 738 537 778 que
557 734 637 764 tam
655 722 922 768 immansueta,
952 735 1076 775 neque
1097 732 1178 761 tam
1197 721 1289 768 fera,
1320 737 1404 775 quae
1423 737 1516 768 non,
1547 724 1663 763 etiam
1683 726 1710 764 fi
1743 727 1858 779 igno-

461 801 519 831 ret
549 792 703 844 qualem
730 789 872 829 habere
906 791 1039 828 Deum
1065 789 1208 835 deceat,
1240 798 1371 829 tamen
1401 789 1625 829 habendum
1655 791 1760 831 sciat.
1795 793 1859 832 Ex

460 871 540 910 quo
559 857 727 896 efficitur
746 854 859 902 illud,
891 865 935 894 ut
964 856 996 894 is
1027 856 1205 909 agnoscat
1235 856 1382 901 Deum,
1413 857 1496 909 qui,
1527 857 1629 895 unde
1659 866 1764 896 ortus
1798 858 1856 904 fit,

461 923 565 975 quasi
585 923 815 967 recordetur,
851 935 893 960 ac
927 921 1068 960 noscat.
1114 922 1203 973 Jam
1222 935 1312 960 vero
1331 922 1452 961 virtus
1471 922 1603 961 eadem
1630 923 1671 961 in
1700 922 1860 962 homine

461 1002 504 1027 ac
525 990 612 1028 Deo
630 989 696 1034 est,
726 1001 852 1041 neque
883 988 965 1027 ullo
984 988 1059 1028 alio
1078 988 1235 1041 ingenio
1254 997 1445 1042 praeterea.
1495 989 1563 1027 Est
1582 998 1711 1028 autem
1740 990 1860 1029 virtus

461 1053 562 1093 nihil
582 1054 698 1099 aliud,
720 1067 839 1106 quam
856 1054 896 1092 in
916 1053 953 1092 se
978 1052 1156 1106 perfecta,
1178 1064 1216 1093 et
1232 1054 1278 1093 ad
1294 1054 1493 1093 summum
1513 1055 1693 1107 perduCta
1712 1064 1857 1096 natura.

461 1119 531 1158 Est
561 1120 681 1173 igitur
700 1119 854 1158 homini
884 1133 978 1158 cum
998 1120 1085 1158 Deo
1104 1119 1330 1159 similitudo.
1362 1119 1481 1172 Qod
1500 1133 1592 1159 cum
1617 1121 1671 1159 ita
1689 1120 1748 1166 fit,
1776 1135 1861 1176 quae

461 1187 618 1225 tandem
648 1186 772 1238 potest
801 1185 872 1223 effe
891 1186 1048 1239 propior
1078 1187 1263 1225 certiorve
1292 1187 1507 1239 cognatio?
1549 1189 1684 1240 Itaque
1708 1189 1754 1226 ad
1785 1187 1860 1227 ho-

459 1252 618 1292 minum
638 1250 934 1291 commoditates
959 1261 998 1290 et
1032 1251 1119 1290 usus
1150 1261 1296 1291 tantam
1323 1265 1451 1290 rerum
1483 1253 1699 1291 ubertatem
1729 1262 1862 1293 natura

461 1318 598 1371 largita
626 1317 693 1364 est,
724 1326 767 1356 ut
795 1330 852 1363 ea,
882 1330 967 1370 quae
991 1318 1220 1371 gignuntur,
1250 1317 1388 1357 donata
1420 1317 1595 1357 consulto
1626 1319 1752 1365 nobis,
1782 1333 1864 1359 non

461 1383 625 1424 fortuito
644 1392 729 1423 nata
748 1383 970 1423 videantur:
992 1396 1063 1422 nec
1084 1383 1209 1423 solum
1227 1396 1283 1430 ea,
1300 1397 1385 1437 quae
1405 1383 1581 1437 frugibus
1601 1393 1715 1438 atque
1736 1385 1862 1425 baccis

463 1458 571 1488 terrae
589 1448 689 1489 foetu
708 1447 1011 1502 profunduntur,
1041 1449 1104 1488 sed
1129 1450 1247 1489 etiam
1266 1449 1430 1503 pecudes
1447 1468 1459 1495 ;
1491 1449 1596 1503 quod
1615 1451 1864 1504 perspicuum

464 1513 524 1559 fit,
555 1515 696 1567 partim
715 1514 786 1552 effe
804 1515 851 1553 ad
880 1515 992 1554 usum
1012 1514 1235 1561 hominum,
1264 1516 1407 1569 partim
1433 1517 1480 1554 ad
1508 1515 1693 1563 fructum,
1720 1519 1864 1570 partim

465 1580 514 1618 ad
551 1580 780 1618 vescendum
823 1590 1050 1631 procreatas.
1108 1583 1222 1620 Artes
1253 1594 1342 1620 vero
1379 1582 1679 1620 innumerabiles
1708 1592 1863 1635 repertae

465 1645 568 1691 sunt,
590 1645 750 1684 docente
769 1653 900 1683 natura
915 1663 928 1690 ;
959 1659 1078 1698 quam
1097 1646 1245 1685 imitata
1264 1646 1374 1692 ratio,
1407 1659 1463 1686 res
1490 1647 1537 1685 ad
1560 1647 1679 1686 vitam
1698 1648 1863 1688 neceffa-

466 1710 538 1749 rias
558 1710 712 1749 solerter
728 1710 930 1748 consecuta
947 1710 1013 1749 est.

514 1775 590 1814 IX.
613 1775 745 1828 Ipsum
761 1784 891 1814 autem
909 1774 1112 1815 hominem
1130 1776 1263 1814 eadem
1283 1785 1416 1815 natura
1432 1790 1510 1816 non
1530 1777 1656 1817 solum
1673 1779 1865 1818 celeritate

466 1841 607 1880 mentis
633 1841 797 1886 ornavit,
827 1841 889 1879 sed
918 1841 1034 1880 etiam
1069 1841 1209 1886 sensus,
1244 1850 1429 1894 tanquam
1448 1842 1641 1888 satellites,
1671 1845 1863 1890 attribuit,

464 1919 508 1945 ac
528 1907 708 1951 nunti0s;
740 1915 779 1944 et
806 1918 935 1945 rerum
964 1906 1222 1960 plurimarum
1245 1907 1422 1946 obscuras
1449 1917 1488 1946 et
1513 1907 1727 1949 necessarias
1746 1911 1864 1949 intel-

464 1972 641 2026 ligentias
672 1972 867 2018 enudavit,
897 1973 1001 2026 quafi
1036 1972 1286 2012 fundamenta
1318 1974 1494 2026 quaedam
1527 1974 1718 2015 scientiae:
1761 1976 1864 2030 figu-

466 2050 626 2091 ramque
645 2038 813 2091 corporis
834 2037 1007 2077 habilem
1027 2048 1065 2077 et
1084 2048 1212 2092 aptam
1231 2039 1388 2092 ingemo
1407 2038 1580 2079 humano
1599 2040 1706 2080 dedit
1726 2056 1735 2080 ε
1758 2055 1864 2088 nam,

465 2116 560 2142 cum
591 2113 740 2143 caeteras
771 2104 984 2143 animantes
1015 2104 1206 2156 abjeciss‘et
1238 2105 1284 2142 ad
1316 2104 1481 2156 pastum,
1509 2105 1634 2144 solum
1662 2105 1866 2148 hominem

466 2169 601 2214 erexit,
631 2170 678 2207 ad
708 2169 868 2221 caelique
898 2170 1000 2222 quasi
1021 2169 1261 2222 cognationis
1291 2169 1559 2222 domiciliique
1592 2172 1741 2224 pristini
1767 2186 1866 2212 con-

467 2235 641 2288 spectum
660 2235 866 2274 excitavit:
898 2244 984 2273 tum
1004 2235 1170 2288 speciem
1200 2235 1253 2273 ita
1271 2234 1454 2275 formavit
1473 2237 1563 2282 oris,
1594 2247 1637 2276 ut
1668 2238 1708 2276 in
1728 2252 1770 2277 ea
1797 2253 1866 2293 pe-

466 2302 573 2340 nitus
604 2302 822 2340 reconditos
853 2314 976 2340 mores
997 2301 1220 2354 effingeret:
1251 2315 1342 2341 nam
1375 2312 1413 2341 et
1443 2303 1549 2342 oculi
1582 2303 1700 2343 nimis
1726 2305 1865 2358 arguti,

468 2367 801 2420 quemadmodum
835 2369 966 2406 animo
996 2365 1120 2405 affecti
1140 2367 1271 2413 fimus,
1298 2367 1510 2421 loquuntur
1526 2388 1539 2415 ς
1570 2378 1608 2407 et
1629 2369 1675 2415 is,
1707 2370 1775 2423 qui
1793 2383 1864 2422 ap-

469 2433 633 2484 pellatur
666 2435 804 2479 vultus,
850 2434 918 2486 qui
949 2433 1058 2472 nullo
1091 2433 1132 2471 in
1166 2434 1359 2473 animante
1388 2435 1460 2474 effe
1501 2445 1634 2490 praeter
1662 2435 1866 2474 hominem

473 2498 606 2549 potest,
636 2500 782 2540 indicat
801 2513 951 2546 mores,
983 2501 1094 2553 cujus
1115 2499 1196 2539 vim
1217 2500 1344 2540 Graeci
1364 2512 1520 2547 norunt,
1542 2515 1684 2542 nomen
1705 2501 1867 2541 omnino

1471 2569 1563 2619 (ξε
