2223 3003
411 262 460 317 38
699 259 802 299 DE
860 255 1515 297 DIVINATIONE

464 359 605 411 Neque
625 357 748 395 solum
781 355 957 393 Deorum
980 365 1092 390 voces
1120 349 1350 404 Pythagorei
1381 350 1717 397 observitaverunt‚
1749 351 1812 391 sed

405 425 525 463 etiam
545 422 769 464 hominum,
792 431 877 472 quae
898 427 1037 457 vocant
1066 417 1211 456 omina.
1258 417 1356 468 Quoe
1375 417 1536 469 majores
1557 415 1689 461 nostri,
1724 417 1814 469 quia

408 490 528 528 valere
548 486 766 531 censebant,
798 485 943 523 idcirco
976 483 1160 523 omnibus
1192 483 1305 522 rebus
1337 483 1506 535 agendis,
1539 481 1646 535 Quod
1672 481 1812 528 bonum,

392 554 574 609 faustum,
589 554 703 607 filix,
720 553 1029 606 firtunatumque
1059 549 1150 605 eff’t,
1180 548 1464 604 praefabantur3
1497 549 1685 602 rebusque
1711 549 1812 587 divi-

406 623 483 667 nis,
514 635 599 674 quae
630 620 786 674 publice
805 618 953 664 fierent,
983 627 1029 656 ut
1046 618 1233 671 fizverent
1252 617 1397 670 linguis,
1428 617 1716 670 imperabatur;
1747 616 1811 654 in·

406 701 484 741 que
504 686 608 725 feriis
629 685 878 740 imperandi5‚
909 694 951 724 ut
970 684 1092 724 litibus
1110 693 1145 723 et
1151 683 1292 737 jurgiis
1296 684 1341 737 st
1359 682 1586 736 abstinerent.
1633 683 1813 734 Itemque

406 754 449 792 in
469 752 658 792 lustranda
678 752 842 797 colonia,
873 751 920 789 ab
941 764 1000 796 eo,
1032 751 1101 803 qui
1121 763 1205 789 eam
1225 749 1431 788 deduceret
1447 767 1458 794 ς
1490 758 1542 793 et,
1570 761 1663 786 cum
1683 748 1811 800 impe-

406 829 508 859 rator
540 819 769 863 exercitum,
804 817 936 856 censor
962 817 1170 870 populum,
1205 815 1392 860 lustraret,
1423 815 1535 853 bonis
1570 813 1811 858 nominibus,

400 885 477 938 qui
496 883 636 923 hostias
667 884 865 929 ducerent,
900 881 1164 935 eligebantur:
1197 881 1302 934 quod
1333 880 1437 918 idem
1458 881 1499 919 in
1520 879 1671 918 delectu
1701 879 1809 917 Con-

405 951 504 989 sules
536 950 748 994 observant,
780 958 823 988 ut
842 949 991 1002 primus
1012 948 1124 989 miles
1145 947 1211 986 fiat
1237 947 1339 986 bono
1369 947 1542 986 nomine.
1589 947 1688 997 Qae
1719 945 1811 998 qui·

404 1016 497 1055 dem
517 1030 537 1054 a
557 1025 594 1054 te
613 1016 684 1054 scis
705 1025 742 1053 et
763 1014 930 1054 Consule
950 1023 987 1052 et
1007 1014 1236 1067 imperatore
1255 1012 1407 1051 summa
1431 1013 1616 1065 religione
1635 1010 1706 1050 effe
1734 1010 1811 1049 ser-

405 1091 504 1122 vata.
551 1083 845 1135 Praerogativam
864 1081 981 1119 etiam
1009 1081 1170 1133 majores
1199 1093 1316 1119 omen
1343 1078 1536 1132 justorum
1559 1078 1811 1117 comitiorum

404 1149 478 1188 effe
497 1149 716 1188 voluerunt.

450 1216 602 1254 XLVI.
620 1217 752 1268 Atque
771 1226 843 1266 ego
862 1211 1040 1265 exempla
1059 1211 1240 1252 ominum
1255 1221 1346 1251 nota
1356 1210 1563 1265 proferam.
1586 1211 1634 1249 L.
1654 1211 1809 1256 Paulus,

405 1281 552 1321 Consul
573 1282 730 1326 iterum,
752 1293 845 1319 cum
865 1280 914 1324 ei,
937 1279 1086 1318 bellum
1108 1287 1150 1316 ut
1169 1292 1262 1317 cum
1280 1291 1368 1332 rege
1390 1277 1498 1316 Perse
1517 1285 1678 1330 gereret,
1705 1277 1811 1315 obti-

402 1347 526 1402 giffet,
560 1356 603 1386 ut
622 1361 665 1386 ea
684 1347 763 1401 ipsa
782 1347 843 1385 die
875 1346 1040 1384 domum
1070 1345 1117 1383 ad
1136 1344 1329 1399 vesperam
1353 1344 1483 1389 rediit,
1514 1343 1676 1382 filiolam
1706 1343 1810 1382 suam

404 1414 599 1459 Tertiam,
631 1427 715 1467 quae
749 1422 835 1451 turn
864 1421 942 1451 erat
962 1411 1176 1450 admodum
1195 1423 1322 1465 parva,
1349 1410 1524 1449 osculans
1544 1409 1814 1448 animadvertit

402 1480 648 1519 tristiculam.
691 1479 801 1532 Qid
821 1478 888 1524 est,
919 1478 1062 1531 inquit,
1093 1491 1179 1516 mea
1198 1478 1333 1516 Tertia
1351 1477 1364 1514 ?
1395 1476 1491 1529 quid
1511 1475 1625 1514 tristis
1646 1487 1683 1513 es
1702 1475 1715 1511 ?
1747 1474 1811 1513 Mi

403 1556 525 1600 pater,
547 1547 690 1599 inquit,
714 1545 823 1585 Persa
842 1545 969 1598 periit.
1007 1545 1116 1583 Tum
1138 1543 1203 1582 ille
1222 1544 1360 1582 arctius
1380 1542 1551 1596 puellam
1567 1540 1812 1594 complexus,

402 1613 585 1665 Accipio,
606 1612 750 1664 inquit,
784 1624 869 1649 mea
888 1610 981 1655 filia,
1011 1622 1143 1648 omen.
1184 1610 1279 1648 Erat
1298 1617 1429 1647 autem
1456 1617 1633 1647 mortuus
1654 1606 1812 1646 catellus

403 1691 449 1717 eo
469 1677 644 1716 nomine.

458 1745 508 1782 L.
533 1743 736 1786 Flaccum,
771 1741 969 1779 flaminem
990 1739 1229 1783 Martialem,
1260 1751 1332 1791 ego
1364 1737 1505 1782 audivi,
1538 1748 1632 1775 cum
1653 1737 1809 1783 diceret,

404 1808 605 1848 Caeciliam
638 1807 808 1851 Metelli,
839 1819 931 1844 cum
952 1804 1068 1843 vellet
1088 1804 1222 1842 sororis
1244 1803 1316 1842 suae
1336 1802 1457 1841 filiam
1489 1803 1529 1841 in
1560 1803 1808 1841 matrimoni-

404 1887 474 1912 um
495 1874 696 1917 collocare,
710 1872 823 1910 exiffe
844 1872 883 1910 in
897 1870 1093 1924 quoddam
1114 1869 1297 1908 sacellum
1316 1869 1458 1908 ominis
1479 1868 1656 1922 capiendi
1676 1868 1808 1914 causa;

403 1940 509 1993 quod
531 1939 612 1978 fieri
634 1953 741 1978 more
760 1948 934 1976 veterum
955 1937 1112 1976 solebat.
1163 1937 1269 1974 Cum
1296 1936 1406 1989 virgo
1438 1934 1562 1980 staret,
1596 1944 1633 1973 et
1655 1935 1811 1973 Caecilia

403 2007 445 2045 in
466 2006 562 2045 cella
583 2005 737 2050 sederet,
769 2017 893 2057 neque
914 2003 981 2041 diu
1002 2002 1081 2040 ulla
1106 2015 1180 2041 vox
1212 2001 1406 2047 extitisset,
1428 2000 1599 2055 puellam
1621 1999 1809 2054 defatiga-

403 2082 484 2112 tam
512 2071 657 2126 petiiss‘e
678 2086 697 2109 a
718 2080 931 2115 matertera,
965 2079 1008 2108 ut
1029 2069 1098 2108 fibi
1118 2069 1343 2107 concederet
1364 2067 1567 2122 paulisper,
1601 2077 1643 2106 ut
1667 2067 1706 2105 in
1728 2068 1810 2120 ejus

404 2139 493 2178 sella
520 2138 792 2192 requiesceret;
825 2136 934 2175 illam
965 2145 1096 2175 autem
1127 2135 1273 2182 dixiss'e,
1296 2135 1413 2180 Vero,
1443 2147 1527 2173 mea
1560 2134 1702 2188 puella,
1737 2135 1810 2172 tibi

404 2205 575 2244 concedo
609 2218 710 2243 meas
746 2203 873 2242 sedes:
906 2202 1011 2256 quod
1036 2214 1152 2240 omen
1184 2215 1240 2240 res
1272 2201 1473 2240 consecuta
1495 2200 1574 2246 est,
1607 2201 1685 2254 ipsa
1704 2200 1808 2238 enim

404 2271 509 2310 brevi
531 2280 682 2310 mortua
701 2270 753 2308 est
771 2285 780 2308 ε
813 2270 920 2323 virgo
951 2278 1079 2307 autem
1101 2268 1226 2322 nupsit
1257 2268 1321 2307 cui
1343 2268 1499 2307 Caecilia
1531 2277 1650 2321 nupta
1670 2265 1807 2305 fuerat.

404 2337 503 2377 Haec
526 2337 626 2391 posse
653 2336 867 2380 contemni,
903 2335 961 2373 vel
996 2335 1113 2373 ctiam
1148 2334 1275 2380 rideri,
1307 2335 1483 2389 praeclare
1512 2333 1716 2386 intelligo:
1750 2332 1810 2370 scd

403 2402 573 2457 idipsum
593 2402 646 2441 est
667 2403 770 2441 Deos
804 2416 881 2441 non
901 2410 1049 2456 putare,
1077 2415 1162 2454 qua:
1182 2401 1229 2440 ab
1249 2401 1294 2440 iis
1316 2400 1591 2455 significantur,
1627 2409 1806 2439 contem-

404 2483 506 2508 nere.

459 2534 629 2574 XLVII.
662 2533 771 2587 Qid
791 2533 837 2572 de
858 2533 1066 2588 auguribus
1088 2533 1222 2587 loquar
1241 2534 1254 2571 ?
1277 2534 1374 2573 Tuae
1395 2541 1516 2587 partes
1538 2531 1648 2571 sunt:
1678 2539 1806 2574 tuum,
