2223 3003
653 248 1482 289 LIBERSECUNDU5.
1717 261 1764 299 (μ

376 348 508 386 eadem
539 347 647 386 causa
665 348 914 400 vigilantibus
945 347 1015 385 ess'e
1033 356 1179 400 poterat
1195 366 1206 392 ς
1237 347 1354 399 idque
1374 347 1399 385 fi
1430 344 1553 384 nostra
1571 344 1681 383 causa
1699 346 1771 383 Dii

380 413 589 452 secundum
609 415 779 466 quietem
801 412 982 458 facerent,
1004 413 1253 464 vigilantibus
1269 412 1373 450 idem
1391 411 1558 450 facerent
1572 430 1585 457 ς
1617 411 1769 464 praeser-

380 479 454 516 tim
487 492 580 517 cum
599 477 849 530 Chrysippus,
882 477 1136 514 Academicos
1171 476 1359 521 refellens,
1394 476 1589 529 permulto
1617 476 1774 514 clariora

379 552 417 580 et
438 543 594 581 certiora
612 542 682 580 effe
701 541 816 584 dicat,
834 553 918 591 quae
935 540 1182 591 vigilantibus
1198 540 1408 585 videantur,
1430 554 1547 592 quam
1564 555 1649 593 quae
1669 540 1772 578 som-

381 607 589 646 niantibus.
621 606 714 644 Fuit
735 605 853 656 igitur
872 604 1000 643 divina
1018 603 1269 642 beneficentia
1288 604 1457 656 dignius,
1486 619 1578 643 cum
1598 605 1773 644 consule-

381 680 465 710 rent
484 671 610 716 nobis,
631 670 789 709 clariora
807 669 884 708 visa
903 670 989 708 dare
1009 669 1199 723 vigilanti,
1221 684 1339 722 quam
1355 670 1572 708 obscuriora
1591 685 1656 723 per
1672 671 1774 709 som—

383 737 494 775 nium
509 755 521 782 3
544 735 649 789 quod
668 736 853 788 quoniam
873 749 951 774 non
971 735 1028 780 fit,
1051 735 1195 774 somnia
1214 735 1342 773 divina
1360 736 1528 788 putanda
1544 749 1621 773 non
1643 736 1741 774 sunt.

423 804 514 854 Jam
533 815 620 840 vero
640 802 735 854 quid
754 815 850 854 opus
870 801 923 840 est
942 801 1172 840 circuitione
1187 810 1225 839 et
1244 801 1444 846 amfraffitu,
1466 810 1510 838 ut
1529 802 1573 839 s1t
1589 801 1778 839 utendum

383 867 653 920 interpretibus
674 867 910 906 somniorum
931 868 1075 920 potiuS,
1097 881 1214 920 quam
1235 867 1376 906 direffiffi
1395 867 1407 903 ?
1430 868 1552 912 Deus,
1574 867 1600 905 fi
1621 866 1780 919 quidem

385 932 496 971 nobis
517 933 750 978 consulebat,
773 934 854 972 Hoc
858 932 996 986 facito,
1018 934 1098 972 Hoc
1113 933 1311 985 neficeris,
1329 933 1469 972 diceret
1485 952 1497 979 5
1520 933 1637 985 idque
1656 931 1781 970 visum

384 998 560 1052 vigilanti
579 1000 723 1053 potius,
746 1012 864 1052 quam
884 999 1093 1038 dormienti
1113 999 1228 1038 daret.

441 1066 532 1117 Jam
549 1079 638 1105 vero
657 1067 745 1118 quis
765 1066 889 1104 dicere
905 1066 1054 1111 audeat,
1076 1079 1160 1104 vera
1179 1066 1311 1105 omnia
1337 1065 1407 1104 effe
1427 1065 1602 1105 somnia?
1633 1065 1784 1118 Aliquot

372 1131 515 1183 fimnia
533 1146 637 1177 vera,
659 1131 788 1184 inquit
807 1132 973 1177 Ennius,
980 1131 1053 1185 ſsd
1066 1132 1180 1171 omnia
1199 1146 1266 1170 non
1285 1132 1330 1185 ‹st
1348 1132 1481 1185 neceff’.

442 1197 574 1235 LXII.
605 1197 704 1247 Qae
737 1196 790 1234 est
810 1197 966 1234 tandem
998 1196 1066 1234 ista
1085 1196 1306 1234 distinetio?
1342 1210 1426 1248 quae
1455 1210 1553 1241 vera,
1586 1209 1671 1247 quae
1696 1194 1787 1232 falsa

386 1260 503 1300 habet
519 1262 533 1299 ?
554 1270 605 1307 et,
627 1262 654 1300 fi
670 1275 755 1300 vera
769 1275 789 1299 a
804 1262 891 1301 Deo
911 1261 1137 1306 mittuntur,
1154 1260 1245 1299 falsa
1265 1260 1366 1299 unde
1386 1261 1590 1299 nascuntur
1606 1261 1618 1296 ?
1637 1261 1744 1299 Nam
1760 1260 1787 1297 fi

387 1340 432 1366 ea
451 1341 607 1381 quoque
626 1328 768 1373 divina,
796 1328 892 1380 quid
912 1327 1187 1367 inconstantius
1205 1327 1320 1366 Deo?
1351 1326 1446 1380 quid
1465 1326 1638 1365 inscitius
1658 1334 1789 1364 autem

389 1394 456 1440 est,
473 1407 590 1446 quam
607 1403 755 1433 mentes
775 1394 1001 1433 mortalium
1019 1393 1119 1432 falfis
1140 1402 1178 1432 et
1197 1392 1446 1432 mendacibus
1467 1392 1552 1431 vifis
1573 1391 1788 1430 concitare?

395 1460 462 1497 Sin
478 1474 563 1498 vera
578 1460 668 1506 visa,
690 1461 818 1499 divina
835 1460 922 1499 sunt
936 1480 949 1506 3
980 1460 1071 1499 falsa
1090 1469 1220 1499 autem
1250 1469 1288 1498 et
1319 1460 1458 1504 inania,
1480 1457 1649 1497 humana
1663 1476 1675 1503 3
1706 1471 1790 1510 quae

394 1523 449 1562 est
468 1523 536 1562 ista
554 1524 772 1577 designandi
803 1526 973 1571 licentia,
1005 1534 1048 1564 ut
1067 1524 1142 1564 hoc
1163 1527 1284 1570 Deus,
1316 1523 1392 1563 hoc
1413 1533 1546 1563 natura
1565 1522 1698 1561 fecerit
1717 1535 1790 1575 po-

396 1589 488 1634 tius,
520 1603 638 1641 quam
656 1599 722 1628 aut
741 1591 873 1629 omnia
891 1593 1013 1636 Deus,
1047 1591 1170 1643 (quod
1190 1590 1369 1642 negatis‚)
1392 1600 1458 1627 aut
1476 1589 1607 1627 omnia
1626 1597 1759 1626 natura
1776 1587 1790 1623 ?

397 1655 518 1706 Qod
550 1655 735 1707 quoniam
764 1655 864 1693 illud
897 1655 1056 1708 negatis,
1090 1654 1167 1693 hoc
1198 1654 1398 1693 neceffario
1427 1652 1693 1692 confitendum
1724 1652 1790 1690 est.

392 1720 586 1759 Naturam
604 1730 732 1758 autem
752 1733 835 1758 eam
856 1720 958 1766 dico,
980 1734 1056 1772 qua
1074 1733 1275 1773 nunquam
1295 1719 1445 1758 animus
1466 1718 1649 1763 insistens,
1670 1718 1792 1770 agita-

397 1786 504 1825 tione
522 1794 560 1824 et
578 1795 690 1824 motu
710 1785 780 1824 effe
799 1799 938 1824 vacuus
958 1785 1093 1839 potest.
1126 1787 1177 1830 Is,
1198 1783 1290 1823 cum
1309 1785 1492 1837 languore
1513 1785 1696 1837 corporis,
1725 1797 1793 1822 nec

398 1852 585 1890 membris
605 1852 676 1896 uti,
709 1864 779 1889 nec
800 1850 965 1889 sensibus
985 1849 1121 1902 potest,
1153 1849 1292 1887 incidit
1322 1850 1363 1887 in
1383 1848 1458 1886 visa
1477 1849 1577 1886 varia
1595 1858 1632 1886 et
1653 1849 1796 1886 incerta

399 1931 447 1956 ex
466 1917 653 1969 reliquiis,
675 1925 719 1954 ut
739 1916 791 1954 ait
817 1915 1052 1961 Aristoteles,
1083 1913 1360 1953 inhaerentibus
1379 1927 1509 1952 earum
1530 1927 1674 1959 rerum,
1702 1927 1795 1966 quas

399 1983 562 2036 vigilans
581 1982 743 2035 gefferit‚
775 1991 840 2021 aut
859 1982 1061 2035 cogitarit;
1093 1994 1257 2034 quarum
1287 1980 1572 2034 perturbatione
1602 1980 1796 2018 mirabiles

401 2048 599 2087 interdum
618 2047 784 2087 existunt
804 2047 945 2100 species
965 2047 1217 2085 somniorum.
1264 2047 1361 2097 Qae
1381 2045 1407 2083 fi
1427 2046 1498 2083 alia
1516 2044 1620 2090 falsa,
1641 2045 1713 2083 alia
1731 2058 1798 2082 ve-

403 2128 443 2153 ra
457 2133 470 2160 ;
501 2128 576 2167 qua
596 2124 685 2153 nota
704 2113 1019 2159 internoscantur,
1041 2113 1133 2151 scire
1153 2112 1237 2150 sane
1258 2112 1389 2150 velim.
1422 2111 1460 2149 Si
1480 2111 1585 2149 nulla
1604 2111 1656 2149 est
1667 2130 1679 2157 5
1702 2111 1798 2163 quid

402 2181 492 2220 istos
511 2181 735 2234 interpretes
756 2181 982 2218 audiamus?
1014 2180 1078 2218 Sin
1103 2179 1292 2232 quaepiam
1313 2178 1365 2216 est
1379 2196 1392 2224 3
1424 2190 1514 2216 aveo
1539 2177 1682 2223 audire,
1714 2191 1799 2230 qua:

404 2246 463 2286 fit.
497 2247 569 2285 Sed
587 2246 800 2285 haerebunt.

461 2313 613 2352 LXIII.
645 2313 764 2351 Venit
783 2311 888 2350 enim
902 2313 984 2365 jam
1006 2311 1046 2349 in
1066 2310 1370 2355 contentionem,
1402 2319 1534 2348 utrum
1554 2309 1599 2347 fit
1617 2307 1800 2362 probabi-

405 2377 496 2424 lius,
519 2379 668 2417 Deosne
688 2377 940 2423 immortales,
974 2391 1100 2416 rerum
1120 2377 1298 2415 omnium
1328 2375 1538 2428 praestantia
1556 2374 1800 2417 excellentes,

409 2445 630 2483 concursare
648 2445 828 2483 omnium
849 2443 1087 2488 mortalium,
1116 2444 1184 2496 qui
1201 2443 1345 2495 ubique
1366 2442 1466 2487 sunt,
1489 2455 1565 2480 non
1587 2440 1703 2479 modo
1722 2440 1802 2477 lec-

411 2517 486 2553 tos,
506 2521 638 2548 verum
658 2511 775 2548 etiam
793 2511 984 2564 grabatos,
1015 2519 1067 2555 et,
1100 2523 1191 2548 cum
1223 2508 1418 2547 stertentes
1445 2507 1592 2559 aliquos
1624 2505 1802 2548 viderint,

413 2573 579 2626 objicere
609 2573 669 2613 his
699 2575 775 2613 visa
793 2576 968 2628 quaedam
989 2575 1153 2615 tortuosa
1179 2584 1216 2613 et
1241 2574 1412 2618 obscura,
1445 2587 1529 2624 quae
1558 2571 1615 2610 illi
1635 2568 1804 2610 exterriti

1403 2639 1450 2676 M
1483 2650 1504 2675 2
