2223 3003
649 207 1254 251 FRAGMENTA.
1566 229 1639 269 375

292 306 480 361 ejusmodi
499 307 788 360 conjustionem
808 310 1012 354 testorum,
1037 309 1243 363 oppidum,
1265 310 1325 349 vel
1347 311 1485 350 urbem
1511 314 1644 366 appel-

292 375 433 420 larunt,
462 374 630 413 delubris
661 374 892 420 distinctam,
926 375 1128 429 spatiisque
1159 377 1453 417 communibus.
1501 380 1644 418 Omnis

291 454 382 493 ergo
402 440 584 494 populus,
616 441 684 493 qui
704 440 758 478 est
784 441 869 479 talis
889 451 1013 480 coetus
1041 442 1319 489 multitudinis,
1345 445 1500 497 qualem
1520 459 1642 499 expo-

292 506 362 552 sui,
393 508 527 545 civitas
547 507 600 545 est
617 521 626 546 :
659 506 787 544 omnis
807 507 955 552 civitas,
978 521 1063 560 quae
1083 508 1136 546 est
1155 509 1378 548 constitutio
1398 512 1548 564 populi,
1567 512 1643 550 res-

290 573 462 626 publica.

238 639 465 692 Fizoxroq
497 639 555 676 Ut
574 637 620 675 ad
639 651 724 676 eam
744 638 897 682 urbem,
919 651 1037 690 quam
1057 639 1216 684 incolas,
1247 641 1360 692 poffis
1381 642 1528 680 adnare.

237 706 291 743 D.
321 709 531 743 AUGUST.
564 702 647 756 epss
668 703 726 756 5.]
769 705 793 729 ἥρ
827 704 932 741 brevi
960 704 1189 750 multitudo,
1222 706 1364 744 diversa
1394 717 1508 760 atque
1535 722 1642 762 vaga,

290 770 497 809 concordi&
515 769 648 807 civitas
668 767 766 807 faCta
785 777 877 807 erat.

235 837 353 875 Non.
377 835 621 889 Cognoscere]
644 835 885 888 Cognoscere
906 834 1142 882 mehercule,
1162 836 1305 889 inquit,
1323 838 1645 878 consuetudinem

288 902 413 948 istam,
434 912 473 940 et
492 901 676 946 studium,
698 902 1006 954 sermonemque.

235 969 430 1008 SENECA.
462 969 525 1007 lib.
558 968 639 1006 xix.
673 968 788 1022 epzst.]
825 971 848 994 ἕξ
880 968 976 1007 duos
1007 970 1205 1008 Romanos
1230 984 1335 1023 reges
1367 971 1451 1016 effe,
1473 986 1641 1024 quorum

287 1035 381 1073 alter
400 1044 549 1088 patrem
583 1048 660 1073 non
681 1034 811 1080 habet,
847 1035 942 1074 alter
961 1045 1138 1074 matrem.
1186 1037 1292 1075 Nam
1314 1037 1359 1074 de
1381 1037 1498 1075 Servii
1519 1048 1640 1076 matre

287 1101 499 1140 dubitatur.
531 1101 634 1139 Anci
660 1101 803 1138 Marcii
822 1111 928 1154 pater
948 1115 1104 1155 quoque
1124 1103 1334 1155 ignoratur.
1376 1102 1550 1142 Tantum
1571 1103 1637 1142 hic

287 1167 478 1212 Marcius,
500 1167 646 1205 Numae
667 1179 785 1219 nepos
806 1167 962 1205 dicitur.

234 1233 352 1271 NON.
387 1233 623 1285 Dimittere]
659 1235 771 1271 Tum
808 1234 926 1271 annui
957 1233 1157 1278 Consules,
1186 1243 1273 1271 tum
1317 1233 1458 1272 dimiffi
1492 1235 1639 1287 populo

285 1297 417 1337 fasces.

233 1367 426 1404 SENECA.
448 1364 509 1403 lib.
529 1377 623 1403 ΧΙΧ.
646 1365 762 1419 epist]
793 1367 817 1391 *
838 1366 1152 1418 provocationem
1179 1366 1226 1404 ad
1251 1365 1445 1418 populum
1473 1366 1588 1404 etiam
1619 1380 1641 1404 a

285 1432 438 1485 regibus
459 1430 581 1470 fuisse.

230 1498 351 1536 NON.
374 1496 605 1535 Horrendum
624 1497 669 1534 ab
688 1496 866 1549 horrida]
909 1498 1069 1535 Horum
1097 1497 1204 1535 enim
1235 1497 1473 1535 severitatem
1496 1498 1639 1536 dicitur

286 1561 512 1601 inhorruiffe
534 1562 708 1614 primum
727 1562 874 1599 civitas.

231 1632 423 1668 SENECA.
446 1627 506 1666 lib.
534 1640 627 1665 xix.
650 1627 766 1680 epss]
798 1629 929 1678 Qem
964 1641 1033 1665 nos
1055 1627 1293 1665 Dietatorem
1315 1627 1498 1673 dicimus,
1528 1638 1566 1666 et
1594 1630 1638 1667 in

284 1695 438 1734 historia
468 1694 520 1731 ita
547 1693 738 1731 nominari
758 1693 938 1745 legimus,
970 1693 1070 1746 apud
1106 1694 1283 1746 antiquos
1305 1695 1481 1746 magister
1500 1695 1642 1747 populi

284 1769 438 1799 vocatus
473 1758 539 1803 est,
575 1758 692 1810 quod,
715 1759 782 1813 qui
804 1759 850 1796 ab
884 1758 953 1796 illo
974 1759 1209 1804 nominatur,
1245 1759 1423 1812 magister
1455 1761 1640 1812 equitum

284 1826 350 1864 est.

230 1895 412 1932 C1c.·v1.
435 1890 486 1929 ad
500 1890 669 1929 Atticum
691 1890 751 1943 9.]
783 1891 859 1928 Cn.
882 1890 1037 1928 Flavius
1057 1888 1170 1928 fastos
1190 1890 1368 1942 protulit.

228 1956 456 2009 FRoNTo.]
488 1956 570 2009 Ipsa
590 1955 762 2009 cognitio
778 1968 846 1994 nos
867 1955 1080 1994 deleCkavit.

229 2025 348 2064 NON.
381 2023 582 2075 AEmulus.]
627 2022 839 2073 Qomodo
871 2023 978 2060 enim
1006 2021 1203 2074 judicatur
1236 2021 1304 2059 iste
1342 2021 1522 2073 optimas,
1568 2030 1637 2059 aut

284 2090 535 2142 optimatium
552 2089 713 2127 &emulus
734 2089 919 2133 doeirina,
941 2089 1099 2132 artibus,
1122 2087 1267 2125 studiis.
1286 2087 1430 2130 Audio,
1448 2087 1601 2137 quando
1617 2088 1631 2123 ?

230 2155 369 2208 Now]
403 2154 474 2192 Sed
500 2154 637 2192 audiffe
657 2155 839 2198 te.credo‚
871 2163 957 2191 tum
988 2167 1076 2190 vero
1096 2152 1311 2196 Platonem,
1343 2155 1494 2189 Socrate
1522 2166 1631 2190 mor-

283 2231 365 2265 tuo,
398 2220 571 2273 primum
601 2218 642 2257 in
677 2219 894 2270 AEgyptum
926 2217 1095 2255 discendi
1128 2215 1248 2261 causa,
1282 2216 1365 2269 post
1384 2217 1425 2254 in
1462 2217 1632 2263 Italiam,

282 2285 531 2325 contendisse.

230 2353 348 2391 Nou.
373 2351 543 2405 Anima]
574 2352 684 2390 Tum
711 2350 864 2395 virtute,
897 2348 1038 2393 labore,
1074 2347 1257 2386 industria
1285 2358 1467 2401 quaereret
1487 2348 1632 2387 summi

284 2418 356 2455 viri
387 2418 571 2464 indolem,
607 2417 676 2456 nisi
707 2417 824 2455 nimis
857 2414 1025 2454 animose
1057 2413 1162 2453 ferax
1195 2422 1329 2453 natura
1353 2415 1468 2454 illum
1502 2415 1630 2453 nescio

284 2497 363 2536 quo
377 2485 501 2536 pafto.
