2223 3003
445 209 526 250 3²4
821 197 924 236 DE
993 193 1471 234 AMICITIA.

445 295 687 334 mentionem
708 292 909 337 incidisset,
940 290 1116 344 exposuit
1137 291 1249 330 nobis
1271 290 1488 330 sermonem
1507 289 1621 330 Laelii
1645 290 1692 330 de
1711 293 1850 333 amici-

444 363 510 407 tia,
541 361 718 400 habitum
739 360 785 396 ab
807 359 875 396 illo
895 358 1039 403 secum,
1061 367 1098 396 et
1117 371 1210 396 cum
1231 357 1351 396 altero
1370 371 1510 411 genero
1533 359 1582 397 C.
1605 358 1768 403 Fannio,
1785 359 1852 398 M.

445 427 541 472 filio,
563 427 692 480 paucis
714 424 849 463 diebus
870 424 953 477 post
973 433 1141 462 mortem
1159 423 1351 463 Africani.

501 494 596 545 Ejus
617 491 885 544 disputationis
907 490 1110 530 sententias
1131 491 1329 530 memoriae
1359 490 1538 530 mandavi
1551 509 1562 536 5
1594 503 1688 544 quas
1707 490 1749 529 in
1774 489 1852 530 hoc

444 558 545 596 libro
564 557 723 610 exposui
753 570 842 595 meo
861 557 1070 596 arbitratu:
1103 557 1205 610 quafi
1224 558 1330 596 enim
1357 557 1456 611 ipsos
1476 557 1615 596 induxi
1634 556 1854 610 loquentes,

444 639 506 669 ne,
537 625 694 678 inquam,
726 632 778 669 et,
814 624 945 677 inquit,
984 624 1117 677 saepius
1152 623 1486 677 interponeretur;
1517 633 1632 676 atque
1666 632 1725 669 ut,
1764 632 1853 662 tan-

444 705 563 747 quam
584 704 604 729 a
623 690 887 744 praesentibus,
917 704 1047 729 coram
1067 689 1200 729 haberi
1220 690 1343 730 sermo
1369 691 1575 730 videretur.
1621 691 1728 729 Cum
1745 690 1852 729 enim

444 746 540 811 saep¹e
573 771 731 796 mecum
765 770 905 810 ageres,
939 766 982 795 ut
1016 758 1063 795 de
1093 757 1266 795 amicitia
1296 756 1500 795 scriberem
1531 756 1694 809 aliquid,
1737 756 1855 809 digna

444 823 546 863 mihi
578 837 634 863 res
673 837 766 862 cum
804 823 985 861 omnium
1018 823 1256 875 cognitione,
1296 831 1383 860 tum
1417 823 1542 862 nostra
1574 821 1854 867 familiaritate,

443 891 520 929 visa
539 891 614 929 est:
638 891 768 942 itaque
786 887 863 926 feci
883 902 961 926 non
982 887 1143 933 invitus,
1167 896 1208 926 ut
1227 887 1437 941 prodefl'em
1458 888 1594 927 multis
1616 898 1683 927 tuo
1702 897 1853 942 rogatu.

445 957 532 1001 Sed,
565 965 608 994 ut
638 957 678 994 in
698 956 847 993 Catone
872 954 1038 1006 Majore,
1066 954 1136 1007 qui
1165 953 1218 992 est
1239 953 1400 1007 scriptus
1432 954 1479 992 ad
1510 962 1549 992 te
1581 954 1628 992 de
1648 954 1854 999 senectute,

443 1024 635 1062 Catonem
656 1021 792 1060 induxi
813 1020 942 1059 senem
962 1020 1238 1074 disputantem,
1266 1020 1358 1073 quia
1376 1020 1485 1059 nulla
1502 1020 1705 1059 videbatur
1729 1021 1858 1074 aptior

442 1089 611 1142 persona,
634 1102 720 1141 quae
750 1087 797 1126 de
826 1087 894 1125 illa
924 1096 1033 1126 aetate
1065 1087 1304 1140 loqueretur,
1339 1100 1459 1139 quam
1479 1088 1574 1140 ejus,
1607 1087 1675 1139 qui
1705 1095 1744 1125 et
1762 1086 1853 1125 diu-

443 1155 583 1194 tissime
613 1155 726 1193 senex
746 1152 889 1199 fuiffet‚
920 1162 958 1191 et
990 1153 1029 1191 in
1064 1153 1143 1206 ips-a
1162 1153 1353 1191 seneetute
1378 1167 1455 1206 prae
1475 1153 1619 1192 caeteris
1640 1151 1822 1191 fioruiffet
1839 1171 1853 1197 ;

442 1222 507 1267 fic,
521 1235 614 1260 cum
633 1218 904 1274 accepifl'emus
925 1234 945 1258 a
963 1220 1138 1273 patribus
1158 1220 1331 1258 maxime
1350 1219 1647 1258 memorabilem
1661 1219 1709 1257 C.
1725 1219 1852 1262 Laelii,

442 1297 482 1326 et
502 1289 546 1327 P.
570 1286 760 1340 Scipionis
781 1285 1085 1325 familiaritatem
1117 1285 1240 1331 fuisse,
1271 1285 1408 1324 idonea
1438 1285 1538 1324 mihi
1560 1285 1671 1324 Laelii
1697 1285 1854 1337 persona

442 1353 518 1392 visa
538 1353 603 1397 est,
626 1367 712 1405 quae
733 1352 780 1390 de
809 1352 982 1390 amicitia
1012 1364 1054 1389 ea
1084 1351 1162 1405 ipsa
1182 1351 1387 1397 dissereret,
1420 1365 1505 1405 quae
1526 1351 1714 1405 disputata
1735 1351 1781 1389 ab
1808 1363 1856 1389 eo

442 1418 678 1459 meminisset
700 1418 878 1457 Scaevola.

499 1487 634 1523 Genus
666 1494 797 1522 autem
827 1482 902 1521 hoc
923 1482 1161 1528 sermonum,
1182 1483 1349 1537 positum
1377 1484 1417 1522 in
1447 1482 1660 1522 hominum
1678 1491 1854 1522 veterum

442 1552 679 1596 auitoritate,
710 1558 747 1588 et
778 1562 913 1587 eorum
943 1549 1168 1595 illustrium,
1201 1550 1304 1603 plus,
1336 1549 1464 1589 nescio
1489 1564 1569 1603 quo
1589 1551 1714 1604 pacto,
1744 1549 1853 1587 vide-

444 1629 504 1658 tur
524 1618 662 1657 habere
682 1616 893 1671 gravitatis.
927 1617 1062 1669 Itaque
1093 1615 1185 1670 ipse,
1210 1630 1296 1655 mea
1314 1617 1461 1670 legens,
1491 1617 1541 1655 fic
1562 1616 1708 1654 afficior
1732 1616 1854 1654 inter-

442 1686 552 1731 dum,
585 1695 626 1724 ut
649 1686 855 1729 Catonem,
887 1697 965 1722 non
987 1696 1064 1729 me,
1095 1683 1206 1736 loqui
1235 1682 1467 1722 existimem.
1501 1683 1586 1729 Sed,
1619 1692 1662 1721 ut
1690 1692 1776 1721 tum
1807 1684 1854 1721 ad

443 1754 569 1792 senem
592 1752 703 1790 senex
724 1751 770 1790 de
791 1750 996 1796 senectute,
1028 1750 1077 1790 fic
1097 1748 1174 1799 hoc
1194 1749 1296 1789 libro
1326 1749 1373 1788 ad
1402 1749 1575 1789 amicum
1605 1749 1854 1787 amicissimus

442 1820 488 1858 de
509 1819 679 1859 amicitia
699 1818 839 1871 scripsi.
886 1819 996 1856 Tum
1027 1817 1079 1856 est
1101 1818 1200 1856 Cato
1219 1817 1388 1863 locutus,
1420 1831 1500 1869 quo
1526 1826 1605 1855 erat
1638 1830 1754 1855 nemo
1774 1815 1854 1855 sere

442 1886 565 1924 senior
586 1884 826 1937 temporibus
848 1883 940 1928 illis,
961 1896 1077 1921 nemo
1098 1883 1350 1935 prudentior;
1373 1897 1476 1921 nunc
1490 1883 1633 1921 Laelius
1655 1893 1691 1920 et
1708 1883 1853 1935 sapiens

446 1952 513 2002 (sic
535 1951 640 1989 enim
661 1950 713 1988 est
735 1949 909 2001 habitus)
944 1958 981 1986 et
1011 1949 1190 1987 amicitiae
1210 1949 1334 2002 gloria
1364 1948 1570 1993 excellens,
1603 1948 1649 1985 de
1683 1949 1855 1986 amicitia

444 2018 632 2070 loquitur.
672 2017 738 2054 Tu
769 2015 889 2054 velim
911 2016 1088 2053 animum
1122 2029 1141 2053 a
1175 2029 1238 2053 me
1269 2029 1473 2068 parumper
1493 2023 1648 2059 avertas,
1685 2015 1855 2053 Lat-lium

444 2085 550 2137 loqui
574 2083 697 2136 ipsum
719 2091 844 2135 putes.
878 2083 925 2121 C.
950 2082 1136 2127 Fannius,
1168 2091 1205 2120 et
1226 2082 1465 2133 QMucius
1485 2081 1530 2120 ad
1551 2082 1723 2119 socerum
1747 2081 1855 2119 veni-

445 2162 515 2189 unt
536 2151 617 2204 post
640 2159 806 2189 mortem
830 2147 1004 2187 Africani
1024 2163 1032 2186 :
1070 2148 1117 2187 ab
1137 2147 1198 2187 his
1219 2148 1343 2187 sermo
1363 2148 1511 2187 oritur:
1545 2148 1743 2202 respondet
1767 2149 1854 2187 Lae-

445 2219 544 2263 lius,
568 2219 627 2270 cuj
637 2232 677 2256 us
701 2226 779 2256 tota
799 2215 1006 2270 disputatio
1026 2216 1077 2254 cst
1098 2215 1143 2254 de
1164 2215 1347 2262 amicitia,
1369 2229 1487 2268 quam
1508 2215 1638 2269 legens
1661 2225 1702 2254 tu
1725 2225 1760 2253 te
1777 2216 1854 2268 ipse

446 2285 665 2338 cognosces.

502 2352 555 2390 11.
591 2351 808 2389 Fam-mus.
833 2350 928 2386 Sunt
948 2347 1027 2393 ista,
1050 2347 1170 2386 Laeli:
1195 2361 1264 2386 nec
1284 2347 1390 2386 enim
1411 2347 1550 2385 melior
1571 2347 1628 2385 vir
1647 2345 1722 2384 fuit
1743 2344 1852 2384 Afri-

447 2433 542 2457 cano
558 2417 774 2471 quisquam,
799 2430 866 2454 nec
888 2416 1038 2454 clarior.
1080 2416 1150 2454 Sed
1170 2415 1385 2454 existimare
1405 2414 1533 2459 debes,
1554 2414 1735 2452 omnium
1757 2428 1852 2451 ocu-

447 2488 505 2526 los
528 2487 566 2524 in
589 2495 624 2523 tc
644 2484 714 2522 eisc
736 2484 928 2535 conjcd’tos
948 2498 956 2521 :
990 2497 1112 2521 unum
1135 2492 1170 2522 te
1191 2482 1399 2536 sapientem
1419 2492 1456 2520 et
1477 2482 1670 2535 appellant
1691 2491 1727 2518 ct
1751 2481 1851 2518 exis-

451 2555 605 2594 timant.
637 2552 900 2593 Tribuebatur
920 2550 994 2591 hoc
1021 2550 1140 2592 modo
1166 2551 1228 2590 M.
1253 2549 1421 2589 Catoni:
1455 2549 1592 2588 scimus
1615 2550 1663 2588 L.
1683 2548 1856 2587 Atilium
