2223 3003
396 245 448 287 92
683 233 786 272 DE
843 227 1498 271 D1v1NAT10NE

395 333 544 372 somnio
563 332 608 370 ad
627 331 882 382 conjectorem
902 342 1013 368 mane
1032 329 1203 368 deferant
1214 346 1227 374 ;
1258 342 1305 367 an
1325 339 1459 368 natura
1476 329 1572 375 fieri,
1593 338 1637 369 ut
1656 331 1790 370 mobi-

394 400 481 437 liter
499 398 650 436 animus
665 396 843 447 agitatuS,
859 395 966 447 quod
984 395 1146 448 vigilans
1163 393 1314 441 viderit,
1330 395 1523 434 dormiens
1535 395 1662 434 videre
1680 397 1791 435 vide-

392 474 488 502 atur.
549 464 695 500 Utrum
714 459 959 514 philosophia
978 461 1147 514 dignius,
1169 462 1341 515 sagarum
1361 461 1623 515 superstitione
1642 461 1710 500 ista
1726 462 1790 501 in·

391 528 601 582 terpretari‚
623 541 670 566 an
690 527 947 580 explicatione
966 536 1108 567 naturae
1127 529 1140 566 ?
1168 529 1240 574 Ut,
1268 528 1294 567 fi
1305 529 1388 581 jam
1404 527 1485 566 fieri
1500 528 1612 581 poffit
1630 529 1790 581 conjec-

389 605 474 634 tura
492 609 578 634 vera
597 595 850 640 somniorum,
871 604 1000 633 tamen
1020 594 1094 641 isti,
1115 595 1185 648 qui
1199 594 1442 649 profitentur,
1462 608 1547 633 eam
1567 594 1689 633 facere
1709 607 1789 633 non

388 661 553 715 poffint:
580 675 628 701 ex
646 660 833 699 leviffimo
852 661 957 699 enim
977 670 1015 699 et
1034 660 1292 700 indoffiffimo
1307 674 1444 714 genere
1458 661 1644 700 constant.
1668 660 1789 699 Stoici

388 737 520 766 autem
539 729 597 767 tui
618 736 759 781 negant
778 740 1031 780 quemquam,
1054 728 1122 766 nifi
1142 727 1365 780 sapientem,
1382 727 1560 765 divinum
1579 725 1651 764 esse
1669 725 1787 780 poffe.

443 793 682 848 Chrysippus
715 794 875 847 quidem
894 793 1171 832 divinationem
1191 792 1328 832 definit
1352 792 1413 832 his
1433 793 1573 838 verbis,
1605 793 1684 832 Vttn
1702 806 1789 845 cog-

387 874 430 900 no
445 871 590 907 centem,
620 869 656 899 et
675 859 864 905 videntem,
885 868 921 899 et
952 859 1314 913 explicantemstgna,
1347 873 1428 913 quae
1444 871 1468 898 a
1486 859 1576 899 Diis
1593 858 1790 898 hominibus

377 927 650 981 portendantur
665 942 678 965 :
708 926 885 965 officium
904 934 1034 965 autem
1058 925 1129 965 effe
1149 927 1243 978 ejus,
1263 925 1508 979 praenoscere,
1528 924 1598 963 Dii
1614 923 1789 979 erga-ho-

386 993 511 1031 mines
531 1001 661 1032 mente
691 1005 768 1045 qua
792 992 879 1038 fint,
914 991 1087 1045 quidque
1105 991 1320 1045 significent
1334 1010 1346 1036 ς
1378 991 1789 1044 quemadmodumque

385 1071 428 1097 ea
447 1067 714 1112 procurentur,
749 1066 864 1111 atque
883 1058 1100 1111 expientur.
1143 1057 1332 1110 Idemque
1356 1053 1599 1096 somniorum
1629 1057 1786 1109 conjec-

383 1125 532 1164 tionem
553 1124 688 1164 definit
707 1123 783 1163 hoc
804 1123 936 1169 modo,
952 1123 1032 1178 Effi
1050 1124 1126 1163 vim
1145 1132 1343 1163 cernentem
1361 1132 1397 1162 et
1416 1123 1676 1177 explanantem,
1708 1135 1791 1176 quae

383 1206 407 1230 a
427 1192 516 1230 Diis
533 1191 728 1230 hominibus
741 1190 997 1242 stgng'ficentur
1016 1190 1052 1227 in
1058 1190 1207 1243 fimnis.
1250 1189 1359 1241 Qid
1379 1202 1469 1241 ergo
1487 1191 1501 1226 ?
1531 1189 1577 1226 ad
1597 1188 1679 1226 haec
1699 1202 1786 1226 me-

382 1257 505 1296 diocri
525 1269 620 1310 opus
650 1256 703 1294 est
721 1255 935 1309 prudentia,
967 1269 1014 1294 an
1040 1265 1078 1294 et
1098 1256 1255 1309 ingenio
1274 1255 1478 1309 praestanti,
1509 1264 1548 1294 et
1572 1254 1787 1294 eruditione

382 1322 577 1376 perfecta?
607 1321 749 1361 Talem
767 1331 897 1361 autem
916 1322 1170 1376 cognovimus
1191 1321 1405 1360 neminem.

437 1390 588 1429 LXIV.
619 1389 720 1427 Vide
749 1389 883 1441 igitur,
919 1401 980 1434 ne,
1013 1389 1127 1427 etiam
1149 1389 1176 1427 fi
1196 1387 1473 1427 divinationem
1494 1386 1567 1426 tibi
1587 1387 1658 1426 ess‘e
1686 1399 1784 1426 con-

381 1455 533 1501 ceffero,
548 1455 654 1509 quod
675 1467 875 1508 nunquam
895 1453 1050 1500 faciam,
1066 1455 1264 1493 neminem
1284 1463 1411 1493 tamen
1427 1454 1604 1492 divinum
1621 1453 1785 1506 reperire

381 1521 578 1575 poffimus.
611 1521 748 1573 Qalis
769 1530 900 1560 autem
920 1520 987 1559 ista
1007 1533 1116 1559 mens
1136 1521 1189 1559 est
1210 1521 1400 1566 Deorum,
1418 1520 1443 1558 fi
1464 1532 1589 1572 neque
1609 1532 1651 1557 ea
1670 1519 1784 1558 nobis

382 1587 594 1640 fignificant
614 1587 654 1625 in
675 1585 833 1631 somnis,
866 1599 950 1639 quae
971 1586 1038 1639 ipfi
1068 1599 1135 1639 per
1154 1599 1222 1624 nos
1245 1585 1507 1639 intelligamus
1524 1604 1536 1631 ς
1570 1598 1695 1638 neque
1725 1597 1782 1631 ea,

380 1666 549 1705 quorum
569 1653 792 1705 interpretes
812 1650 949 1690 habere
969 1650 1181 1705 poffimus?
1213 1651 1364 1691 Similes
1395 1651 1501 1690 enim
1532 1651 1619 1689 sunt
1639 1651 1723 1695 Dii,
1754 1650 1781 1689 fi

379 1733 421 1757 ea
441 1719 552 1758 nobis
572 1718 778 1771 objiciunt,
811 1731 981 1770 quorum
1008 1731 1078 1755 nec
1099 1718 1310 1762 scientiam,
1343 1729 1466 1769 neque
1496 1716 1781 1768 explanatorem

379 1784 604 1830 habeamus,
626 1792 810 1836 tanquam
832 1783 857 1821 fi
878 1783 989 1822 Poeni
1010 1792 1074 1821 aut
1095 1783 1259 1837 Hispani
1280 1783 1319 1821 in
1347 1781 1475 1821 senatu
1497 1781 1623 1820 nostro
1642 1781 1780 1834 loque-

380 1859 510 1889 rentur
529 1850 606 1887 fine
625 1849 844 1901 interprete.

435 1917 524 1968 Jam
544 1929 633 1953 vero
653 1928 732 1968 quo
750 1914 942 1968 pertinent
962 1913 1208 1953 obscuritates
1228 1923 1266 1952 et
1287 1914 1490 1967 :enigmata
1510 1913 1748 1953 somniorum
1766 1915 1779 1952 ?

380 1982 551 2036 Intelligi
572 1982 677 2020 enirn
698 1995 719 2019 a
739 1981 849 2020 nobis
866 1981 935 2019 Dii
952 1981 1049 2019 velle
1069 1981 1259 2019 debebant
1274 1993 1328 2025 ea,
1347 1994 1431 2033 quae
1447 1979 1571 2019 nostra
1587 1979 1695 2018 causa
1711 1994 1780 2019 nos

381 2058 595 2088 monerent.
637 2047 745 2100 Qid
761 2049 774 2085 ?
806 2055 916 2101 poeta
941 2061 1070 2092 nemo,
1102 2061 1217 2086 nemo
1238 2045 1430 2101 physicus,
1461 2045 1643 2085 obscurus
1663 2048 1675 2084 ?
1709 2047 1780 2085 Ille

379 2128 469 2153 vero
499 2114 615 2152 nimis
641 2113 757 2151 etiam
777 2112 958 2152 obscurus
980 2112 1209 2166 Euphorion
1229 2128 1238 2152 :
1270 2122 1307 2151 at
1338 2126 1415 2151 non
1438 2113 1634 2151 Homerus
1654 2128 1662 2151 :
1697 2123 1781 2151 uter

379 2180 498 2233 igitur
518 2179 682 2218 melior?
706 2179 826 2216 Valde
848 2178 1067 2217 Heraclitus
1089 2178 1296 2223 obscurus;
1320 2179 1484 2217 minime
1503 2179 1776 2217 Democritus:

379 2260 476 2285 num
496 2246 615 2299 igitur
634 2245 884 2283 confercndi?
916 2246 1008 2283 Mea
1024 2245 1133 2284 causa
1154 2260 1216 2284 mc
1237 2259 1385 2290 mones,
1407 2246 1511 2298 quod
1534 2259 1609 2283 non
1631 2244 1777 2283 intelli-

378 2313 496 2366 gam?
519 2311 627 2364 Qid
649 2325 710 2350 mc
727 2312 845 2365 igitur
867 2325 998 2350 mones
1017 2313 1030 2348 ?
1064 2313 1120 2350 Ut
1142 2312 1166 2350 si
1188 2313 1274 2364 quis
1296 2311 1468 2351 medicus
1489 2321 1630 2364 :egroto
1651 2311 1778 2364 impc-

377 2388 449 2424 ret,
467 2387 509 2417 ut
531 2377 653 2416 sumat

517 2441 763 2498 Terrigenam,
785 2443 1050 2498 her-bigradam,
1072 2443 1338 2497 demi-portam,
1347 2445 1528 2498 smgm'm·
1547 2443 1684 2498 (affl-vn,

377 2509 504 2564 potius
525 2525 644 2564 quam
664 2510 872 2551 hominum
894 2524 1013 2555 more,
1035 2509 1250 2558 cochleam,
1283 2511 1419 2551 dicere.
1463 2511 1568 2550 Nam
1592 2509 1777 2549 Pacuvia-

378 2590 448 2615 nus
469 2575 659 2630 Amphio,
