2223 3003
432 224 511 265 290
829 211 933 250 DE
1004 209 1432 249 OFFICIIS

427 311 592 365 putavit,
624 310 769 350 idcirco
802 307 872 346 fibi
903 306 1110 346 honestum
1140 315 1179 346 et
1198 305 1337 346 sentire
1367 307 1448 352 illa,
1478 315 1518 346 et
1543 308 1624 361 pati
1654 309 1834 352 credidit.

428 378 536 418 Nam
557 377 662 430 quod
679 376 799 419 aiunt,
822 373 928 427 quod
951 373 1060 412 valde
1079 373 1174 412 utile
1194 374 1252 420 fit,
1280 374 1320 413 id
1340 373 1423 413 fieri
1442 373 1646 414 honestum
1663 393 1676 421 3
1706 375 1839 415 immo

426 457 516 482 vero
536 443 620 488 effe,
639 455 716 480 non
736 440 831 479 fieri.
878 440 947 479 Est
964 441 1072 479 enim
1092 440 1194 480 nihil
1214 441 1324 488 utile,
1345 441 1450 495 quod
1470 441 1574 480 idem
1595 455 1673 480 non
1692 440 1833 481 hones·

426 519 512 549 tum
528 528 539 554 ς
572 521 657 554 nec,
679 507 770 561 quia
791 507 899 554 utile,
920 506 1127 547 honestum
1147 508 1226 555 est;
1258 508 1336 554 sed,
1356 509 1448 562 quia
1462 507 1682 554 honestum,
1703 508 1815 547 utile.

479 576 633 615 XXXI.
669 576 813 628 Qme,
845 589 893 614 ex
913 575 1050 614 multis
1084 575 1330 615 mirabilibus
1350 576 1554 630 exemplis,
1586 574 1690 614 haud
1719 573 1841 614 facile

424 643 513 695 quis
544 641 684 680 dixerit
703 640 779 680 hoc
799 642 980 695 exemplo
1000 651 1065 680 aut
1092 642 1337 688 laudabilius,
1367 651 1434 681 aut
1467 642 1718 696 praestantius.
1760 641 1839 681 Sed

424 722 471 747 ex
492 718 572 747 tota
590 707 663 747 hac
684 708 795 747 laude
816 709 974 762 Reguli,
1010 722 1134 748 unum
1164 709 1264 748 illud
1294 709 1348 748 est
1378 709 1631 748 admiratione
1651 708 1838 763 dignum,

424 776 530 829 quod
560 776 731 829 captivos
766 775 985 815 retinendos
1016 776 1217 815 censuerit.
1258 777 1382 822 Nam,
1422 777 1528 829 quod
1562 776 1689 821 rediit,
1720 775 1837 814 nobis

424 857 529 882 nunc
550 842 727 881 mirabile
747 842 898 881 videtur
909 860 922 887 3
944 842 1022 880 illis
1042 842 1203 895 quidem
1225 843 1464 897 temporibus
1484 843 1593 883 aliter
1611 842 1734 882 facere
1754 855 1837 881 non

423 909 566 962 potuit.
598 909 734 961 Itaque
752 907 820 945 ista
838 907 919 945 laus
939 921 1018 946 non
1037 908 1090 946 est
1109 906 1298 954 hominis,
1319 908 1380 947 sed
1402 917 1648 962 temporum:
1677 908 1837 948 nullum

423 976 529 1014 enim
549 975 754 1013 vinculum
773 973 819 1012 ad
848 973 1132 1028 astringendam
1151 974 1270 1014 fidem
1293 975 1545 1029 jurejurando
1567 967 1728 1028 majores
1748 988 1836 1014 arc-

423 1043 500 1081 tius
522 1041 592 1080 effe
612 1041 830 1080 voluerunt.
864 1041 909 1080 Id
929 1041 1103 1080 indicant
1122 1042 1225 1095 leges
1246 1042 1286 1080 in
1309 1055 1375 1081 xit
1399 1042 1555 1088 tabulis,
1582 1042 1757 1080 indicant
1777 1041 1836 1079 sa-

421 1118 546 1154 cratae,
569 1108 742 1146 indicant
762 1106 919 1154 foedera,
937 1108 1079 1161 quibus
1099 1109 1216 1148 etiam
1237 1123 1329 1147 cum
1349 1108 1457 1148 hoste
1477 1109 1693 1147 devincitur
1713 1107 1806 1146 fides
1818 1125 1833 1153 5

421 1175 594 1214 indicant
615 1175 789 1213 notiones
810 1175 1229 1229 animadverfionesque
1254 1176 1485 1221 Censorum,
1507 1175 1575 1229 qui
1601 1175 1708 1214 nulla
1728 1175 1774 1213 de
1796 1186 1837 1213 re

421 1241 660 1295 diligentiuS,
683 1254 802 1294 quam
823 1241 869 1280 de
883 1242 1148 1295 jurejurando,
1164 1242 1407 1294 judicabant.

478 1308 526 1346 L.
555 1307 724 1352 Manlio,
755 1309 807 1346 A.
835 1307 933 1354 filio,
967 1321 1060 1346 cum
1094 1308 1255 1347 diftator
1287 1307 1430 1353 fuisset,
1472 1307 1538 1347 M.
1574 1306 1834 1360 Pomponius,

422 1374 601 1412 tribunus
621 1373 758 1427 plebis,
790 1373 894 1412 diem
925 1374 1039 1420 dixit,
1071 1374 1177 1427 quod
1204 1375 1235 1413 is
1270 1388 1410 1428 paucos
1432 1374 1500 1413 fibi
1533 1375 1613 1414 dies
1644 1374 1689 1411 ad
1710 1373 1834 1412 dista-

422 1451 548 1479 turam
583 1439 790 1494 gerendam
822 1440 1048 1479 addidisset:
1079 1441 1357 1480 criminabatur
1387 1443 1520 1487 etiam,
1556 1441 1662 1494 quod
1689 1441 1835 1479 Titum

421 1508 565 1552 filium,
588 1508 655 1559 qui
686 1506 812 1559 postea
831 1506 884 1544 est
905 1508 1129 1559 Torquatus
1151 1508 1376 1560 appellatus,
1405 1509 1452 1546 ab
1483 1506 1712 1546 hominibus
1734 1507 1835 1544 rele-

420 1572 551 1627 gaffet,
578 1582 616 1611 et
636 1572 714 1610 ruri
735 1570 906 1610 habitare
921 1572 1094 1625 juffiffet.
1139 1573 1260 1625 Qod
1280 1587 1373 1612 cum
1400 1573 1598 1612 audiviffet
1618 1573 1834 1612 adolescens

421 1641 538 1685 filius,
580 1639 782 1692 negotium
813 1638 989 1678 exhiberi
1028 1641 1158 1693 patri3
1201 1640 1398 1679 accurriffe
1435 1641 1622 1685 Romam,
1667 1649 1705 1678 et
1739 1654 1834 1680 cum

419 1708 545 1761 prima
575 1707 661 1745 luce
694 1706 901 1759 Pomponii
937 1706 1102 1745 domum
1137 1707 1275 1745 venill‘e
1309 1707 1467 1746 dicitur.
1515 1708 1591 1746 Cui
1623 1720 1715 1745 cum
1745 1707 1834 1746 esset

421 1774 659 1817 nuntiatum,
692 1772 797 1824 quod
828 1772 943 1810 illum
976 1773 1116 1811 iratum
1149 1773 1356 1812 allaturum
1388 1773 1434 1811 ad
1455 1773 1490 1811 se
1522 1773 1669 1826 aliquid
1699 1782 1835 1811 contra

420 1849 569 1891 patrem
590 1838 848 1882 arbitraretur,
870 1837 1032 1876 surrexit
1052 1852 1072 1876 e
1092 1839 1248 1884 lec'tulo,
1280 1839 1513 1891 remotisque
1533 1838 1700 1882 arbitris,
1731 1838 1777 1876 ad
1799 1837 1835 1876 se

420 1904 700 1942 adolescentem
730 1903 837 1954 juffit
871 1904 1012 1941 venire.
1058 1906 1114 1942 At
1144 1905 1224 1949 ille,
1257 1914 1299 1942 ut
1326 1905 1511 1957 ingressus
1531 1905 1597 1949 est,
1628 1903 1834 1943 confestim

420 1971 595 2025 gladium
630 1970 836 2015 distrinxit,
869 1971 1104 2023 juravitque,
1143 1970 1177 2008 se
1211 1971 1326 2009 illum
1362 1971 1488 2009 statim
1524 1969 1833 2015 interfecturum,

419 2037 777 2090 nilijusjurandum
800 2037 868 2076 fibi
891 2036 1058 2083 dediss‘et,
1090 2037 1124 2075 se
1152 2047 1299 2090 patrem
1333 2037 1488 2076 milium
1517 2037 1588 2075 css'e
1623 2035 1831 2075 facturum.

421 2105 584 2155 Juravit,
627 2102 701 2142 hoc
733 2105 887 2141 coactus
922 2113 1077 2147 terrore,
1112 2104 1366 2157 Pomponius.
1417 2104 1519 2142 Rem
1555 2103 1601 2141 ad
1640 2103 1833 2155 populum

418 2171 585 2209 detulit:
619 2170 766 2216 docuit,
797 2184 865 2208 cur
897 2170 963 2208 libi
985 2169 1096 2208 causti
1126 2169 1296 2208 desistere
1319 2170 1459 2208 necefl'c
1482 2169 1597 2208 elset:
1631 2170 1832 2208 Manlium

420 2237 576 2276 miss'um
609 2236 715 2275 fecit.
762 2239 938 2275 Tantum
973 2237 1214 2290 temporibus
1251 2237 1327 2275 illis
1357 2237 1631 2290 jusjurandum
1667 2237 1830 2275 valebat.

420 2306 550 2356 Atque=
583 2302 645 2341 hic
668 2305 720 2341 T.
745 2303 921 2342 Manlius
945 2304 976 2341 is
995 2303 1062 2348 cst,
1096 2303 1164 2356 qui
1185 2303 1230 2341 ad
1252 2304 1462 2347 Anienem,
1484 2302 1607 2347 Galli,
1642 2316 1760 2354 quem
1783 2301 1832 2339 ab

419 2386 464 2409 co
499 2380 728 2424 provocatus
759 2371 964 2416 occiderat,
1009 2381 1144 2423 torque
1176 2370 1357 2414 detracto,
1400 2383 1620 2423 cognomen
1654 2369 1830 2413 invenit;

417 2439 527 2491 cujus
560 2438 673 2476 tertio
704 2437 903 2476 consulatu
928 2438 1055 2476 Latini
1089 2437 1133 2476 ad
1156 2437 1326 2476 Veserim
1348 2435 1434 2481 suli,
1466 2447 1504 2475 et
1532 2435 1652 2489 fugati
1678 2451 1685 2473 ;
1720 2449 1832 2488 mag-

418 2520 490 2545 nus
512 2507 567 2543 vir
591 2505 627 2543 in
651 2504 802 2558 primis,
835 2515 872 2544 ct
903 2506 971 2560 qui
1001 2504 1275 2560 perindulgens
1307 2504 1346 2542 in
1369 2514 1531 2557 patrem,
1564 2504 1668 2542 idem
1697 2503 1833 2541 acerbe

419 2574 566 2613 severus
591 2573 631 2611 in
652 2571 795 2612 filium.
