2223 3003
687 237 966 277 LIBER
1022 238 1450 282 TERTIUS.
1693 259 1779 303 270

367 338 573 383 videretur,
603 336 734 376 virum
767 338 917 377 bonum
948 338 1119 392 aliquem
1151 339 1236 386 effe,
1267 354 1360 380 cum
1389 355 1430 380 ea
1461 354 1517 381 res
1548 342 1771 384 innumera-

368 406 513 444 bilibus
534 404 672 443 officiis
703 413 740 443 et
760 405 937 443 laudibus
958 406 1234 446 contineretur.
1271 408 1381 447 Huic
1408 409 1527 462 igitur
1547 410 1627 450 viro
1654 412 1771 460 bono,

367 486 486 526 quem
507 472 682 512 Fimbria
701 472 832 517 etiam,
864 486 941 510 non
972 474 1091 511 modo
1123 477 1306 520 Socrates,
1342 486 1512 522 noverat,
1543 478 1653 517 nullo
1683 494 1772 519 mo·

365 539 416 577 do
447 539 568 577 videri
601 537 723 592 potest
754 537 969 590 quidquam
999 537 1071 576 effe
1101 539 1211 585 utile,
1241 541 1347 592 quod
1378 556 1455 581 non
1485 542 1690 583 honestum
1711 546 1770 586 fit.

367 607 502 658 Itaque
523 605 608 643 talis
629 605 686 643 vir
705 617 783 641 non
803 603 922 641 modo
942 603 1080 649 facere,
1102 605 1162 642 sed
1184 619 1231 643 ne
1251 608 1419 659 cogitare
1450 609 1623 662 quidem,
1655 613 1771 664 quid-

365 685 484 725 quam
517 669 687 713 audebit,
728 669 834 720 quod
868 682 946 707 non
988 669 1123 707 audeat
1157 671 1374 723 praedicare.
1424 675 1523 712 Haec
1557 690 1685 715 nonne
1719 679 1773 717 est

365 748 477 790 turpe
510 735 686 774 dubitare
718 733 984 788 philosophos,
1016 749 1102 788 quae
1134 750 1181 774 ne
1213 738 1344 777 rustici
1374 740 1533 792 quidem
1563 742 1770 783 dubitent?

362 817 385 842 a
404 803 546 856 quibus
568 810 703 840 natum
723 801 849 846 estid,
881 802 985 854 quod
1013 803 1097 855 jam
1132 804 1347 844 contritum
1368 806 1422 844 est
1452 807 1648 854 vetustate,
1679 823 1770 862 pro-

362 870 564 908 verbium:
596 881 689 907 cum
715 869 822 907 enim
842 868 960 907 fidem
980 869 1142 922 alicujus
1169 871 1461 925 bonitatemque
1481 874 1650 921 laudant,
1681 876 1770 929 dig-

361 950 459 974 num
479 935 551 973 esse
582 935 733 980 dicunt,
764 934 928 987 quicum
958 935 999 973 in
1026 936 1192 975 tenebris
1225 937 1360 977 mices.
1404 939 1496 977 Hoc
1515 953 1633 993 quam
1653 939 1772 981 habet

360 1001 457 1046 virn,
489 1001 558 1040 nifi
593 1001 716 1046 illam,
749 999 851 1039 nihil
881 1001 1060 1054 expedire
1095 1003 1201 1055 quod
1233 1017 1311 1042 non
1346 1003 1491 1050 deceat,
1521 1007 1638 1044 etiam
1670 1007 1695 1046 fi
1731 1007 1771 1046 id

360 1067 472 1121 poffis
508 1068 618 1107 nullo
638 1066 837 1106 refellente
871 1068 1074 1107 obtinere?
1106 1070 1272 1108 Videsne
1292 1071 1424 1124 igitur,
1455 1071 1531 1111 hoc
1550 1074 1769 1126 proverbio,

361 1148 487 1187 neque
519 1134 625 1188 Gygi
661 1134 720 1172 illi
753 1134 854 1187 poffe
883 1136 1035 1174 veniam
1071 1136 1163 1182 dari,
1199 1151 1325 1190 neque
1358 1136 1467 1184 huic,
1500 1152 1619 1192 quem
1653 1141 1770 1194 paulo

360 1210 446 1239 ante
467 1201 678 1254 fingebam,
707 1201 920 1253 digitorum
955 1203 1191 1255 percuffione
1210 1202 1448 1243 haereditates
1468 1206 1648 1244 omnium
1669 1207 1770 1260 poffe

356 1267 610 1304 converrere?
643 1267 700 1304 Ut
733 1267 854 1312 enim,
887 1267 993 1320 quod
1026 1278 1136 1321 turpe
1156 1269 1223 1314 est,
1260 1269 1314 1314 id,
1337 1271 1513 1322 quamvis
1534 1271 1768 1316 occultetur,

359 1342 488 1371 tamen
519 1332 724 1371 honestum
744 1333 827 1371 fieri
861 1334 971 1372 nullo
1005 1335 1124 1373 modo
1158 1335 1307 1388 potest,
1339 1336 1403 1381 fic,
1439 1337 1544 1389 quod
1563 1337 1768 1376 honestum

357 1413 434 1438 non
455 1398 521 1445 est,
543 1399 584 1437 id
604 1399 699 1438 utile
718 1408 760 1438 ut
780 1399 839 1445 fit,
861 1401 964 1439 effici
984 1414 1062 1439 non
1081 1401 1217 1454 potest,
1239 1402 1455 1441 adversante
1474 1412 1512 1442 et
1532 1413 1771 1457 repugnante

356 1473 505 1503 natura.

412 1531 505 1568 XX.
538 1531 593 1568 At
612 1531 733 1575 enim,
755 1544 847 1569 cum
869 1545 1077 1584 permagna
1097 1533 1252 1585 praemia
1271 1533 1372 1579 sunt,
1401 1534 1454 1572 est
1475 1534 1582 1573 causa
1601 1549 1769 1587 peccan-

357 1597 412 1635 di.
444 1598 492 1634 C.
516 1596 682 1642 Marius,
705 1610 798 1635 cum
819 1611 840 1635 a
858 1598 921 1650 spe
940 1598 1160 1637 consulatus
1180 1599 1295 1651 longe
1314 1600 1465 1645 abeffet,
1485 1610 1524 1638 et
1544 1601 1627 1652 jam
1647 1601 1766 1654 septi-

357 1677 471 1702 mum
491 1677 637 1701 annum
668 1664 751 1716 post
784 1674 989 1717 praeturam
1017 1665 1177 1717 jaceret,
1209 1678 1333 1717 neque
1368 1666 1557 1718 petiturus
1591 1681 1774 1721 unquam,

354 1728 597 1769 consulatum
618 1729 823 1775 videretur,
855 1730 1162 1782 QMetellum‚
1203 1732 1312 1783 cujus
1347 1731 1494 1785 legatus
1529 1742 1621 1778 erat,
1657 1734 1764 1772 sum-

355 1810 469 1835 mum
504 1797 646 1841 virum,
676 1805 714 1834 ct
745 1796 887 1842 civem,
924 1810 1015 1835 curn
1036 1797 1083 1835 ab
1114 1811 1173 1843 eo,
1210 1798 1441 1851 imperatore
1476 1799 1557 1845 suo,
1594 1801 1772 1838 Romam

355 1864 487 1902 miffus
507 1863 609 1909 effet,
641 1863 743 1916 apud
773 1864 966 1917 populum
997 1865 1226 1903 Romanum
1259 1865 1487 1903 criminatus
1514 1866 1581 1911 est,
1613 1867 1764 1905 bellum

354 1930 518 1967 ducere:
562 1930 587 1967 fi
620 1929 656 1966 se
692 1929 902 1967 Consulem
932 1929 1119 1975 feciffent,
1152 1930 1258 1968 brevi
1291 1939 1477 1983 tempore,
1513 1941 1579 1969 aut
1612 1933 1762 1978 vivum,

353 2004 419 2034 aut
441 2004 644 2034 mortuum
663 1995 902 2048 Jugurtham
922 1995 958 2034 se
977 1997 1018 2034 in
1037 1996 1262 2049 potestatem
1283 1997 1419 2050 populi
1441 1998 1611 2036 Romani
1633 1999 1763 2037 redac-

355 2072 506 2100 turum.
544 2063 679 2115 Itaque
710 2061 832 2101 factus
866 2062 919 2100 est
948 2062 1016 2101 ille
1036 2062 1195 2115 quidem
1218 2063 1379 2108 Consul,
1410 2063 1472 2101 sed
1506 2078 1526 2101 a
1546 2063 1620 2101 fide
1647 2065 1763 2115 justi-

355 2128 482 2180 tiaque
515 2128 692 2174 disceffit,
723 2129 792 2181 qui
823 2129 1021 2181 optimum
1053 2137 1092 2166 et
1111 2128 1372 2180 graviffimum
1394 2129 1534 2173 civem,
1575 2129 1684 2180 cujus
1706 2129 1763 2167 le-

353 2203 477 2247 gamm,
499 2202 536 2232 et
563 2207 583 2231 a
603 2208 682 2246 quo
711 2193 843 2232 miffus
870 2194 972 2239 esset,
1002 2195 1044 2232 in
1073 2194 1260 2232 invidiam
1280 2192 1375 2232 falso
1407 2194 1571 2232 crimine
1593 2195 1763 2234 adduxe-

356 2261 420 2298 rit.

409 2326 473 2364 Ne
503 2325 627 2364 noster
657 2325 818 2378 quidem
854 2324 1103 2363 Gratidianus
1133 2324 1264 2363 officio
1295 2325 1387 2363 boni
1423 2325 1492 2364 viri
1524 2325 1678 2365 funftus
1710 2327 1764 2366 est

356 2399 458 2435 tum,
488 2405 580 2430 curn
603 2393 744 2430 Praetor
781 2391 883 2437 esset,
921 2391 1209 2443 collegiumque
1240 2392 1453 2430 Praetorum
1474 2392 1619 2430 tribuni
1640 2394 1764 2446 plebis

355 2454 625 2502 adhibuissent,
668 2468 710 2496 ut
745 2472 802 2496 res
833 2458 1052 2496 nummaria
1081 2457 1126 2494 de
1166 2458 1369 2495 communi
1401 2458 1584 2496 sententia
1618 2459 1761 2496 consti-

357 2530 539 2560 tueretur.
582 2524 815 2575 JaHabatur
845 2525 934 2563 enim
968 2523 1182 2576 temporibus
1216 2523 1284 2562 illis
1311 2538 1484 2569 nummus,
1500 2526 1572 2576 stc,
1605 2534 1646 2563 ut
1666 2539 1762 2563 nemo

346 2586 456 2642 pfft
473 2587 585 2640 stire,
617 2589 704 2642 quid
733 2590 893 2630 haberet.
945 2588 1264 2642 Conscripserunt
1296 2591 1559 2629 communiter
1589 2591 1763 2629 edictum
