2223 3003
501 390 532 418 p.

504 421 541 457 36

504 902 540 931 ³7

508 2081 544 2119 38

757 278 1050 321 VARIAE
1135 274 1697 316 LECTIONES.

586 427 615 447 tt
642 426 706 445 ve-a
721 416 744 444 E
758 417 787 444 d.

587 467 620 493 ις
642 467 658 484 e
675 457 702 485 U
718 467 750 484 ex

585 498 619 524 18
641 495 784 523 desedisset
798 494 975 532 Estebſsa'fft

582 545 615 563 21
642 535 727 572 inque
743 534 785 562 his
800 534 825 569 ψ
836 538 863 563 in
877 535 968 573 quibus

583 584 619 611 23
643 583 707 602 cum
722 574 820 603 Cumis
837 576 859 603 E
873 575 1001 603 Cumanus

585 624 620 653 25
646 615 760 642 Atratus
776 612 800 641 E
812 619 941 642 aurailus

582 669 624 676 -—
645 654 725 691 Qid
743 671 753 676 -
770 671 782 677 -
798 669 810 675 —
825 671 834 676 -
850 652 970 682 defluxit
984 651 1007 680 E
1022 650 1048 679 d.

582 703 619 730 27
641 693 784 722 defluxit?
807 692 833 729 ψ
848 695 947 732 effluxit

582 747 625 756 --
643 742 659 761 e
674 732 704 761 U
719 743 753 761 ex

578 775 614 802 28
637 772 781 802 Aventino
795 773 818 801 E
829 773 957 809 aper-tinne

581 827 623 835 —
644 812 717 840 aedes
734 814 757 841 E
772 821 795 842 et
810 815 875 841 aedes

585 861 620 890 33
645 852 780 885 Caeciliae,
803 853 849 890 Q
860 851 925 879 filiae
939 851 963 879 E
979 847 1145 886 CaecIIiaeque

606 901 616 919 1
643 891 834 928 disputavisset
849 890 877 919 U
890 891 1038 928 disputaffit

582 945 622 953 —
644 939 709 958 cum
725 931 747 958 E
761 941 815 958 eum

581 984 622 993 —
642 977 703 998 tum
717 970 743 1004 ψ
756 977 841 998 tamen

604 1019 620 1038 2
642 1009 783 1046 Epicureo
797 1009 822 1044 ψ
837 1009 946 1046 Epicuro
985 1038 988 1042 ,

601 1049 621 1078 6
643 1048 712 1077 belli
728 1050 750 1077 E
766 1048 856 1077 bellica

581 1102 623 1112 -—
643 1088 765 1117 Lanuvii
779 1089 803 1117 E
818 1089 920 1116 Samnii
934 1085 960 1123 ψ
976 1086 1082 1116 Lavini

604 1138 622 1165 7
645 1128 822 1157 tristissimum
835 1129 859 1156 E
873 1129 944 1165 triste

586 1178 622 1197 ιο
643 1168 793 1197 Veientem
809 1168 832 1196 E
847 1171 984 1196 venientem

585 1217 595 1236 1
607 1217 616 1235 1
642 1207 786 1236 hominem
803 1208 825 1236 E
841 1209 868 1236 d.

582 1262 624 1270 -—
644 1257 708 1284 quae
721 1248 742 1276 E
758 1249 785 1276 d.

586 1296 622 1317 12
644 1287 778 1316 Veientes
794 1286 817 1315 E
832 1287 947 1315 Veientis

587 1335 622 1364 ¹3
643 1334 672 1356 et
685 1326 766 1355 cursu
783 1328 806 1355 E
822 1327 850 1355 d.

581 1381 623 1389 —
644 1365 816 1404 profluxisset
830 1366 853 1394 E
863 1364 1009 1404 prqflufiffit

586 1405 622 1434 16
643 1405 820 1434 admirabilis
836 1405 859 1433 E
873 1406 901 1434 O
915 1403 1043 1433 mirabilis

584 1446 620 1474 18
641 1453 701 1474 tum
717 1446 739 1473 E
753 1456 816 1474 unus

580 1499 622 1507 —
642 1485 758 1522 quidam
774 1485 797 1512 E
811 1485 911 1523 quidem

583 1539 623 1546 —
643 1524 724 1553 illum
743 1524 764 1552 E
779 1525 806 1552 d.

586 1573 622 1600 ¹9
643 1563 719 1592 enim
733 1563 798 1592 fatis
813 1563 917 1602 Esaris

583 1613 615 1632 21
641 1602 766 1631 vidimus
782 1602 804 1631 E
821 1604 849 1631 Ο
865 1603 893 1632 U
910 1603 1022 1631 videmus

584 1653 620 1672 22
642 1643 729 1671 etiam
743 1651 772 1671 et
789 1643 810 1671 E
823 1644 902 1671 etiam

581 1698 621 1704 -
647 1682 768 1711 turbidis
782 1682 929 1720 Epublicis
961 1688 965 1690 ’

581 1732 619 1760 23
642 1722 776 1751 veridicae
791 1723 814 1751 E
830 1722 858 1751 U
872 1723 897 1756 ψ
904 1723 1036 1761 juridicae

585 1772 619 1800 25
643 1761 692 1800 qui
707 1762 732 1796 ψ
745 1773 792 1800 quo

584 1803 620 1830 26
643 1811 671 1830 et
687 1803 710 1830 E
725 1804 752 1830 d.

582 1844 618 1870 28
641 1850 705 1869 cum
720 1842 744 1870 E
759 1848 814 1869 tum

586 1891 622 1918 ²9
644 1880 749 1918 septam
765 1882 788 1909 E
803 1881 868 1910 VII.
883 1881 1012 1918 Ofipmn

586 1929 624 1957 30
644 1919 811 1948 exadversus
830 1921 853 1948 E
868 1921 1013 1958 exadvetfis

587 1969 619 1997 3¹
646 1959 689 1988 Ut
704 1959 749 1988 sue
764 1959 857 1998 Efi-ve

587 2009 622 2038 33
645 2006 673 2027 et
692 2000 714 2027 E
732 1999 759 2028 d.

588 2048 627 2076 34
642 2038 772 2075 judicata
785 2038 809 2067 E
824 2037 851 2073 ψ
865 2038 980 2067 indicata

610 2088 620 2107 1
648 2078 816 2123 Pythagorei
831 2079 853 2106 E
869 2079 1037 2116 Pythagorici

607 2119 624 2146 8
646 2118 808 2146 nominibus
824 2118 847 2146 E
861 2117 1003 2146 hominibus

609 2160 625 2186 8
648 2157 728 2186 miles
744 2158 766 2185 E
780 2157 870 2195 constal

592 2207 625 2226 12
647 2207 729 2226 omen
745 2197 768 2225 E
783 2198 812 2225 Ο
829 2197 855 2226 U
870 2207 949 2225 omnes

592 2247 627 2274 14
648 2247 702 2276 ego
718 2238 745 2265 O
760 2239 787 2265 d.

588 2293 628 2299 —
650 2278 682 2305 L.
699 2277 720 2304 E
735 2278 761 2306 A.

592 2318 626 2345 16
649 2316 789 2353 vesperam
805 2316 834 2345 U
850 2316 979 2354 vesperum

593 2366 627 2392 ¹7
646 2356 778 2384 ‘remim
796 2357 818 2384 E
832 2355 946 2393 ‘sarlium

595 2399 628 2424 18
651 2396 750 2423 'sertin
768 2396 788 2423 E
803 2394 898 2434 ‘Tarsia

594 2445 628 2473 ¹9
650 2436 813 2472 complexus
831 2436 851 2463 E
863 2434 992 2472 amplfxus
1005 2436 1039 2473 est

591 2486 628 2503 20
650 2475 770 2512 Accipio
787 2476 808 2503 1².
825 2475 852 2504 U
869 2476 959 2512 Accepi

589 2530 629 2539 —
653 2517 719 2546 Erat
734 2523 829 2546 autem
846 2514 872 2544 U
887 2525 954 2545 omen
967 2523 1050 2547 autem
1063 2522 1120 2546 erat

1258 380 1289 408 p.

1261 411 1297 448 38

1263 855 1300 885 39

1264 2005 1304 2036 40

1342 419 1378 438 22
1402 409 1436 437 L.
1453 410 1476 438 E
1493 409 1516 437 d.

1343 458 1377 486 23
1402 449 1500 477 sororis
1517 449 1540 477 E
1549 448 1635 485 firori

1342 499 1380 525 24
1400 489 1428 517 in
1442 488 1585 526 qucddam
1601 489 1624 516 E
1639 490 1722 526 inquit
1736 495 1760 516 re

1342 529 1379 557 26
1400 529 1472 557 cella
1486 527 1594 564 spsellu.

1342 578 1378 605 27
1401 568 1508 606 petiisse
1523 567 1545 596 E
1561 567 1688 606 Upetqffe

1339 624 1380 630 --
1400 606 1568 636 concederet
1582 608 1605 636 E
1620 608 1712 636 eederet

1342 649 1379 677 28
1402 648 1479 675 Vero
1493 647 1516 675 E
1531 648 1559 675 d.

1344 697 1376 725 3¹
1404 688 1474 716 Haec
1492 688 1520 715 0
1536 686 1591 714 Ideo

1339 741 1380 749 —
1400 726 1486 755 rideri
1501 727 1526 762 ψ
1539 727 1652 755 derideri

1342 776 1378 804 3²
1400 766 1521 804 idipsum
1538 766 1561 794 E
1575 767 1604 796 Ο
1618 765 1648 794 U
1663 764 1744 803 ipſsmt

1339 822 1381 828 —
1402 806 1436 835 iis
1451 807 1474 834 E
1489 807 1531 835 his

1365 856 1375 874 1
1401 846 1590 884 auspiciorum
1605 844 1628 874 E
1643 845 1803 883 bfiiciorum

1342 900 1383 908 —
1397 887 1485 923 ‘App.
1497 885 1524 920 ψ
1537 885 1572 913 Ρ.

1363 935 1378 962 3
1400 924 1498 962 paucis
1513 925 1536 953 E
1546 923 1625 962 paulo

1338 979 1379 986 —
1398 964 1457 1002 post
1472 964 1500 991 Ο
1508 966 1562 1002 pqfl
1575 963 1660 992 diebus

1361 1013 1381 1040 4
1401 1003 1559 1041 oppressum
1576 1004 1604 1032 Ο
1617 1003 1752 1040 expreffim·

1362 1053 1379 1080 7
1403 1043 1521 1071 Pifidam
1537 1043 1560 1071 E
1577 1043 1700 1080 Fufidam

1362 1093 1381 1121 9
1404 1082 1546 1120 praesenfio
1560 1083 1582 1111 E
1593 1083 1704 1120 praenfio

1342 1137 1383 1144 —
1404 1130 1452 1151 aut
1467 1122 1581 1151 scientia
1594 1123 1618 1150 E
1634 1122 1662 1150 O
1677 1121 1706 1151 U
1721 1122 1745 1157 ψ
1759 1122 1786 1150 d.

1347 1172 1383 1191 ιο
1403 1162 1600 1200 imperitorum
1617 1162 1639 1190 E
1653 1165 1831 1200 imperatorum

1348 1211 1383 1231 12
1405 1201 1520 1240 praefuit
1534 1202 1626 1240 Esuit

1343 1257 1383 1264 —-·
1404 1242 1457 1270 effe
1471 1242 1567 1279 potuit
1582 1243 1674 1280 Esuit

1347 1291 1384 1319 ¹4
1405 1281 1535 1311 disertam
1563 1281 1768 1321 negligentiam
1792 1281 1822 1311 T
1848 1281 1967 1318 desertam

1443 1321 1586 1361 religionem

1341 1375 1383 1384 —
1403 1362 1512 1390 malunt
1527 1362 1549 1390 E
1563 1361 1655 1390 maluit

1346 1410 1380 1438 ις
1402 1400 1529 1430 disserere
1546 1402 1568 1430 E
1587 1401 1615 1430 U
1630 1401 1716 1438 dgffen

1347 1442 1383 1469 16
1404 1440 1433 1469 in
1448 1442 1473 1475 ψ
1487 1443 1514 1469 d.

1347 1489 1380 1517 17
1405 1488 1467 1508 utar
1481 1481 1502 1508 E
1518 1490 1549 1508 ea

1341 1533 1384 1541 —-
1405 1527 1432 1547 te
1448 1520 1560 1548 auctore
1574 1517 1598 1546 E
1611 1521 1767 1548 amaritate

1348 1561 1382 1587 18
1404 1559 1522 1596 pinnata
1536 1558 1565 1587 U
1576 1566 1693 1596 pennata

1346 1608 1384 1627 20
1404 1599 1522 1638 Subigit
1535 1599 1560 1633 ᾧ
1572 1598 1682 1638 SubIgat

1346 1648 1377 1668 21
1405 1639 1610 1667 Semianimum
1626 1639 1648 1667 E
1666 1639 1780 1667 Virilem

1347 1688 1382 1707 22
1406 1678 1614 1717 intorquentem
1632 1679 1654 1707 E
1670 1677 1697 1707 U
1713 1687 1865 1717 torquentem

1346 1728 1384 1755 24
1405 1718 1516 1756 Abjicit
1531 1719 1553 1747 E
1569 1717 1656 1746 Abisie
1671 1719 1698 1746 O
1724 1718 1826 1756 (emnia
1840 1719 1968 1757 ἐπήμα-

1444 1761 1485 1786 tia
1507 1770 1566 1797 quae
1584 1759 1621 1785 ad
1632 1758 1723 1787 Ltbros
1747 1760 1777 1786 de
1791 1759 1967 1788 Divinatione

1434 1800 1555 1836 speciant
1569 1799 1655 1835 desim!
1668 1801 1696 1827 in
1709 1798 1798 1827 Codice
1811 1799 1910 1837 nostro)

1347 1849 1384 1908 {g
1404 1839 1460 1907 inii
1471 1840 1560 1907 §.tibi

1347 1928 1381 1955 32
1404 1917 1568 1955 opinionem
1584 1915 1609 1951 ψ
1624 1918 1748 1954 opinione

1347 1967 1380 1995 33
1404 1957 1504 1995 ltaque
1519 1956 1545 1991 ψ
1559 1957 1650 1995 Imque
1662 1958 1786 1985 duodeci-
1799 1957 1919 1986 vultum

1369 2007 1377 2025 ι
1404 2006 1469 2025 cum
1487 1997 1508 2025 E
1524 2005 1577 2024 tun

1343 2052 1383 2059 ——
1404 2036 1606 2073 concupientes
1634 2035 1657 2064 E
1681 2037 1802 2073 cupitum
1825 2036 1854 2065 U
1869 2037 1893 2070 ψ
1914 2042 1968 2065 tu·

1443 2080 1566 2114 cupientes

1368 2127 1381 2154 3
1405 2116 1482 2145 Hinc
1499 2116 1521 2144 E
1538 2115 1566 2144 U
1582 2114 1607 2149 ψ
1622 2115 1655 2143 In
1668 2123 1746 2143 urente

1343 2172 1383 2179 —
1404 2156 1523 2184 devovet
1548 2155 1570 2183 E
1588 2155 1615 2183 U
1638 2157 1779 2184 devoverat
1806 2155 1831 2189 ᾧ
1849 2157 1964 2185 lav-w-

1444 2205 1536 2234 falsu!

1344 2251 1384 2257 —-
1405 2243 1490 2274 atque
1504 2235 1529 2269 ψ
1540 2235 1567 2263 d.

1367 2286 1385 2312 4
1405 2285 1484 2303 avem
1502 2276 1524 2304 E
1539 2284 1598 2303 anu
1612 2274 1641 2303 U
1656 2275 1680 2309 ψ
1695 2282 1778 2303 autt-

1343 2330 1381 2337 --
1404 2315 1502 2349 seryat.
1517 2315 1646 2351 nistra-ae

1364 2364 1378 2393 5
1402 2354 1509 2383 servans
1526 2355 1547 2382 E
1565 2354 1593 2383 U
1608 2354 1735 2390 &servat

1343 2409 1384 2417 —-
1404 2394 1603 2422 altivolantum
1622 2395 1642 2421 E
1660 2393 1687 2422 U
1703 2392 1892 2422 aluvala-nm

1364 2435 1382 2462 6
1405 2434 1536 2466 Romam.
1567 2434 1756 2462 Remoramne
1785 2434 1807 2462 E
1833 2432 1967 2464 Romul«-

1445 2474 1621 2511 Remulo-nque

1366 2522 1382 2550 7
1405 2513 1544 2544 Omnibu·
1560 2514 1583 2543 E
1600 2513 1626 2543 U
1643 2513 1666 2549 ψ
1683 2514 1773 2543 Oanis
