2223 3003
793 183 1065 221 LIBER
1129 184 1485 224 PRIMUS.
1783 202 1832 242 27

587 282 657 323 Sed
671 281 757 336 quid
771 283 874 321 oculis
893 282 1018 321 rabere
1036 283 1113 336 viſst
1131 283 1175 336 cst
1194 283 1376 336 derepente
1391 284 1596 324 ardentibus
1609 287 1629 324 ἓ
1644 293 1646 295 ’

588 348 660 388 Ubi
674 349 734 386 illa
746 349 854 400 paulo
873 357 956 386 ante
961 348 1119 400 stzpiens,
1153 349 1332 400 virginali
1345 349 1500 402 modestia
1513 351 1533 388 ?

586 415 717 452 Mater
735 422 890 465 optuma,
912 423 988 450 tum
1005 413 1113 450 multo
1131 414 1255 451 mulier
1273 415 1390 452 melior
1406 415 1588 453 mulierum
1604 416 1624 454 ἒ

587 476 1037 530 Mssastmzfitpetstitiosts
1055 477 1343 516 hariolationibus
1357 496 1371 517 .-

586 543 712 594 .Neque
729 555 781 579 me
799 541 925 592 Apollo
929 540 1032 591 fatis
1035 540 1167 591 fandis
1184 541 1370 579 dementem
1389 542 1543 583 invitam
1561 546 1640 583 ciet.

589 606 752 657 Virgines
770 619 856 644 vero
874 605 1036 657 aequales,
1050 605 1175 657 patris
1193 606 1270 649 mei,
1292 606 1553 658 mezimfizft‘dm
1565 610 1688 660 pudet,

587 671 729 722 Optimi
744 671 823 709 viri
835 686 849 709 .·
879 684 954 708 mea
972 678 1100 715 mater,
1122 671 1180 708 tui
1194 685 1245 709 me
1263 671 1412 724 miseret,
1433 673 1502 710 mei
1509 674 1624 725 piget,

587 737 781 787 Optumam
792 736 994 789 progeniem
1013 736 1161 775 Priamo
1179 737 1363 789 repperssi
1376 746 1482 776 extra
1499 753 1552 777 me
1565 754 1579 776 :
1609 739 1671 777 hoc
1688 739 1790 784 dolet,

586 802 652 839 Me
670 800 782 854 obff,
803 801 876 840 illos
888 800 1052 854 prodcffi’,
1083 815 1134 839 me
1149 801 1292 854 obstare,
1313 802 1385 841 illos
1399 803 1544 856 obst’qui.

452 870 489 906 O
509 877 645 920 poema
664 875 852 911 tenerum,
879 875 917 904 et
947 875 1153 912 moratum,
1183 877 1296 919 atque
1329 867 1474 906 molle!
1507 868 1578 907 Sed
1598 867 1672 907 hoc
1705 869 1833 909 minus

450 933 496 971 ad
516 946 610 972 rem.
642 932 759 977 Illud,
781 932 885 985 quod
902 932 1098 978 volumus,
1127 932 1339 987 expressum
1358 933 1424 978 est,
1452 942 1496 972 ut
1514 934 1710 974 vaticinari
1728 933 1835 975 furor

450 1011 532 1037 vera
551 998 677 1038 soleat.

584 1064 704 1115 Adest,
725 1062 898 1116 adestfhx
917 1063 1083 1103 obvoluta
1087 1065 1266 1118 sanguine
1283 1073 1390 1118 atque
1410 1065 1561 1105 incendio
1575 1081 1589 1104 .-

587 1130 727 1167 Multos
745 1143 853 1168 annos
871 1130 994 1168 latuit.
1028 1130 1148 1174 Cives,
1156 1131 1262 1182 ferte
1280 1139 1386 1182 opem,
1407 1139 1442 1169 et
1456 1131 1669 1183 restinguite.

452 1193 557 1232 Deus
576 1192 744 1231 inclusus
763 1206 921 1246 corpore
940 1191 1113 1231 humano
1127 1194 1224 1245 jam,
1245 1207 1323 1233 non
1344 1193 1556 1240 caffandra‚
1577 1195 1770 1248 loquitur:

582 1259 744 1311 Jamque
759 1258 853 1296 mari
870 1271 995 1310 magno
1013 1258 1122 1309 clqffi's
1139 1258 1213 1298 cita

584 1321 738 1363 Texitur
749 1340 764 1362 .·
793 1323 937 1362 exitizssm
956 1338 1097 1362 examen
1117 1325 1217 1377 rapit
1231 1341 1245 1363 :

583 1389 763 1434 Advenit&
793 1400 828 1428 et
832 1390 927 1441 fera
945 1390 1219 1429 velivolantibus

583 1455 748 1494 Navibu’
769 1455 955 1508 complevit
972 1456 1090 1494 manu’
1109 1456 1250 1494 littora.

504 1520 677 1558 XXXII.
708 1521 930 1573 Tragoedias
961 1521 1070 1574 loqui
1101 1521 1244 1567 videor,
1277 1528 1315 1559 et
1344 1518 1522 1560 fabulas?
1554 1522 1608 1558 At
1627 1533 1674 1560 ex
1698 1529 1736 1559 te
1755 1521 1836 1575 ipso

449 1597 527 1623 non
557 1586 865 1624 commentitiam
895 1599 991 1630 rem,
1025 1586 1087 1624 sed
1120 1586 1274 1631 fastam,
1305 1585 1472 1637 ejusdem
1502 1586 1648 1637 generis
1678 1586 1804 1624 audivi
1822 1602 1831 1624 :

451 1650 498 1687 C.
523 1650 746 1701 Coponium
765 1649 811 1687 ad
831 1658 868 1687 te
887 1650 1025 1687 veniffe
1058 1650 1314 1701 Dyrrhachi0,
1346 1663 1438 1687 cum
1467 1651 1642 1701 praetorio
1671 1652 1834 1702 imperio

449 1713 551 1751 claffi
571 1713 734 1751 Rhodiae
764 1714 942 1765 praeeffet,
977 1728 1069 1752 curn
1088 1715 1223 1766 primis
1244 1714 1445 1752 hominem
1467 1714 1696 1766 prudentem
1722 1724 1835 1768 atque

449 1779 606 1817 doctum
619 1797 631 1824 ;
653 1791 819 1830 eumque
835 1776 967 1816 dixiss‘e
987 1779 1172 1830 remigem
1188 1778 1379 1831 quendam
1395 1791 1416 1815 e
1435 1779 1704 1830 quinqueremi
1721 1780 1833 1819 Rho-

449 1845 603 1882 diorum
632 1844 895 1888 vaticinatum,
925 1842 1181 1882 madefactum
1208 1844 1254 1881 iri
1285 1843 1413 1882 minus
1445 1857 1534 1881 xxx
1569 1844 1702 1883 diebus
1723 1846 1833 1884 Grae-

448 1911 550 1949 ciam
579 1910 783 1963 sanguine;
816 1910 961 1962 rapinas
994 1908 1240 1962 Dyrrhachii,
1270 1919 1308 1947 et
1337 1909 1643 1949 conscensionem
1662 1910 1703 1948 in
1723 1924 1834 1950 naves

448 1989 542 2014 cum
561 1975 666 2028 fuga,
702 1975 1014 2028 fugientibusque
1045 1975 1300 2014 miserabilem
1328 1975 1538 2028 respectum
1568 1975 1835 2015 incendiorum

449 2040 555 2086 fore;
586 2041 648 2079 sed
682 2040 927 2079 Rhodiorum
960 2041 1060 2079 claffi
1093 2041 1356 2094 propinquum
1386 2040 1567 2085 reditum,
1597 2053 1639 2078 ac
1673 2040 1834 2080 domum

449 2107 612 2145 itionem
631 2107 724 2145 dari.
756 2108 865 2145 Tum
895 2120 1018 2159 neque
1047 2106 1212 2159 teipsum
1233 2120 1309 2145 non
1329 2105 1398 2144 effe
1417 2115 1662 2145 commotum
1678 2123 1691 2151 3
1722 2107 1833 2145 Mar-

449 2185 619 2224 cumque
638 2172 866 2216 Varronem,
896 2181 934 2209 et
954 2172 1017 2210 M.
1041 2172 1243 2215 Catonern,
1275 2171 1342 2223 qui
1373 2179 1458 2208 tum
1480 2171 1535 2208 ibi
1564 2179 1683 2214 erant,
1704 2170 1834 2210 doctos

449 2235 641 2282 homines,
671 2236 914 2275 vehementer
942 2236 1013 2274 effe
1045 2236 1274 2289 perterritos.
1322 2235 1456 2273 Paucis
1487 2235 1570 2273 sane
1588 2234 1671 2287 post
1701 2234 1834 2274 diebus

449 2315 496 2340 ex
516 2301 726 2340 Pharsalica
745 2301 836 2354 fuga
861 2301 998 2340 venisse
1023 2302 1239 2340 Labienum
1254 2319 1267 2346 ς
1298 2300 1367 2353 qui
1394 2313 1486 2338 cum
1505 2300 1706 2338 interitum
1725 2313 1833 2339 exer-

450 2367 549 2406 citfis
570 2368 824 2413 nuntiavifi‘et,
842 2368 987 2420 reliqua
1007 2367 1285 2406 vaticinationis
1306 2366 1410 2404 brevi
1429 2365 1498 2404 effe
1517 2365 1700 2404 confecia.
1729 2367 1835 2405 Nam

452 2441 490 2469 et
507 2446 554 2471 ex
573 2433 717 2472 horreis
736 2434 931 2487 direptum
949 2432 1189 2485 effusumque
1209 2432 1450 2470 frumentum
1477 2431 1553 2469 vias
1573 2443 1706 2469 omnes
1726 2431 1833 2483 angi-

454 2499 655 2550 portusque
688 2500 963 2545 constraverat;
1005 2509 1043 2539 et
1073 2512 1138 2538 vos
1174 2512 1282 2537 naves
1316 2497 1456 2542 subito,
1494 2497 1680 2549 perterriti
1713 2505 1832 2540 metu,

1427 2563 1464 2599 D
1488 2574 1508 2599 2
