2223 3003
465 223 542 261 260
861 220 964 258 DE
1035 217 1463 256 OFFICIIS

458 333 544 366 nec,
575 329 709 374 praeter
741 318 964 371 sapientem,
994 316 1126 354 cadere
1160 315 1200 354 in
1228 329 1467 369 quemquam
1491 316 1627 370 potest.
1660 319 1766 358 Cum
1785 326 1862 360 'au-

459 397 540 426 tem
569 386 716 439 aliquid
745 386 874 423 actum
907 384 974 429 est,
1016 384 1058 422 in
1091 397 1171 436 quo
1210 383 1338 422 media
1365 383 1493 422 officia
1522 395 1782 438 compareant,
1823 387 1863 425 id

458 453 653 492 cumulate
683 451 834 489 videtur
863 450 934 489 effe
962 449 1202 505 perfe&um;
1233 459 1431 504 propterea
1463 451 1568 504 quod
1587 451 1742 505 vulgus,
1769 452 1864 505 quid

458 519 590 558 absita
615 516 798 571 perfecto,
829 531 908 556 non
927 517 1007 557 fere
1034 517 1249 571 intelligit;
1282 526 1470 571 quatenus
1502 528 1632 557 autem
1663 519 1862 572 intelligit,

456 584 556 623 nihil
576 593 688 638 putat
707 584 1015 638 praetermiffum.
1048 585 1167 637 Qod
1187 585 1283 624 item
1304 586 1344 623 in
1365 586 1625 638 poematibus,
1647 595 1686 624 et
1704 586 1864 639 pisturis

456 650 525 689 usu
560 643 702 696 evenit,
744 651 785 690 in
815 650 974 704 aliisque
1006 651 1290 704 compluribus,
1327 659 1370 689 ut
1408 651 1644 689 delectentur
1677 651 1865 705 imperiti,

453 716 690 771 laudentque
709 731 765 763 ea,
786 731 871 770 quae
892 717 1078 756 laudanda
1100 731 1177 755 non
1209 717 1295 762 fint,
1327 717 1378 755 ob
1408 730 1507 763 eam,
1540 717 1666 762 credo,
1699 716 1864 762 causam,

452 785 561 837 quod
580 784 668 823 infit
688 785 728 823 in
749 783 810 823 his
828 785 976 837 aliquid
995 785 1124 838 probi,
1155 784 1259 837 quod
1282 785 1407 837 capiat
1433 785 1598 838 ignaros,
1627 785 1696 838 qui
1728 784 1863 830 iidem,

452 849 550 903 quid
568 851 610 889 in
631 864 861 903 unaquaque
881 864 920 888 re
951 850 1035 888 vitii
1055 850 1113 895 fit,
1144 859 1339 902 nequeant
1363 851 1550 902 judicare.
1594 852 1744 904 Itaque,
1770 864 1864 889 cum

451 915 540 955 sunt
559 917 662 955 docti
683 930 703 954 a
721 917 869 970 peritis,
891 915 1003 954 facile
1023 915 1204 954 defistunt
1223 929 1244 954 a
1263 916 1461 955 sententia.

506 983 579 1022 IV.
611 984 710 1022 Haec
730 983 850 1036 igitur
869 982 1011 1028 officia,
1046 982 1093 1021 de
1113 983 1256 1036 quibus
1276 983 1337 1022 his
1368 983 1478 1022 libris
1497 983 1727 1030 differimus,
1759 984 1863 1037 quafi

450 1049 613 1088 secunda
649 1049 826 1103 quaedam
865 1048 1024 1088 honesta
1055 1049 1127 1088 effe
1165 1050 1326 1095 dicunt,
1377 1064 1456 1088 non
1495 1050 1712 1103 sapientum
1745 1051 1865 1089 modo

449 1117 616 1171 propria,
648 1116 710 1155 sed
730 1131 822 1156 cum
843 1117 953 1156 omni
972 1115 1184 1156 hominum
1204 1130 1342 1171 genere
1362 1117 1603 1156 communia.
1647 1118 1782 1171 Itaque
1801 1116 1863 1156 his

448 1197 598 1230 omnes,
631 1184 671 1223 in
692 1184 834 1237 quibus
855 1184 909 1223 est
927 1184 1083 1223 virtutis
1103 1184 1266 1230 indoles,
1293 1193 1606 1223 commoventur.
1651 1184 1739 1223 Nec
1759 1197 1863 1228 vero,

448 1263 543 1289 cum
574 1250 652 1289 duo
681 1251 812 1297 Decii,
843 1260 909 1290 aut
939 1250 1017 1290 duo
1048 1251 1262 1304 Scipiones,
1294 1249 1411 1289 fortes
1441 1251 1513 1288 viri
1543 1263 1861 1289 commemoran-

447 1326 525 1363 tur,
556 1326 623 1356 aut
641 1331 734 1357 cum
755 1318 957 1357 Fabricius
978 1317 1206 1356 Aristidesve
1228 1316 1322 1370 justi
1342 1317 1606 1363 nominantur,
1629 1326 1695 1355 aut
1715 1317 1762 1355 ab
1783 1317 1861 1355 illis

447 1384 704 1431 fortitudinis,
735 1394 800 1423 aut
820 1385 867 1424 ab
886 1383 948 1423 his
974 1384 1146 1437 justitiae‚
1180 1393 1363 1437 tanquam
1383 1397 1404 1422 a
1432 1384 1682 1437 sapientibus,
1719 1384 1864 1437 petitur

447 1452 675 1506 exemplum
695 1467 704 1491 z
735 1465 854 1491 nemo
873 1452 980 1489 enim
1001 1450 1144 1490 horum
1175 1451 1225 1489 sic
1257 1451 1416 1504 sapiens,
1449 1460 1492 1488 ut
1513 1451 1724 1503 sapientem
1749 1449 1861 1488 volu-

446 1532 535 1558 mus
567 1519 749 1572 intelligi.
794 1519 882 1557 Nec
912 1518 955 1563 ii,
987 1517 1056 1570 qui
1087 1517 1271 1571 sapientes
1302 1515 1428 1555 habiti
1454 1517 1555 1562 sunt,
1586 1525 1624 1554 et
1654 1516 1862 1561 nominati,

446 1588 511 1627 M.
536 1587 649 1632 Cato,
680 1595 718 1624 et
738 1585 787 1623 C.
811 1584 969 1629 Laelius,
998 1584 1184 1637 sapientes
1215 1582 1401 1629 fuerunt,
1433 1597 1481 1621 ne
1511 1583 1570 1621 illi
1593 1582 1753 1635 quidem
1774 1582 1860 1636 sep-

446 1664 528 1694 tem
545 1672 558 1700 3
605 1653 667 1692 sed
711 1666 758 1691 ex
795 1651 1016 1690 mediorum
1051 1650 1270 1690 officiorum
1309 1649 1524 1703 frequentia
1562 1649 1861 1689 similitudinem

444 1721 640 1775 quandam
660 1719 856 1773 gerebant,
877 1717 1124 1771 speciemque
1143 1716 1374 1770 sapientum.

502 1788 699 1840 roirca
732 1798 802 1824 nec
836 1785 890 1830 id,
922 1783 1027 1837 quod
1058 1797 1143 1822 vere
1173 1782 1380 1822 honestum
1400 1783 1467 1828 est,
1500 1781 1556 1821 fas
1586 1781 1640 1821 est
1659 1796 1752 1820 cum
1771 1783 1854 1820 uti-

447 1855 565 1893 litatis
598 1852 849 1906 repugnantia
872 1851 1084 1903 comparari
1101 1868 1113 1895 ς
1151 1864 1222 1889 nec
1257 1851 1296 1888 id
1327 1850 1502 1902 quidem,
1538 1849 1643 1902 quod
1675 1863 1860 1888 commu-

448 1921 547 1959 niter
581 1919 819 1973 appellamus
863 1916 1083 1960 honestum,
1123 1915 1228 1968 quod
1263 1916 1406 1953 colitur
1439 1916 1486 1953 ab
1524 1917 1585 1959 iis,
1630 1917 1698 1967 qui
1737 1916 1859 1954 bonos

446 1988 482 2027 se
502 1987 604 2025 viros
624 1984 756 2024 haberi
777 1983 929 2029 volunt,
960 1996 1052 2021 cum
1089 1981 1367 2020 emolumentis
1400 1994 1572 2033 unquam
1610 1981 1662 2019 est
1695 1994 1858 2034 compa-

448 2054 638 2093 randum:
672 2062 831 2104 tamque
851 2050 890 2088 id
911 2049 1131 2095 honestum,
1162 2049 1268 2102 quod
1300 2049 1338 2087 in
1361 2049 1526 2087 nostram
1560 2048 1858 2100 intelligentiam

447 2122 564 2167 cadit,
610 2119 802 2159 tuendum
840 2117 1222 2169 conservandumque
1259 2116 1311 2154 cst
1352 2116 1478 2161 nobis,
1509 2129 1626 2168 quam
1668 2115 1720 2159 id,
1753 2116 1859 2168 quod

446 2188 601 2243 proprie
621 2186 778 2231 dicitur,
799 2197 962 2237 vereque
982 2183 1035 2222 est
1068 2182 1288 2227 honestum,
1311 2182 1558 2235 sapientibus.
1605 2181 1731 2219 Aliter
1750 2182 1856 2220 enim

447 2256 566 2294 teneri
588 2269 665 2293 non
698 2252 832 2307 potest,
864 2252 890 2290 si
925 2265 1001 2305 qua
1020 2250 1073 2289 est
1107 2250 1153 2288 ad
1184 2250 1369 2288 virtutem
1390 2248 1488 2288 faeta
1518 2248 1738 2303 progreffio.
1784 2248 1856 2287 Sed

447 2322 529 2361 haec
561 2320 720 2374 quidem
751 2320 797 2358 de
831 2319 893 2364 iis,
924 2314 993 2372 qui
1024 2317 1309 2357 conservatione
1336 2316 1557 2355 officiorum
1590 2314 1856 2354 existimantur

448 2390 557 2429 bonL

503 2455 584 2508 Qi
622 2463 751 2493 autem
791 2453 923 2491 omnia
967 2452 1182 2492 metiuntur
1228 2449 1503 2489 emolumentis
1539 2458 1577 2488 et
1618 2448 1854 2494 commodis,

447 2536 571 2576 neque
601 2535 643 2560 ea
674 2521 810 2561 volunt
841 2519 1118 2574 praepondcrari
1152 2518 1360 2563 honestate,
1402 2515 1445 2555 hi
1476 2516 1596 2556 solent
1632 2516 1670 2554 in
1707 2516 1862 2555 delibe-

449 2589 565 2629 rando
594 2587 799 2629 honestum
834 2601 928 2628 cum
957 2602 1017 2634 co,
1050 2586 1155 2642 quod
1177 2586 1270 2627 utile
1296 2594 1448 2640 putant,
1481 2598 1701 2640 comparare
1716 2602 1729 2630 3
1762 2582 1856 2622 boni
