2223 3003
464 250 541 294 342
837 230 940 272 DE
1008 226 1486 267 AMICITIA.

462 347 597 395 peccet
625 335 788 377 amicus,
815 343 896 382 quo
926 328 1054 381 plures
1075 326 1140 364 det
1159 324 1230 364 fibi
1248 332 1433 376 tanquam
1460 321 1562 361 ansas
1592 320 1640 360 ad
1659 323 1863 375 reprehen-

464 406 659 447 dendum:
691 397 840 438 rursum
860 404 990 433 autem
1011 394 1109 431 recte
1128 391 1236 430 factis
1257 389 1549 442 commodisque
1565 389 1780 428 amicorum
1796 402 1864 427 ne·

464 471 558 512 cesse
577 468 649 506 erit
667 464 771 517 angi,
792 461 933 506 dolere,
955 459 1138 499 invidere.

518 538 649 588 Qare
681 531 756 571 hoc
791 528 952 583 quidem
981 534 1233 580 praeceptum,
1269 523 1533 577 cujuscunque
1557 522 1624 568 est,
1656 521 1703 560 ad
1723 521 1865 560 tollen-

464 605 553 643 dam
572 598 785 639 amicitiam
807 594 920 634 valet.
962 593 1067 633 Illud
1096 592 1226 646 potius
1257 590 1561 645 praecipiendum
1592 587 1682 634 fuit,
1714 596 1758 626 ut
1782 600 1867 626 eam

464 667 706 722 diligentiam
726 662 997 702 adhiberemus
1019 660 1060 699 in
1079 658 1262 698 amicitiis
1276 656 1559 711 comparandis,
1585 664 1628 694 ut
1649 668 1695 693 ne
1714 655 1870 708 quando

465 746 592 774 amare
610 731 868 785 inciperemus
889 740 995 772 eum,
1012 739 1130 779 quem
1151 724 1356 777 aliquando
1375 723 1490 762 odiffe
1510 721 1700 775 poffemus
1717 736 1725 760 :
1749 722 1868 774 quin-

466 799 634 846 etiam,s1
656 798 786 837 minus
802 794 934 834 felices
953 794 996 834 in
1014 792 1217 844 deligendo
1232 790 1443 836 fuissemus,
1461 789 1665 828 ferendum
1683 789 1722 827 id
1743 789 1871 843 Scipio

466 867 611 923 potius,
633 877 751 918 quarn
770 860 1065 900 inimicitiarum
1085 867 1240 910 tempus
1260 856 1528 909 cogitandum,
1549 856 1720 909 putabat.

510 931 645 972 XVII.
677 929 754 969 His
776 928 895 981 igitur
913 925 1056 964 finibus
1078 923 1268 962 utendum
1288 922 1463 967 arbitror,
1486 931 1543 966 ut,
1565 936 1658 960 cum
1678 922 1871 961 emendati

466 1012 592 1039 mores
612 996 830 1036 amicorum
848 992 936 1038 fint,
967 1000 1053 1030 tum
1072 990 1117 1029 fit
1146 990 1247 1028 inter
1275 1001 1339 1027 eos
1358 989 1539 1027 omnium
1572 1001 1716 1033 rerum,
1746 988 1873 1027 confi·

465 1067 625 1111 liorum,
644 1061 908 1104 voluntatum,
929 1058 1006 1097 fine
1026 1057 1105 1096 ulla
1119 1055 1346 1109 exceptione
1361 1054 1622 1093 communitas
1639 1071 1650 1099 ς
1677 1062 1734 1099 ut,
1755 1054 1873 1092 etiam

466 1133 493 1171 fi
519 1144 596 1184 qua
625 1129 781 1169 fortuna
813 1124 1008 1169 acciderit,
1040 1132 1084 1162 ut
1117 1122 1248 1160 minus
1273 1120 1382 1173 justae
1413 1119 1631 1159 amicorum
1658 1120 1874 1159 voluntates

467 1197 688 1251 adjuvandae
721 1195 807 1238 fint,
839 1193 880 1231 in
910 1191 1052 1245 quibus
1086 1203 1222 1228 eorum
1251 1198 1316 1227 aut
1345 1197 1462 1241 caput
1488 1196 1634 1240 agatur,
1665 1195 1730 1225 aut
1755 1185 1873 1232 fama,

468 1263 744 1304 declinandum
761 1261 805 1299 fit
825 1259 872 1298 de
892 1259 965 1304 via,
993 1256 1111 1296 modo
1132 1269 1179 1295 ne
1200 1255 1350 1293 summa
1370 1253 1570 1306 turpitudo
1590 1253 1790 1306 sequatur:
1821 1253 1875 1291 est

468 1332 589 1376 enim,
611 1338 799 1382 quatenus
819 1324 999 1364 amicitiae
1018 1323 1099 1361 dari
1129 1323 1238 1360 venia
1258 1321 1383 1375 poffit.
1426 1321 1514 1359 Nec
1537 1333 1626 1358 vero
1646 1319 1876 1373 negligenda

467 1397 523 1436 est
541 1396 673 1441 fama;
706 1406 776 1432 nec
807 1391 1001 1430 mediocre
1021 1389 1144 1428 telum
1166 1388 1211 1427 ad
1243 1402 1298 1426 res
1319 1387 1500 1440 gerendas
1520 1386 1735 1425 existimare
1758 1399 1874 1439 opor-

469 1473 525 1503 tet
558 1459 867 1501 benevolentiam
901 1456 1047 1495 civium
1065 1473 1077 1499 ς
1113 1467 1230 1507 quam
1263 1454 1459 1492 blanditiis
1493 1462 1531 1490 et
1565 1452 1877 1491 assentationibus

469 1529 652 1581 colligere
687 1535 798 1578 turpe
831 1522 896 1561 est.
929 1522 1080 1566 Virtus,
1102 1533 1222 1573 quam
1251 1519 1422 1571 sequitur
1442 1517 1590 1563 caritas,
1623 1517 1789 1557 minime
1819 1532 1877 1557 re-

469 1594 661 1650 pudianda
680 1591 745 1630 est.

527 1660 599 1700 Sed
619 1660 713 1713 saepe
736 1656 865 1710 (redeo
885 1654 991 1693 enim
1012 1653 1059 1693 ad
1080 1651 1317 1706 Scipionem,
1348 1651 1458 1704 cujus
1485 1651 1614 1690 omnis
1650 1650 1773 1689 sermo
1801 1661 1880 1690 erat

469 1728 518 1767 de
537 1726 726 1776 amicitia)
749 1722 992 1776 querebatur,
1025 1719 1136 1773 quod*
1151 1719 1333 1758 omnibus
1360 1718 1401 1755 in
1433 1718 1545 1756 rebus
1576 1715 1755 1756 homines
1787 1717 1879 1756 dili-

469 1794 662 1848 gentiores
683 1790 800 1829 effent
814 1808 827 1836 3
860 1798 916 1834 ut,
937 1800 1066 1841 capras
1087 1795 1124 1825 et
1144 1799 1232 1824 oves
1253 1794 1349 1839 quot
1369 1785 1531 1837 quisque
1560 1783 1729 1829 haberet,
1753 1784 1878 1823 dicere

472 1861 591 1914 posset
607 1878 618 1904 5
651 1858 796 1896 amicos
827 1864 923 1907 quot
943 1854 1114 1898 haberet,
1136 1867 1213 1891 non
1235 1851 1353 1905 poffet
1378 1852 1530 1890 dicere:
1562 1861 1600 1889 et
1621 1852 1659 1889 in
1682 1851 1758 1890 illis
1788 1852 1880 1903 qui-

473 1927 563 1965 dem
584 1923 758 1978 parandis
785 1919 965 1959 adhibere
995 1932 1143 1963 curam,
1179 1919 1219 1956 in
1254 1918 1388 1956 amicis
1423 1917 1609 1969 eligendis
1642 1917 1880 1969 negligentes

472 1991 543 2030 effe
563 2006 572 2030 z
605 2003 674 2028 nec
695 1987 834 2026 habere
855 1986 959 2039 quasi
980 1985 1083 2038 figna
1110 1984 1302 2036 quaedam,
1332 1991 1369 2021 et
1397 1991 1518 2027 notas,
1549 1982 1691 2034 quibus
1711 1994 1789 2026 eos,
1812 1982 1880 2034 qui

473 2058 520 2097 ad
539 2055 752 2095 amicitiam
772 2053 888 2092 effent
908 2052 1051 2095 idonei,
1076 2050 1307 2103 judicarent.
1341 2052 1436 2087 Sunt
1457 2049 1575 2102 igitur
1596 2048 1713 2093 firmi,
1741 2058 1777 2086 et
1808 2048 1881 2086 sta-

474 2123 586 2169 biles,
621 2131 659 2160 et
679 2120 892 2159 constantes
923 2117 1117 2171 eligendi,
1150 2117 1259 2169 cujus
1279 2115 1426 2169 generis
1447 2115 1499 2153 est
1531 2128 1670 2167 magna
1696 2115 1881 2167 penuria:

473 2200 512 2229 et
527 2189 699 2243 judicare
719 2185 877 2225 difficile
897 2184 964 2230 est,
986 2183 1084 2228 sane,
1107 2182 1175 2221 nisi
1196 2192 1398 2235 expertum
1416 2197 1426 2219 :
1458 2180 1734 2234 experiendum
1754 2189 1883 2219 autem

472 2257 526 2297 est
558 2257 597 2295 in
633 2255 708 2309 ipsa
738 2253 921 2293 amicitia.
956 2252 1012 2290 Ita
1032 2250 1229 2305 praecurrit
1259 2249 1430 2288 amicitia
1452 2248 1666 2301 judicium,
1703 2247 1883 2300 tollitque

475 2321 696 2376 experiendi
718 2320 955 2374 potestatem.

532 2389 600 2428 Est
632 2389 748 2442 igitur
775 2386 987 2440 prudentis,
1021 2384 1211 2429 sustinere,
1240 2391 1282 2421 ut
1311 2395 1484 2426 currum,
1518 2380 1568 2419 fic
1600 2381 1791 2433 impetum
1815 2380 1883 2417 be-

478 2455 729 2499 nevolentiae;
762 2455 841 2506 quo
872 2462 1027 2490 utamur
1055 2451 1157 2505 quasi
1178 2449 1288 2503 equis
1315 2448 1485 2492 tentatis,
1516 2448 1563 2486 fic
1583 2447 1781 2490 amicitiis
1812 2446 1887 2483 ali-

477 2537 552 2578 qua
570 2532 672 2576 parte
695 2520 919 2575 periclitatis
940 2519 1115 2558 moribus
1136 2517 1366 2557 amicorum.
1405 2515 1579 2567 Qidam
1601 2515 1693 2567 saepe
1715 2515 1753 2551 in
1775 2525 1885 2566 parva
