2223 3003
712 284 817 323 DE
875 281 1452 322 SENECTUTE.
1703 286 1785 340 297

379 385 615 424 senectutem
633 385 753 423 videri
769 403 780 430 3
804 384 843 422 id
862 393 990 423 autem
1011 397 1088 422 non
1108 383 1210 437 poffe
1223 383 1357 423 multis
1375 384 1607 437 contingere.
1631 387 1781 427 CATO.

382 451 450 490 Est
471 451 570 489 istud
586 451 758 504 quidem,
780 451 890 495 Laeli,
912 450 1072 501 aliquid,
1094 450 1156 488 scd
1174 463 1417 503 nequaquam
1437 451 1476 489 in
1498 450 1567 490 isto
1587 451 1673 491 sunt
1693 467 1782 492 om-

382 518 472 563 nia;
505 527 548 556 ut
569 516 850 556 Themistocles
882 515 1004 553 fertur
1031 514 1206 568 Seriphio
1237 517 1392 555 cuidam
1413 518 1451 555 in
1477 518 1609 571 jurgio
1629 519 1784 572 respon-

382 583 486 629 disse,
501 597 594 622 cum
614 582 679 620 ille
698 580 861 625 dixisset,
876 595 953 619 non
973 594 1064 618 eum
1085 580 1162 625 sua,
1180 580 1240 618 sed
1261 582 1389 633 patriae
1403 583 1525 634 gloria
1545 584 1784 636 splendorem

383 649 592 688 assecutum
608 666 619 692 ;
652 647 739 686 Nec
758 645 930 690 hercule,
964 646 1107 698 inquit,
1141 646 1168 683 fi
1199 659 1270 698 ego
1291 646 1487 700 Seriphius
1508 649 1634 696 ess'em,
1666 652 1783 691 nobi-

381 716 453 760 lis5
486 728 556 753 nec
587 723 644 759 tu,
680 713 706 751 fi
727 711 971 751 Athenienfis
1003 711 1107 757 effes,
1140 712 1263 750 clarus
1285 727 1458 765 unquam
1478 713 1620 755 fuisses.
1665 719 1785 770 Qod

381 781 520 819 eodem
553 779 671 819 modo
701 779 748 817 de
777 777 967 817 senee³mte
995 777 1118 831 potest
1147 778 1253 817 dici:
1285 792 1412 832 neque
1441 780 1545 819 enim
1576 782 1618 820 in
1638 783 1787 823 summa

382 848 514 900 inopia
532 846 624 885 levis
645 845 716 884 effe
733 845 901 884 senestus
922 845 1057 898 potest,
1089 858 1137 883 ne
1156 845 1315 898 sapienti
1335 846 1495 898 quidem
1510 866 1522 893 5
1559 861 1629 886 nec
1651 849 1786 902 insipi-

382 913 477 958 enti,
501 913 618 951 etiam
637 913 678 950 in
698 912 849 951 summa
868 911 992 965 copia,
1015 925 1092 950 non
1112 911 1250 964 gravis.
1283 912 1488 965 Aptiffima
1507 915 1670 954 omnino
1685 915 1787 961 sunt,

384 979 513 1032 Scipio
533 988 570 1017 et
591 979 702 1023 Laeli‚
717 991 821 1017 arma
840 978 1057 1023 seneetutis,
1079 987 1190 1024 artes,
1204 978 1568 1032 exercitationesque
1583 980 1786 1027 virtutum,

383 1058 468 1098 quae
489 1046 529 1084 in
550 1045 660 1084 omni
680 1053 787 1083 aetate
806 1044 934 1089 cultae,
955 1057 1048 1083 curn
1069 1044 1136 1082 diu
1156 1044 1407 1097 multumque
1427 1045 1580 1091 vixeris,
1601 1047 1787 1087 mirificos

383 1110 549 1150 efferunt
569 1110 730 1156 fruetus,
752 1124 830 1148 non
851 1109 975 1148 solum
990 1111 1081 1163 quia
1101 1123 1301 1163 nunquam
1321 1110 1512 1156 deserunt,
1533 1126 1581 1150 ne
1599 1113 1640 1150 in
1660 1123 1788 1152 extre-

385 1191 453 1217 mo
473 1177 635 1231 quidem
655 1186 828 1229 tempore
847 1177 981 1221 aetatis,
1005 1178 1248 1230 (quanquam
1263 1177 1303 1215 id
1323 1178 1543 1217 maximum
1563 1179 1632 1229 est)
1655 1193 1790 1218 verum

384 1245 503 1283 etiam
523 1244 614 1297 quia
645 1242 877 1281 conscientia
896 1243 992 1281 bene
1013 1244 1101 1281 2&ae
1122 1243 1223 1288 vitat,
1257 1242 1551 1296 multorumque
1572 1244 1790 1285 benefacto-

385 1323 475 1349 rum
495 1310 720 1354 recordatio,
736 1308 1015 1359 jucundiffima
1032 1308 1099 1347 est.

440 1377 512 1416 IV.
544 1377 632 1429 Ego
652 1375 972 1429 QMaximum,
1003 1388 1109 1421 eum,
1131 1374 1201 1428 qui
1221 1375 1440 1414 Tarentum
1460 1376 1617 1429 recepit,
1647 1376 1791 1415 adoles-

383 1457 475 1483 cens
495 1443 549 1482 ita
559 1443 680 1482 dilexi
699 1442 843 1487 senem,
861 1451 905 1481 ut
924 1442 1129 1495 aequalem:
1151 1450 1230 1481 erat
1245 1442 1350 1481 enirn
1367 1442 1408 1481 in
1428 1442 1498 1481 illo
1514 1443 1595 1481 viro
1611 1443 1794 1482 comitate

385 1509 542 1548 condita
560 1509 746 1561 gravitas:
779 1521 849 1546 nec
867 1507 1034 1546 senectus
1057 1521 1181 1546 mores
1203 1516 1437 1546 mutaverat:
1461 1521 1682 1560 quanquam
1702 1522 1793 1548 eum

386 1574 514 1614 colere
534 1573 636 1626 coepi
656 1586 734 1612 non
753 1572 966 1610 admodum
996 1572 1182 1625 grandem
1200 1582 1306 1618 natu,
1339 1573 1402 1611 sed
1424 1582 1552 1612 tamen
1577 1574 1660 1625 jam
1687 1583 1794 1616 aetate

385 1641 642 1694 proveetum:
674 1651 774 1677 anno
792 1639 899 1676 enim
919 1638 1016 1691 post,
1040 1638 1184 1676 Consul
1215 1638 1389 1690 primum
1409 1637 1545 1683 fuerat,
1574 1653 1691 1691 quam
1721 1653 1794 1692 ego

388 1715 500 1745 natus
521 1705 605 1744 sum
620 1723 633 1750 3
664 1717 836 1756 cumque
868 1717 915 1742 eo
947 1702 1128 1756 quartum
1160 1702 1328 1742 Consule
1363 1703 1664 1743 adolescentulus
1683 1705 1793 1744 miles

387 1771 584 1827 profestus
615 1771 700 1809 sum
731 1770 777 1808 ad
809 1771 998 1822 Capuam,
1031 1770 1246 1822 quintoque
1277 1783 1376 1808 anno
1399 1770 1483 1823 post
1513 1771 1559 1808 ad
1579 1771 1795 1812 Tarentum

387 1839 589 1892 Qaestor,
621 1836 758 1876 deinde
788 1836 945 1881 AEdilis,
975 1836 1228 1888 quadriennio
1258 1836 1342 1889 post
1361 1834 1482 1875 faetus
1510 1836 1595 1874 sum
1622 1837 1793 1883 Praet0r5

383 1919 509 1959 quem
528 1904 794 1957 magistratum
814 1902 904 1956 geffi
927 1901 1161 1941 Consulibus
1181 1902 1395 1947 Tuditano,
1422 1910 1460 1940 et
1481 1901 1672 1954 Cethego,
1702 1915 1797 1942 cum

384 1972 549 2025 quidem
575 1971 655 2016 ille,
690 1969 901 2008 admodum
932 1969 1058 2014 senex,
1090 1968 1212 2007 suasor
1246 1968 1340 2021 legis
1373 1968 1521 2007 Cinciae
1541 1968 1588 2007 de
1617 1969 1729 2008 donis
1759 1978 1798 2008 et

385 2037 614 2078 muneribus
635 2036 725 2076 fuit.
769 2037 851 2076 Hic
871 2045 910 2075 et
930 2036 1030 2074 bella
1048 2035 1217 2089 gerebat,
1249 2044 1293 2073 ut
1312 2034 1544 2086 adolescens,
1565 2048 1657 2074 cum
1686 2036 1798 2088 plane

385 2104 542 2156 grandis
563 2102 677 2149 effet;
707 2112 746 2142 et
767 2102 1001 2141 Annibalem
1027 2101 1253 2153 juveniliter
1271 2101 1511 2139 exultantem
1530 2100 1715 2153 patientia
1733 2101 1797 2140 sua

387 2170 592 2209 molliebat
610 2185 618 2208 :
651 2170 698 2208 de
719 2183 797 2221 quo
817 2168 993 2221 praeclare
1011 2166 1212 2205 familiaris
1233 2166 1356 2204 noster
1375 2166 1544 2212 Ennius,
1603 2199 1607 2204 .

529 2237 629 2275 Unus
648 2235 711 2288 qui
726 2234 823 2273 nobis
840 2233 1036 2273 cunc‘ffando
1055 2231 1210 2286 restituit
1229 2247 1317 2271 rem.

530 2303 615 2340 Non
629 2299 784 2353 ponebat
804 2299 894 2337 enim
912 2312 1069 2337 rumores
1087 2308 1173 2336 ante
1177 2298 1350 2351 fhlutem.

530 2368 633 2420 Ergo
652 2367 829 2420 magffque
847 2365 1023 2419 magffque
1042 2364 1122 2403 viri
1137 2378 1232 2403 nunc
1249 2363 1369 2417 gloria
1389 2364 1516 2404 claret.

395 2433 612 2472 Tarentum
633 2447 721 2472 vero
752 2446 828 2486 qua
846 2432 1058 2485 vigilantia,
1091 2444 1169 2483 quo
1189 2430 1359 2476 consilio,
1393 2431 1566 2484 recepit?
1597 2443 1687 2471 cum
1709 2429 1799 2484 qui-

396 2499 502 2544 dem,
524 2513 586 2538 me
607 2500 798 2545 audiente,
821 2499 1036 2544 Salinatori,
1068 2497 1150 2550 qui,
1173 2497 1303 2537 amiffo
1323 2498 1482 2551 oppido,
1509 2496 1660 2551 fugerat
1681 2498 1720 2536 in
1741 2510 1800 2535 ar-

397 2576 501 2608 cem,
522 2564 702 2615 glorianti
721 2574 836 2617 atque
856 2565 908 2604 ita
927 2564 1069 2604 dicenti
1084 2582 1096 2610 5
1122 2563 1214 2604 Mea
1233 2576 1359 2617 opera,
1382 2565 1443 2615 Q
1457 2564 1566 2610 Fabi,
1586 2564 1801 2602 Tarentum

503 2630 541 2669 T
556 2643 580 2668 o
597 2642 648 2669 M.
680 2630 755 2669 ΙΙΙ.
1416 2631 1446 2668 P
1475 2644 1501 2682 p
