2223 3003
684 313 786 353 DE
846 313 1422 356 SENECTUTE'.
1675 335 1755 374 319

409 413 587 453 Omnino
623 414 685 466 (ut
715 413 816 453 mihi
850 415 1010 467 quidem
1045 416 1211 468 videtur)
1244 416 1456 456 studiorum
1487 419 1666 460 omnium
1694 423 1752 461 sa-

353 479 476 525 tietas,
509 481 596 518 vitae
622 479 715 518 facit
745 481 968 518 satietatem.
1016 482 1112 519 Sunt
1141 483 1312 534 pueritiae
1345 494 1445 522 certa
1463 484 1612 525 studia:
1655 502 1753 527 num·

351 545 471 598 igitur
489 558 532 584 ea
551 547 760 585 defiderant
779 546 1033 584 adolescentes
1052 547 1065 583 ?
1097 549 1193 585 Sunt
1212 558 1250 585 et
1270 549 1439 587 ineuntis
1460 552 1719 593 adolescentiae
1738 571 1748 594 :

350 624 448 650 num
480 626 522 651 ea
540 613 623 664 jam
654 611 827 649 constans
854 611 1015 663 requirit
1037 621 1138 656 aetas,
1170 626 1255 664 quae
1285 614 1410 651 media
1440 616 1611 656 dicitur?
1655 622 1752 659 Sunt

350 677 467 715 etiam
487 676 601 728 hujus
623 677 768 714 aetatis:
801 689 847 714 ne
867 689 908 713 ea
935 676 1094 727 quidem
1125 687 1349 728 quaeruntur
1369 693 1390 716 a
1417 680 1620 722 senectute.
1654 685 1752 725 Sunt

349 751 521 780 extrema
540 741 714 795 quaedam
736 741 857 779 studia
877 741 1078 780 senectutis
1097 757 1106 780 z
1138 756 1242 795 ergo,
1273 752 1315 781 ut
1336 744 1573 796 superiorum
1594 758 1751 790 aetatum

348 807 470 846 studia
488 809 686 852 occidunt,
703 807 752 846 fic
773 808 957 846 occidunt
976 809 1091 846 etiam
1114 808 1315 848 senectutis
1331 825 1339 848 ε
1373 811 1478 863 quod
1498 825 1590 852 cum
1609 817 1751 862 evenit,

348 872 494 912 satietas
513 874 600 911 vitae
621 882 774 926 tempus
796 884 993 912 maturum
1015 875 1150 912 mortis
1171 874 1292 913 affert.

401 939 518 978 XXI.
549 939 746 991 Equidem
767 953 845 977 non
865 940 991 985 video,
1021 953 1105 985 cur,
1141 940 1236 992 quid
1256 940 1334 993 ipse
1354 941 1514 982 sentiam
1535 944 1582 982 de
1611 956 1750 995 morte,

347 1015 424 1042 non
445 1003 605 1042 audeam
635 1004 745 1042 vobis
766 1005 916 1050 dicere;
948 1005 1052 1058 quod
1071 1019 1117 1044 eo
1137 1006 1276 1045 melius
1308 1006 1409 1045 mihi
1429 1022 1582 1048 cernere
1603 1011 1748 1058 videor,

347 1082 426 1122 quo
459 1071 506 1109 ab
536 1084 578 1108 ea
610 1071 767 1124 propius
793 1071 941 1110 absum.
989 1073 1076 1125 Ego
1109 1071 1248 1111 vestros
1278 1082 1415 1126 patres,
1450 1076 1494 1113 P.
1518 1076 1661 1129 Scipio,
1684 1087 1750 1117 tu-

346 1150 435 1189 que,
473 1138 521 1176 C.
554 1137 665 1182 Laeli,
702 1139 802 1176 viros
837 1138 1074 1184 clariffimos,
1119 1138 1300 1191 mihique
1331 1140 1592 1187 amiciffim0s‚
1623 1144 1750 1184 vivere

344 1203 534 1249 arbitror,
565 1213 603 1242 et
637 1217 721 1242 eam
752 1205 912 1256 quidem
941 1205 1076 1250 vitam,
1108 1219 1193 1257 quae
1212 1206 1265 1243 est
1294 1206 1371 1244 sola
1400 1207 1478 1245 vita
1497 1209 1746 1250 nominanda.

344 1268 467 1314 Nam,
503 1269 598 1307 dum
621 1269 750 1307 sumus
771 1271 810 1307 in
832 1269 892 1308 his
922 1271 1059 1308 inclufi
1092 1272 1346 1324 compagibus
1372 1274 1557 1326 corporis,
1589 1289 1749 1314 munere

343 1333 513 1386 quodam
536 1335 777 1380 neceffitatis‚
799 1344 837 1373 et
862 1336 967 1388 gravi
993 1349 1107 1388 opere
1125 1335 1410 1389 perfungimur.
1443 1338 1511 1376 Est
1529 1340 1635 1378 enim
1662 1341 1747 1379 ani-

345 1412 432 1438 mus
453 1401 608 1439 caelestis
642 1414 691 1439 ex
721 1401 902 1440 altiffimo
928 1401 1131 1440 domicilio
1157 1402 1362 1455 depressus,
1392 1413 1430 1441 et
1464 1405 1567 1457 quasi
1595 1405 1747 1445 demer-

346 1465 405 1504 sus
425 1466 466 1504 in
499 1477 653 1511 terram,
683 1467 817 1505 locum
851 1467 990 1506 divinae
1023 1476 1166 1506 naturae
1196 1468 1474 1521 aeternitatique
1493 1472 1746 1512 contrarium.

344 1532 416 1570 Sed
436 1533 567 1577 credo,
595 1533 700 1570 Deos
721 1533 958 1570 immortales
979 1533 1141 1585 sparslffe
1170 1533 1319 1571 animos
1344 1535 1385 1571 in
1416 1548 1572 1586 corpora
1604 1537 1747 1575 huma-

345 1612 406 1643 na,
438 1607 481 1636 ut
500 1597 632 1642 essent,
667 1598 734 1649 qui
766 1607 880 1635 terras
901 1607 1113 1642 tuerentur,
1146 1597 1306 1650 quique,
1341 1600 1548 1638 caelestium
1570 1602 1748 1642 ordinem

344 1663 668 1716 contemplantes,
714 1662 959 1699 imitarentur
996 1675 1088 1699 eum
1129 1663 1215 1700 vitae
1263 1663 1381 1702 modo
1424 1673 1538 1717 atque
1569 1667 1746 1706 constan-

344 1730 419 1769 tia:
463 1743 532 1768 nec
568 1742 631 1766 me
658 1728 783 1766 solum
810 1728 905 1766 ratio
933 1741 975 1765 ac
1003 1728 1210 1780 disputatio
1238 1728 1412 1782 impulit,
1455 1740 1497 1768 ut
1526 1732 1579 1769 ita
1614 1734 1746 1771 crede-

343 1810 452 1842 rem,
485 1795 547 1834 sed
566 1794 747 1837 nobilitas
773 1795 891 1837 etiam
910 1794 1153 1836 summorum
1175 1793 1511 1849 philosophorum,
1542 1808 1580 1836 et
1612 1802 1747 1838 aufto-

342 1863 447 1902 ritas.
1078 1877 1081 1880 ⁴

397 1929 616 1968 Audiebam
647 1929 920 1982 Pythagoram,
962 1928 1310 1982 Pythagoreosque,
1351 1930 1496 1969 incolas
1526 1944 1622 1983 pene
1658 1932 1746 1971 nos-

342 2005 433 2040 tros,
466 1996 534 2048 qui
554 1995 672 2034 effent
692 1996 817 2034 Italici
836 1995 1056 2049 philosophi
1077 1996 1274 2048 quondam
1305 1996 1510 2041 nominati,
1543 2011 1747 2050 nunquam

341 2061 540 2106 dubitasse,
571 2062 667 2114 quin
687 2075 734 2101 ex
763 2062 935 2100 universa
965 2070 1096 2100 mente
1121 2061 1250 2100 divina
1280 2061 1464 2099 delibatos
1496 2063 1644 2100 animos
1675 2063 1745 2100 ha-

341 2127 536 2164 beremus.
580 2127 954 2166 Demonstrabantur
974 2125 1074 2164 mihi
1092 2136 1283 2179 praeterea,
1317 2140 1402 2178 quae
1424 2128 1592 2165 Socrates
1614 2128 1744 2180 supre-

342 2206 409 2230 mo
443 2192 530 2230 vitae
562 2191 623 2229 die
655 2192 702 2229 de
734 2192 1025 2230 immortalitate
1055 2192 1276 2229 animorum
1309 2190 1552 2236 disseruisset,
1592 2193 1644 2237 is,
1677 2194 1747 2245 qui

341 2258 430 2297 effet
459 2259 639 2297 omnium
671 2257 962 2311 sapientiffimus
990 2257 1144 2295 oraculo
1176 2257 1371 2310 Apollinis
1392 2258 1603 2309 judicatus.
1636 2261 1746 2311 Qid

342 2324 495 2362 multa?
527 2324 589 2362 Sic
620 2323 720 2362 mihi
754 2323 927 2376 persuafi,
956 2323 1006 2361 s1c
1035 2322 1170 2368 sentio,
1199 2336 1291 2361 cum
1328 2332 1431 2361 tanta
1459 2325 1628 2363 celeritas
1660 2327 1744 2364 ani--

343 2402 500 2428 morum
532 2389 593 2435 fit,
632 2399 735 2428 tanta
761 2389 948 2427 memoria
981 2388 1276 2441 praeteritorum,
1315 2388 1616 2443 futurorumque
1649 2405 1744 2443 pru»-

343 2454 486 2499 denua,
527 2464 585 2494 tot
619 2465 730 2502 artes,
769 2465 882 2494 tantae
910 2455 1088 2499 scientiae,
1122 2463 1179 2493 tot
1209 2455 1388 2500 inventa,
1423 2469 1500 2494 non
1531 2456 1632 2509 poffe
1660 2470 1744 2495 eam

343 2529 534 2565 naturam,
559 2535 643 2573 quae
663 2535 722 2560 res
751 2535 810 2560 eas
831 2522 1042 2566 contineat,
1077 2520 1148 2558 effe
1182 2521 1400 2560 mortalem.
1440 2523 1622 2574 Cumque
1642 2522 1743 2560 sem-

343 2599 412 2637 per
447 2585 614 2637 agitetur
643 2587 824 2632 animus,
860 2601 930 2626 nec
966 2586 1202 2640 principium
1233 2586 1362 2624 motus
1390 2585 1555 2631 habeat,
1588 2587 1678 2638 quia
1707 2587 1743 2624 se

343 2650 422 2704 ipse
442 2659 594 2690 moveat
613 2669 627 2697 ς
668 2665 717 2690 ne
745 2651 865 2691 finem
898 2651 1059 2705 quidem
1089 2650 1316 2690 habiturum
1350 2651 1420 2689 effe
1455 2651 1582 2690 motfis
1601 2679 1612 2696 ‚
1654 2651 1750 2704 quia
