2223 3003
589 258 880 301 VARIAE
970 260 1527 302 LECTIONES.

341 364 397 432 {63
424 403 460 430 ²7
481 392 566 422 aliam
579 392 658 430 ιιι-[ἑά
671 393 752 422 aliam
870 388 872 391 ’
1107 363 1168 431 Ξόγ
1192 403 1226 431 25
1250 394 1337 432 poss‘et
1349 396 1522 433 papqffltfim'

423 436 459 463 28
481 433 509 461 hi
525 434 550 468 ψ
564 434 663 470 bisunt
1190 435 1226 462 28
1248 434 1346 471 poffint
1361 437 1452 463 celare
1465 435 1594 473 «lapqffint

425 483 456 511 31
483 473 589 501 civium
604 473 738 509 slaſsmrum
752 474 851 502 civium
1111 472 1166 501 268
1212 484 1225 511 5
1250 474 1334 501 etiam
1349 489 1369 510 μ
1381 477 1408 504 d.

343 512 403 551 264
446 524 459 552 5
484 513 571 541 animi
585 513 610 545 ψ
624 516 708 541 anime
1194 522 1229 540 10
1251 523 1286 541 ne
1300 527 1320 549 μ
1334 515 1360 542 d.

444 563 462 590 9
484 552 553 580 mihi
568 567 588 589 μ,
602 554 629 581 d.
1193 561 1222 580 11
1250 552 1288 580 ita
1303 567 1324 590 μ,
1338 556 1439 590 iterfuit
1454 555 1478 588 ψ
1494 558 1533 582 ira
1547 557 1581 594 <st

425 602 461 628 ¹4
483 592 547 620 utili
561 607 581 629 μ.
595 593 620 621 d.
1196 600 1229 629 15
1253 592 1383 630 opposuit
1399 592 1425 627 ψ
1439 597 1553 631 apposuit

426 641 459 669 13
482 640 586 661 naturae
601 632 626 665 ψ
638 632 663 659 d.
1195 632 1229 658 16
1252 631 1315 660 satis
1329 647 1359 669 μ,
1374 633 1473 669 ψβυιι

425 680 460 707 17
483 671 562 699 alteri
578 672 602 705 ψ
615 672 641 700 d.
1189 685 1230 692 —
1253 672 1368 708 Qirini
1383 687 1402 708 μ,
1416 673 1551 708 Qirilum

425 720 457 739 21
484 710 644 747 hujusmodi
660 724 680 746 μ
693 712 813 748 {jusmodi
1194 718 1226 737 21
1252 712 1341 739 multa
1356 711 1381 744 ψ
1396 715 1597 749 quemadmodum

424 759 461 779 22
483 757 533 778 aut
547 751 572 784 ψ
585 760 663 787 atque
1189 763 1231 770 —
1251 749 1345 787 inquit
1359 752 1383 784 ψ
1397 753 1424 779 d.

423 799 462 826 24
482 790 607 818 decernit
622 803 642 826 μ
655 791 765 817 decernet
1192 798 1227 826 23
1250 789 1285 816 fic
1300 789 1326 823 ψ
1340 793 1418 818 etiam

424 831 462 858 26
485 829 687 858 transferantur
700 843 721 866 μ.
732 832 917 868 transferentur
1192 837 1230 865 24
1251 829 1288 856 est
1303 829 1328 864 ψ
1339 831 1382 867 effe

426 870 462 897 28
485 868 571 897 faciat
586 869 672 906 slaefiat
1195 877 1230 906 35
1254 869 1338 897 amici
1354 869 1462 898 causam
1475 885 1495 907 μ
1509 874 1653 901 amicitiam

425 918 463 946 29
483 908 616 945 injuriam
631 908 658 944 ψ
672 909 786 946 iaegjurias
1188 923 1229 929 -—
1249 916 1277 937 et
1299 917 1328 937 ut
1343 910 1454 938 orandae
1470 911 1515 938 liti
1529 926 1550 948 μ.
1569 921 1597 940 ut
1612 914 1763 951 perorandae
1776 914 1821 942 liti

422 962 465 970 —-·
484 948 578 976 officio
591 962 611 985 μ
625 954 651 976 d.
1296 949 1321 983 ψ
1335 958 1362 976 ur
1375 953 1481 978 oranda
1495 951 1551 979 lite:

427 997 462 1026 33
486 989 512 1016 N
521 988 578 1016 ulla
592 1003 612 1025 μ,
628 987 708 1017 Nulla
720 990 754 1025 est
1114 985 1172 1026 269
1216 996 1227 1016 1
1247 987 1344 1024 jurato
1356 1003 1376 1025 μ,
1380 991 1529 1027 juramento
1543 992 1568 1025 ψ
1580 992 1660 1021 verbo
1662 995 1758 1029 jurato

427 1037 465 1065 34
486 1037 578 1066 neque
591 1029 616 1063 ψ
631 1039 706 1067 neque
719 1031 783 1056 enim
1214 1038 1229 1066 5
1253 1037 1316 1056 eum
1334 1035 1490 1057 teneremus
1504 1031 1530 1064 ψ
1542 1042 1572 1059 ea
1586 1044 1729 1071 rogaremus

347 1066 404 1106 265
449 1077 464 1106 3
489 1075 519 1096 ut
533 1082 552 1105 μ
565 1069 591 1096 d.
1195 1075 1230 1095 10
1251 1068 1449 1097 communibus
1464 1084 1484 1106 μ
1498 1071 1610 1100 omnibus

445 1117 462 1144 7
485 1117 581 1136 omnes
595 1122 615 1145 μ,
628 1108 654 1136 d.
1196 1115 1206 1135 1
1217 1116 1226 1134 1
1252 1106 1393 1136 Phintiam
1409 1123 1429 1145 μ.
1444 1110 1577 1139 Pinn'ham
1591 1111 1618 1147 ψ
1633 1112 1752 1140 Philiam

429 1156 439 1175 1
451 1156 461 1176 1
486 1147 550 1176 satis
564 1148 589 1182 ᾧ
605 1149 632 1176 d.
1196 1156 1205 1174 1
1215 1156 1230 1183 3
1254 1154 1388 1184 tyrannus
1402 1149 1427 1183 ψ
1441 1149 1468 1178 d.

429 1196 462 1224 ¹3
485 1187 513 1215 id
528 1202 548 1224 μ
561 1189 588 1216 d.
1197 1195 1232 1224 14
1253 1187 1337 1215 morti
1351 1189 1375 1222 ψ
1389 1191 1444 1216 neci

425 1242 467 1249 —-
487 1228 555 1265 quia
569 1242 599 1264 μ,
613 1227 637 1261 ψ
652 1227 718 1266 qaod
1195 1226 1231 1254 16
1251 1226 1302 1264 ipfi
1317 1228 1399 1265 ptfibi
1412 1229 1462 1266 ipſs

429 1275 439 1295 ι
448 1277 462 1304 5
486 1267 659 1305 imponimus
674 1267 701 1302 ψ
714 1266 871 1305 imposuimus
1197 1274 1232 1302 17
1254 1267 1407 1295 admiratus
1421 1269 1446 1302 ψ
1460 1270 1605 1298 admiratus
1617 1271 1650 1307 est

428 1315 464 1344 ¹9
485 1316 535 1344 per
549 1306 576 1341 ψ
583 1314 688 1344 propter
1195 1306 1232 1334 26
1252 1305 1391 1335 sciverunt
1405 1310 1578 1345 pstarucrun!
1592 1309 1796 1346 spfimcitverunt

426 1355 463 1382 23
486 1346 562 1383 quod
578 1347 603 1380 ψ
617 1349 664 1384 qui
1195 1354 1231 1381 ²7
1254 1345 1420 1374 imminebat
1435 1347 1462 1380 ψ
1475 1348 1616 1377 cminebant

428 1395 465 1422 27
486 1386 574 1415 vitam
589 1387 615 1421 ψ
630 1390 695 1414 vita
1196 1386 1232 1412 28
1255 1385 1364 1423 AEgina
1375 1387 1400 1420 'tlt
1416 1388 1528 1424 AEginae

426 1427 463 1454 28
485 1425 534 1454 ista
549 1440 569 1463 μ,
582 1430 623 1455 ita
1192 1439 1232 1445 —
1251 1425 1366 1453 crudele
1379 1441 1399 1462 μ,
1413 1429 1562 1465 crudetestt,
1583 1429 1617 1465 est

426 1474 461 1502 3¹
485 1465 629 1494 videretur
643 1464 669 1499 ψ
683 1466 792 1493 evidetur
1196 1473 1230 1502 35
1253 1464 1305 1492 Illa
1321 1463 1347 1499 ψ
1361 1467 1487 1503 Istasune

429 1514 466 1542 32
487 1505 593 1533 nulliu‘s
607 1519 637 1542 μ,
655 1503 681 1539 ψ
693 1504 771 1533 nullis
1116 1512 1173 1540 ²70
1219 1513 1227 1531 1
1254 1503 1366 1541 Species
1381 1519 1402 1542 μ,
1415 1508 1443 1535 d.

429 1553 464 1582 35
487 1553 623 1573 venerunt
637 1558 657 1581 μ
671 1547 790 1573 venerint
1214 1545 1229 1571 8
1253 1551 1284 1571 ut
1298 1558 1318 1580 μ.
1332 1545 1357 1571 d.

348 1583 406 1613 2⁶6
448 1594 464 1622 5
488 1585 638 1613 utilitatem
654 1599 673 1621 μ
687 1588 814 1612 virtutem
1214 1592 1232 1620 9
1253 1583 1469 1623 libertatemque
1481 1600 1501 1622 μ
1514 1585 1732 1626 liberationemque

449 1625 465 1652 8
487 1624 594 1652 utilitas
608 1633 636 1652 et
650 1639 670 1661 μ,
685 1624 747 1652 utili
1198 1632 1233 1651 ιο
1254 1623 1392 1660 Cyrlilum
1407 1626 1432 1659 ψ
1446 1625 1578 1662 Curfillum

431 1672 442 1692 1
453 1673 463 1692 1
487 1664 566 1692 omni
582 1665 607 1699 ψ
619 1676 648 1692 ια
1200 1672 1229 1690 ιι
1256 1663 1434 1702 Xerxemque
1449 1680 1469 1702 μ
1483 1667 1625 1704 Pctstmque

427 1718 468 1726 —
489 1703 619 1732 habenda
633 1703 661 1738 ψ
674 1703 792 1732 habenda
805 1704 839 1740 est
1199 1711 1234 1739 ¹4
1256 1703 1313 1739 post
1328 1704 1353 1737 ψ
1364 1715 1426 1733 vero
1434 1707 1488 1743 post

431 1753 442 1772 1
451 1753 465 1781 3
487 1752 536 1773 aut
549 1744 686 1772 summum
701 1742 728 1778 ψ
741 1744 770 1772 d.
1200 1751 1232 1779 17
1255 1744 1478 1774 communicaret
1491 1745 1516 1780 ψ
1529 1750 1750 1776 communicaretur

431 1793 469 1820 14
488 1784 630 1822 quidquid
645 1799 666 1821 μ.
678 1785 744 1822 quud
1195 1797 1234 1804 ·-
1255 1783 1291 1810 est
1306 1783 1332 1817 ’ᾧ
1347 1786 1380 1821 est
1392 1788 1416 1811 εἰ

432 1823 467 1852 16
488 1823 607 1862 arripuit
621 1839 642 1861 μ.
655 1827 755 1863 arripit
1197 1831 1212 1850 2
1218 1833 1231 1860 ς
1256 1822 1285 1849 hi
1301 1838 1320 1859 μ
1336 1824 1487 1861 hisererunt

432 1873 442 1891 1
451 1873 467 1900 7
488 1864 565 1892 furta
579 1865 604 1899 ψ
607 1867 711 1902 fur1a3
733 1867 838 1902 rapinae
1198 1871 1236 1899 30
1257 1863 1344 1890 causae
1359 1864 1383 1897 ψ
1392 1864 1480 1901 plures
1493 1865 1578 1901 rausae

429 1913 466 1931 22
486 1913 556 1942 quas
571 1904 597 1939 ψ
612 1916 688 1942 quam
1199 1911 1232 1939 33
1255 1903 1347 1940 gratia
1360 1904 1386 1936 ψ
1399 1905 1477 1941 causa

430 1952 465 1980 25
488 1943 611 1980 pellatur
624 1943 652 1978 ψ
663 1943 796 1972 tollendum
809 1944 843 1980 est
1119 1951 1170 1979 271
1216 1954 1235 1979 4
1256 1942 1316 1978 ejus
1331 1942 1358 1976 ψ
1370 1946 1439 1981 cqjus

429 1992 466 2020 27
488 1983 519 2011 id
534 1983 685 2021 sequantur
699 1984 726 2019 ψ
740 1985 910 2022 insequantur
1217 1982 1235 2009 6
1257 1991 1313 2009 non
1328 1982 1360 2010 sit
1373 1983 1443 2020 ψβι
1457 1995 1492 2012 an
1506 1995 1552 2011 non

427 2037 469 2044 —
487 2023 604 2051 videant
615 2024 641 2058 ψ
653 2026 780 2053 videatur
1201 2031 1236 2050 ιο
1257 2022 1331 2050 norit
1346 2022 1372 2055 ψ
1386 2027 1487 2051 noverit

431 2071 468 2100 29
489 2063 667 2100 pervenerint
681 2065 706 2099 ψ
716 2065 868 2102 pervenerit
1201 2070 1233 2098 13
1257 2062 1377 2090 vendere
1391 2063 1416 2096 ψ
1424 2064 1476 2098 sim
1491 2064 1598 2091 vendere

433 2111 470 2139 32
491 2101 664 2140 profecimus
679 2105 704 2138 ψ
715 2105 859 2141 preficimus
1182 2112 1184 2114 ·
1201 2111 1233 2139 15
1259 2101 1289 2128 fir
1303 2106 1389 2139 μχὶιιί

353 2141 410 2179 267
454 2152 468 2179 5
491 2141 583 2179 digito
597 2141 624 2177 ψ
636 2144 718 2182 digim
731 2143 825 2171 babens
1195 2155 1235 2162 --
1256 2141 1296 2168 ais
1308 2155 1328 2177 μ.
1342 2147 1400 2179 agis

449 2181 468 2210 6
491 2188 521 2209 ut
535 2182 560 2215 ψ
574 2181 619 2209 ubi
1201 2189 1235 2218 19
1257 2180 1429 2219 vicissimque
1512 2182 1542 2210 fit
1558 2181 1584 2218 ψ
1597 2183 1623 2211 d.

452 2231 468 2259 7
491 2221 584 2258 palam
598 2235 618 2257 μ.
628 2220 737 2258 planum
1199 2229 1236 2256 24
1257 2229 1323 2252 non,
1338 2221 1478 2259 quidquid
1493 2236 1512 2259 μ
1527 2223 1686 2261 ῳιὶἄςιιὶάψ
1701 2224 1824 2261 nunquid,

450 2271 470 2299 9
491 2261 566 2289 idem
669 2260 821 2288 inverterat
833 2259 859 2294 ψ
872 2260 899 2288 d.
1304 2264 1369 2297 quod

435 2310 468 2338 ¹3
492 2299 628 2328 beneficio
643 2299 669 2335 ψ
685 2301 730 2336 uſsa
743 2299 903 2339 beneficioque
1201 2308 1235 2337 25
1258 2299 1348 2327 Immo
1435 2301 1472 2329 est
1485 2316 1505 2339 μ.
1519 2301 1545 2331 d.

437 2350 470 2379 ¹5
494 2340 575 2368 bonis
588 2341 613 2374 ψ
626 2352 644 2368 a
658 2341 729 2368 bonit
1200 2347 1236 2373 27
1260 2349 1326 2367 num
1340 2355 1370 2378 μ,
1386 2341 1412 2374 ψ
1423 2352 1471 2369 non

435 2389 467 2409 21
492 2389 574 2408 nemo
590 2389 624 2408 ne
638 2394 658 2416 μ.
671 2390 775 2408 nemove
1201 2388 1235 2416 32
1257 2388 1291 2406 ea
1305 2389 1344 2412 re,
1366 2381 1432 2418 quia
1447 2380 1473 2415 ψ
1484 2383 1552 2419 quod

435 2429 470 2457 23
493 2419 599 2457 semper
614 2434 634 2456 μ
649 2420 675 2449 d.
1200 2429 1234 2457 35
1257 2419 1404 2457 ignoretur
1416 2434 1437 2457 μ.
1448 2425 1624 2460 [quorumque

436 2469 471 2498 25
494 2459 570 2497 quod
585 2459 610 2493 ψ
625 2459 659 2489 ab
672 2460 725 2494 his,
745 2462 790 2498 qui
1121 2467 1178 2498 ²72
1221 2468 1237 2488 2
1257 2458 1312 2488 hoc
1326 2460 1352 2496 ψ
1366 2461 1423 2490 haec
