2223 3003
471 271 546 312 ,70
876 250 981 291 DE
1050 247 1455 291 LEG1BUS

466 356 624 401 fuerint,
657 353 773 393 talem
804 351 1002 389 civitatem
1026 348 1162 396 fuiffe,
1200 363 1443 403 quaecunque
1462 349 1630 390 mutatio
1647 361 1802 392 morum
1821 354 1864 394 in

465 421 706 477 principibus
719 417 903 462 extiterit,
911 416 1071 455 eandem
1087 416 1127 455 in
1142 417 1289 471 populo
1304 417 1487 457 secutam.
1505 417 1626 471 quue
1642 416 1747 456 haud
1766 431 1864 472 pau-

464 489 504 527 lo
523 488 575 526 est
595 485 732 530 verius,
764 497 882 537 quam
902 483 1008 536 quod
1038 483 1191 523 Platoni
1212 483 1339 523 nostro
1358 483 1497 538 placet,
1532 484 1602 538 qui
1627 484 1865 524 muficorum

463 552 640 591 cantibus
660 551 712 590 ait
731 550 904 595 mutatis,
925 549 1068 588 mutari
1087 550 1291 588 civitatum
1309 549 1439 589 status.
1476 551 1565 604 Ego
1582 559 1727 596 autem,
1747 550 1864 590 nobi-

463 619 563 658 lium
583 619 662 658 vita
680 619 861 670 victuque
880 626 1045 662 mutato,
1079 630 1205 656 mores
1226 617 1368 656 mutari
1388 617 1592 656 civitatum
1610 627 1722 672 puto.
1770 617 1866 669 Qo

463 685 709 739 perniciofius
729 684 776 722 de
806 683 1004 736 republica
1028 692 1225 722 merentur
1253 683 1377 722 vitiosi
1408 684 1616 737 principes,
1650 683 1756 737 quod
1785 695 1866 722 non

463 751 590 790 solum
609 750 703 790 vitia
721 749 947 802 concipiunt
966 748 1050 802 ipfi,
1067 749 1128 787 sed
1146 763 1189 787 ea
1208 748 1422 788 infundunt
1440 751 1481 788 in
1501 750 1697 788 civitatem
1704 767 1718 795 5
1739 761 1867 803 neque

463 818 589 857 solum
609 816 762 862 obsunt,
794 816 900 869 quod
919 815 988 869 ipfi
1007 825 1324 869 corrumpuntur,
1344 816 1407 856 sed
1425 817 1542 856 etiam
1562 816 1667 870 quod
1684 828 1866 855 corrum-

461 893 576 937 punt,
605 882 768 936 plusque
786 881 981 934 exemplo,
1003 894 1123 934 quam
1141 890 1315 935 peccato,
1336 891 1492 922 nocent.
1533 884 1666 936 Atque
1687 880 1771 922 haec
1801 881 1867 920 lex

462 949 617 987 dilatata
635 949 677 987 in
707 946 885 986 ordinem
914 948 1116 993 cunctum,
1149 947 1387 1000 coangustari
1416 949 1535 987 etiam
1564 948 1700 1002 potest.
1746 946 1866 987 Pauci

461 1015 582 1060 enim,
614 1023 729 1068 atque
757 1013 971 1052 admodum
991 1013 1118 1067 pauci,
1150 1012 1296 1052 honore
1327 1023 1365 1053 et
1394 1015 1516 1068 gloria
1534 1014 1775 1067 amplificati,
1804 1012 1868 1051 vel

462 1094 709 1135 corrumpere
742 1093 867 1119 mores
901 1080 1082 1125 civitatis,
1116 1080 1176 1118 vel
1207 1081 1395 1134 corrigere
1424 1081 1590 1134 poss‘unt.
1634 1080 1705 1118 Sed
1724 1079 1807 1118 haec
1827 1087 1868 1117 et

463 1161 568 1187 nunc
587 1147 689 1193 satis,
705 1156 744 1186 et
763 1147 804 1186 in
823 1146 901 1186 illis
921 1147 1029 1186 libris
1051 1148 1204 1186 tractata
1225 1147 1311 1186 sunt
1327 1147 1565 1200 diligentius.
1589 1150 1719 1202 Qare
1738 1147 1784 1184 ad
1804 1158 1867 1184 re-

463 1215 569 1266 liqua
587 1213 801 1252 veniamus.

518 1279 750 1317 Proximum
769 1287 899 1316 autem
919 1277 972 1316 est
1002 1277 1050 1316 de
1077 1277 1265 1331 suffragiis
1280 1296 1293 1323 ς
1325 1291 1411 1330 quae
1425 1278 1545 1331 jubeo
1567 1287 1653 1317 nota
1672 1276 1743 1317 effe
1768 1277 1866 1330 opti-

462 1345 631 1390 mutibus,
655 1345 784 1398 populo
802 1343 928 1384 libera.
959 1345 1192 1384 ATT1cus.
1217 1346 1273 1384 Ita
1293 1343 1515 1383 mehercule
1534 1344 1693 1389 attendi,
1716 1357 1786 1382 nec
1807 1343 1865 1381 sa-

465 1412 513 1449 tis
534 1411 722 1456 intellexi,
744 1410 840 1463 quid
859 1410 930 1449 fibi
949 1410 1025 1456 lex,
1046 1420 1112 1449 aut
1131 1411 1227 1463 quid
1244 1411 1356 1450 verba
1375 1411 1442 1450 ista
1461 1411 1595 1450 velint.

503 1477 595 1515 XV.
619 1476 838 1515 MARCUS.
861 1476 1018 1521 Dicam,
1036 1477 1144 1522 Tite,
1161 1486 1199 1514 et
1216 1477 1387 1515 versabor
1405 1478 1446 1515 in
1466 1491 1506 1515 re
1523 1476 1689 1520 difficili,
1703 1488 1747 1513 ac
1759 1475 1866 1513 mul-

464 1551 550 1580 tum
571 1551 609 1580 et
629 1541 723 1595 saepe
744 1541 898 1594 quaefita
912 1560 925 1587 5
958 1540 1134 1595 suffragia
1153 1543 1193 1580 in
1215 1542 1435 1594 magistratu
1455 1541 1685 1587 mandando,
1718 1550 1782 1578 aut
1803 1553 1868 1578 reo

458 1607 684 1660 judicando,
701 1617 767 1646 aut
786 1608 870 1661 lege
889 1617 954 1646 aut
975 1609 1170 1661 rogatione
1191 1608 1392 1654 sciscenda,
1411 1609 1528 1654 clam,
1545 1622 1592 1647 an
1607 1609 1734 1662 palam
1753 1605 1866 1651 ferre,

463 1674 602 1712 melius
623 1672 725 1712 effet.
772 1674 1004 1713 ATTlcus.
1026 1676 1091 1712 An
1117 1674 1234 1712 etiam
1254 1675 1294 1712 id
1319 1674 1487 1713 dubium
1506 1674 1586 1713 est?
1632 1675 1865 1726 erus.

463 1741 619 1786 Vereor,
641 1753 689 1779 ne
708 1753 730 1778 a
748 1748 786 1779 te
806 1739 931 1779 rursus
949 1739 1179 1780 dissentiam.
1203 1742 1417 1780 MARCUS.
1436 1742 1530 1780 Non
1546 1740 1675 1786 facies,
1690 1741 1865 1792 Qinte:

463 1820 553 1845 nam
573 1820 645 1858 ego
664 1807 705 1844 in
725 1806 793 1844 ista
812 1805 896 1844 sum
917 1806 1112 1852 sententia,
1134 1821 1209 1860 qua
1230 1817 1266 1846 te
1287 1806 1396 1845 fuiss'e
1417 1807 1564 1860 semper
1582 1807 1674 1852 scio,
1696 1806 1795 1845 nihil
1824 1815 1867 1843 ut

464 1871 580 1910 fuerit
600 1873 640 1909 in
661 1870 847 1923 suffragiis
868 1885 961 1909 voce
981 1872 1144 1916 melius;
1168 1874 1243 1916 sed,
1261 1875 1428 1911 obtineri
1448 1887 1494 1911 an
1515 1873 1639 1926 poffit,
1653 1873 1867 1912 videndum

463 1937 529 1976 est.
581 1938 811 1989 QrsTus.
844 1937 990 1982 Frater,
1023 1937 1122 1975 bona
1153 1946 1216 1974 tua
1247 1938 1356 1975 venia
1387 1938 1566 1982 dixerim,
1599 1938 1666 1976 ista
1685 1938 1867 1976 sententia

465 2004 635 2042 maxime
665 2012 703 2041 et
722 2001 822 2041 fallit
855 2003 1068 2056 imperitos,
1100 2012 1138 2041 et
1169 2003 1272 2041 obest
1295 2003 1490 2057 saepissime
1512 2004 1744 2057 reipublicre,
1775 2019 1867 2042 cum

464 2069 610 2122 aliquid
632 2082 764 2107 verum
783 2077 822 2106 et
844 2071 991 2107 rectum
1012 2069 1083 2107 effe
1105 2070 1260 2114 dicitur,
1294 2069 1355 2107 scd
1375 2070 1555 2115 obtineri,
1584 2070 1621 2107 id
1642 2069 1707 2114 est,
1740 2069 1867 2108 obfisti

466 2136 565 2189 poil'e
587 2135 745 2189 populo,
768 2145 940 2188 negatur.
984 2137 1162 2175 Primum
1193 2138 1298 2175 enim
1319 2137 1524 2181 obsistitur,
1550 2151 1643 2175 cum
1664 2137 1790 2190 agitur
1810 2137 1867 2174 se-

465 2217 572 2248 vere,
605 2201 741 2240 deinde
773 2202 810 2239 vi
830 2202 1001 2255 opprimi
1022 2202 1061 2239 in
1095 2202 1194 2241 bona
1214 2202 1336 2247 causa,
1358 2202 1411 2241 est
1432 2202 1586 2248 melius,
1618 2217 1735 2256 quam
1759 2203 1869 2241 malae

464 2269 607 2306 cedere.
638 2269 738 2321 Qis
759 2277 889 2307 autem
911 2282 986 2306 non
1009 2268 1134 2314 sentit,
1148 2270 1414 2307 auctoritatem
1436 2283 1594 2308 omnem
1614 2270 1867 2322 optimatium

466 2334 700 2372 tabellariam
722 2334 845 2387 legem
863 2333 1080 2372 abstuliss‘e?
1103 2349 1221 2387 quam
1243 2335 1409 2388 populus
1430 2335 1528 2373 liber
1549 2349 1748 2387 nunquam
1768 2335 1866 2373 dcii-

465 2400 633 2444 dcravit;
666 2400 784 2445 idem,
806 2400 999 2454 oppressus
1017 2401 1219 2440 dominatu
1240 2415 1282 2440 ac
1303 2402 1472 2454 potentia
1494 2401 1730 2454 principum,
1754 2401 1866 2454 tingi-

466 2467 573 2505 tavit.
625 2468 757 2519 ltaque
777 2468 1107 2520 graviorajudicia
1127 2467 1172 2506 dc
1194 2467 1462 2521 potentitlimis
1484 2467 1709 2506 hominibus
1736 2477 1866 2506 extant

465 2546 590 2578 voces,
621 2547 738 2586 quam
761 2534 920 2572 tabella».
971 2535 1238 2587 Qamobrem
1272 2534 1497 2588 suffragandi
1531 2535 1649 2573 nimia
1676 2535 1798 2573 libido
1827 2535 1866 2571 in

466 2614 543 2639 non
565 2600 675 2639 bonis
709 2601 826 2640 causis
857 2601 1050 2655 cripienda
1075 2600 1151 2641 fuit
1185 2602 1424 2655 potentibus,
1462 2616 1539 2641 non
1571 2602 1714 2640 latebra
1744 2601 1867 2638 danda
