2223 3003
199 994 230 1023 p·

594 194 679 262 M.
764 222 1244 265 TULLII

361 348 1496 412 CICERONIS

879 498 978 535 DE

477 617 1379 669 DIVINATIONE

553 753 842 794 LIBER
920 754 1289 795 PRIMUS.

437 878 544 919 Edit.
577 879 713 920 Olivet.

305 1032 315 1051 1
337 1023 396 1060 jam
412 1021 498 1060 usque
513 1022 541 1051 0
555 1022 582 1050 d.

301 1062 320 1091 6
341 1063 467 1091 salutaris
483 1061 659 1101 Efingularis

279 1116 321 1125 —
340 1111 453 1140 quaque
468 1103 491 1130 E
508 1101 536 1129 U
550 1112 655 1140 quaeque
669 1103 697 1131 Ο
711 1113 768 1140 quae

302 1152 319 1179 7
342 1142 467 1171 mortalis
483 1143 506 1170 E
521 1143 549 1170 d.
565 1143 593 1170 Ο
606 1143 635 1171 U
649 1142 755 1172 mortali

283 1191 314 1210 11
340 1189 457 1220 tamque
470 1183 494 1210 E
510 1182 539 1210 U
553 1189 631 1220 atque

259 1257 263 1259 ‘
282 1231 318 1250 12
340 1221 450 1250 censeat
465 1223 487 1250 E
494 1222 595 1257 sentiar

304 1271 314 1290 1
341 1261 445 1299 cuique
459 1262 482 1289 E
498 1263 631 1298 uuicuique

300 1310 318 1339 7
339 1301 493 1329 Pifidarum
508 1302 532 1329 E
547 1301 709 1338 Persidarum

281 1351 292 1370 1
302 1351 312 1370 ι
338 1340 442 1379 Pythio
457 1342 481 1370 E
497 1342 589 1378 Pbytio

281 1396 322 1404 —
341 1380 511 1409 Hammonis
525 1381 555 1410 U
569 1382 698 1410 Ammoni:

285 1431 295 1450 1
305 1431 320 1450 2
341 1421 379 1448 est
395 1421 418 1449 E
432 1423 459 1449 d.

283 1471 294 1490 1
304 1471 318 1499 3
341 1460 532 1499 privatimque
546 1461 570 1488 E
580 1463 716 1498 privatim

285 1511 295 1530 1
305 1511 320 1536 7
343 1509 371 1530 et
386 1501 409 1528 E
421 1500 451 1528 d:

285 1543 320 1570 18
335 1548 363 1569 et
379 1541 402 1568 E
417 1541 445 1569 d.

284 1590 320 1619 ¹9
342 1588 370 1608 et
385 1580 407 1608 E
423 1581 452 1607 d.

284 1631 322 1650 2ο
342 1617 576 1657 consulendisque
592 1619 616 1648 E
631 1626 654 1648 et
667 1618 818 1656 consulendis

282 1670 316 1690 21
343 1669 375 1688 ac
392 1660 414 1687 E
430 1670 462 1687 ac
476 1659 551 1687 rebus

282 1699 562 1736 —inEUslastne

284 1750 319 1778 23
343 1739 558 1768 iisEOUlm

219 1785 225 1787 ⁴
283 1790 321 1816 24
341 1779 431 1808 soluto
447 1778 555 1814 Esolrto

282 1822 319 1848 28
342 1828 373 1848 ut
386 1820 411 1854 ψ
422 1819 457 1847 ab

283 1869 320 1898 29
341 1858 466 1888 Culleoli
481 1859 504 1887 E
519 1858 624 1888 Cuneoli

283 1989 323 2018 34
342 1978 481 2008 Balearici
496 1979 520 2006 E
535 1979 561 2013 ψ
575 1978 710 2008 Baliam’ci

287 2029 298 2047 1
323 2019 383 2047 haec
395 2019 420 2048 E
434 2019 480 2047 hoc

281 2074 322 2082 —
341 2058 448 2087 eventis
464 2059 488 2086 E
502 2066 597 2087 eventu

304 2109 320 2127 z
343 2097 419 2126 docti
435 2098 458 2125 E
472 2097 528 2126 dati

281 2154 323 2162 —
342 2137 535 2177 probaverunt
547 2136 576 2165 U
592 2145 757 2175 putaverunt
769 2146 793 2166 et
806 2136 902 2178 proba·

381 2185 479 2206 verunt

302 2228 322 2256 4
343 2218 367 2246 E
389 2218 419 2246 U
433 2227 467 2245 ex

281 2272 323 2282 —
343 2258 444 2296 loquar
459 2257 482 2285 E
497 2256 629 2296 loquamur

303 2298 322 2325 6
342 2305 444 2336 praeter
458 2297 481 2325 E
492 2299 545 2335 pqst

287 2346 328 2366 12¹
343 2337 393 2374 qni
407 2337 491 2365 etiam
508 2338 532 2365 E
547 2337 576 2366 U
592 2335 619 2372 ψ
632 2339 770 2375 quinetiam

285 2386 295 2405 1
305 2387 320 2405 2
341 2377 393 2404 effe
409 2377 432 2404 E
445 2377 499 2413 effir

287 2426 297 2445 ι
307 2426 322 2454 3
344 2416 435 2453 gravis
450 2416 474 2443 E
484 2426 586 2453 graecur

287 2465 323 2492 ¹4
343 2456 551 2493 Cratippusque
565 2455 592 2492 ψ
607 2457 748 2494 Cratippus

285 2505 318 2533 17
341 2495 424 2523 fidem
443 2495 466 2523 E
479 2497 543 2524 iden

282 2550 323 2560 .-
341 2535 439 2573 rejecit
454 2535 479 2571 ψ
493 2537 567 2566 reicit

959 993 991 1062 ⁹¹⁵?

1029 879 1142 918 Mss,
1172 876 1381 934 Εουψ

1044 1024 1078 1051 18
1100 1031 1128 1052 et
1145 1025 1168 1053 E
1183 1024 1210 1052 d.

1039 1071 1077 1091 20
1097 1063 1250 1101 explicavit
1264 1062 1292 1097 ψ
1304 1063 1427 1102 explicuit

1039 1112 1074 1140 23
1098 1103 1244 1142 Diogen&
1260 1103 1287 1139 ψ
1300 1104 1328 1132 d.

1040 1152 1079 1178 24
1099 1143 1157 1170 duo
1171 1144 1194 1171 E
1207 1144 1264 1172 duor

1038 1197 1079 1204 —-
1100 1183 1252 1220 Antipater
1266 1184 1295 1213 U
1310 1185 1447 1223 Antipatis

1039 1223 1076 1250 28
1097 1222 1195 1251 Stoico
1211 1224 1233 1251 E
1250 1224 1279 1252 U
1293 1224 1318 1259 ψ
1331 1225 1357 1252 d.

1039 1276 1080 1283 -—
1101 1271 1150 1290 nos
1165 1262 1191 1298 ψ
1206 1263 1278 1292 nobis

1037 1315 1080 1323 -
1102 1309 1132 1330 ut
1147 1303 1170 1330 E
1187 1303 1216 1331 U
1230 1303 1256 1330 d.

1041 1351 1078 1379 29
1099 1342 1272 1371 concedetur
1286 1343 1309 1371 E
1324 1340 1464 1371 c'onceditur

1042 1390 1078 1418 33
1102 1381 1239 1410 nobismet
1254 1383 1318 1421 ipfis
1336 1384 1358 1411 E
1379 1382 1455 1411 vobis
1469 1382 1574 1421 rpfismet

1039 1430 1075 1459 35
1099 1421 1152 1450 fint
1166 1421 1262 1459 Esunt

1062 1470 1078 1498 3
1101 1460 1220 1489 fecimus
1235 1462 1385 1500 spfarimur

1059 1508 1081 1537 4
1101 1501 1244 1529 temeritas
1261 1503 1282 1529 E
1297 1506 1428 1531 temeritas
1431 1503 1471 1540 fir

1062 1549 1077 1577 5
1099 1540 1147 1573 est,
1163 1549 1222 1569 tum
1239 1542 1261 1569 E
1277 1550 1361 1570 tamen

1045 1587 1081 1606 ιο
1103 1580 1140 1612 Q.
1159 1581 1181 1608 E
1198 1581 1226 1609 U
1241 1580 1267 1616 ψ
1282 1582 1309 1609 d.

1044 1627 1078 1656 15
1102 1628 1167 1647 vero
1183 1620 1205 1647 E
1219 1629 1302 1649 tamen

1044 1660 1080 1686 16
1101 1659 1230 1688 confutet
1246 1661 1268 1688 E
1284 1660 1311 1688 Ο
1326 1667 1446 1698 computet

1039 1712 1080 1720 —
1100 1698 1193 1727 deleat
1209 1700 1238 1728 U
1252 1701 1278 1728 d.

1044 1747 1078 1774 ¹7
1100 1738 1268 1776 religionem
1287 1740 1314 1768 U
1330 1739 1450 1779 religione

1045 1787 1081 1816 19
1102 1778 1192 1806 studio
1209 1780 1329 1817 Estudia

1042 1827 1080 1846 20
1100 1819 1162 1846 {ane
1178 1819 1276 1854 Estnis

1041 1866 1073 1885 21
1101 1857 1215 1886 Lucilio
1232 1860 1254 1887 E
1269 1859 1295 1893 ψ
1314 1859 1418 1888 Lucidio

1039 1906 1076 1934 23
1099 1899 1311 1935 praetermiffum
1327 1900 1364 1927 est
1379 1900 1401 1928 E
1411 1900 1602 1938 praerermgffiaem

1037 1946 1077 1974 24
1096 1937 1164 1975 quia
1179 1939 1201 1966 fi
1215 1941 1283 1975 quod

1038 1991 1080 1999 -—
1100 1987 1178 2015 quaer
1205 1980 1227 2006 L
1244 1989 1333 2017 quaero

1039 2025 1077 2053 27
1100 2017 1158 2044 VIm
1175 2019 1197 2046 E
1213 2020 1270 2047 inde

1040 2065 1078 2093 30
1099 2057 1202 2085 Arcem
1219 2059 1241 2087 E
1258 2059 1288 2087 U
1302 2059 1391 2087 Artem

1040 2105 1072 2133 3¹
1098 2097 1309 2134 reciprocantur
1324 2099 1347 2126 E
1362 2100 1518 2134 recipiantur

1038 2150 1079 2156 —
1099 2144 1127 2163 et
1142 2137 1165 2163 E
1185 2138 1208 2164 U
1226 2138 1251 2166 d.

1042 2184 1081 2212 34
1102 2175 1155 2203 {int
1171 2177 1192 2203 E
1209 2177 1236 2204 Ο
1255 2177 1281 2205 U
1295 2177 1320 2211 ψ
1335 2178 1436 2215 ilaſsm

1061 2224 1077 2242 2
1097 2224 1144 2242 eos
1163 2216 1183 2243 E
1201 2216 1228 2243 O
1244 2217 1272 2245 U
1288 2218 1314 2245 d.

1059 2264 1074 2292 5
1099 2258 1323 2292 praevertendum
1339 2256 1362 2285 E
1372 2257 1573 2295 praencaendum

1059 2303 1076 2330 7
1096 2295 1214 2332 inquam
1230 2296 1253 2323 E
1267 2300 1292 2323 d.

1061 2335 1076 2362 8
1100 2334 1193 2371 poffim
1211 2336 1366 2374 Upffmtts

1059 2383 1077 2411 9
1098 2384 1167 2402 aveo
1182 2376 1204 2402 E
1220 2378 1247 2402 O
1266 2376 1291 2404 U
1307 2377 1387 2405 habeo

1043 2421 1073 2442 11
1100 2423 1163 2442 cum
1180 2415 1202 2442 E
1218 2423 1272 2443 tum

1043 2463 1052 2481 1
1062 2462 1078 2489 4
1100 2461 1191 2482 autem
1207 2455 1232 2489 ψ
1245 2458 1310 2483 enim

1043 2496 1075 2522 18
1097 2502 1198 2531 eventa
1213 2496 1235 2524 E
1250 2503 1358 2523 eventus

1275 2533 1409 2563 Hhhz
