2223 3003
678 263 783 303 DE
855 262 1330 303 AMICITIA.
1629 281 1705 320 349

303 372 344 403 et
363 363 474 408 citro,
505 362 565 402 vel
597 362 664 401 usu
684 363 881 408 dinturno,
917 363 976 401 vel
1007 363 1124 401 etiam
1144 363 1303 409 officiis,
1330 371 1481 417 repente
1507 364 1547 403 in
1577 366 1708 406 medio

304 430 417 468 cursu
437 430 639 474 amicitias,
661 439 791 468 exorta
809 429 936 481 aliqua
955 428 1173 474 offenfione,
1194 430 1469 484 dirumpimus.

337 496 494 534 XXIII.
514 497 606 547 Qo
619 496 734 533 etiam
755 495 877 546 magis
899 495 1147 546 vituperanda
1165 495 1218 533 est
1234 496 1286 532 rei
1308 497 1478 535 maxime
1498 496 1707 537 neceffariae

305 568 410 599 tanta
429 561 588 599 incuria.
639 561 729 597 Una
753 558 805 596 est
825 559 930 596 enirn
950 559 1121 596 amicitia
1140 559 1180 597 in
1207 560 1318 598 rebus
1340 559 1536 607 humanis,
1569 563 1615 602 de
1634 578 1705 603 cu·-

299 627 365 679 jus
387 627 551 665 utilitate
567 638 701 663 omnes
722 638 800 663 uno
819 637 884 662 ore
903 624 1147 662 consentiunt
1164 639 1173 662 τ
1196 638 1418 677 quanquam
1438 641 1458 665 a
1478 630 1613 669 multis
1629 630 1708 684 ipsa

305 693 426 730 virtus
446 692 724 735 contemnitur,
756 699 794 728 et
824 689 1035 728 venditatio
1054 690 1229 741 quaedam
1264 700 1378 744 atque
1408 692 1608 734 ostentatio
1637 697 1708 735 effe

303 759 474 797 dicitur:
505 757 623 796 multi
654 757 805 794 divitias
826 755 1054 809 despiciunt,
1082 769 1178 808 quos
1204 770 1322 810 parvo
1350 767 1552 798 contentos
1582 763 1706 800 tenuis

303 825 428 863 vidtus
447 824 651 876 cultusque
669 823 831 861 delectat
845 841 858 868 ;
893 821 1056 861 honores
1077 836 1179 868 vero,
1200 837 1368 876 quorum
1387 824 1598 878 cupiditate
1617 828 1707 880 qui-

303 889 393 928 dam
413 889 717 934 inflammant-ur,
735 887 853 942 quam
869 888 986 927 multi
1006 889 1059 926 ita
1077 897 1347 935 contemnunt,
1368 899 1410 928 ut
1426 890 1523 929 nihil
1540 892 1707 938 inanius,

303 955 405 995 nihil
425 957 546 995 levius
567 956 636 995 effe
655 955 875 994 existiment
892 955 899 992 !
932 955 1104 1008 itemque
1124 964 1268 1001 caetera,
1287 970 1372 1009 quae
1392 957 1620 1010 quibusdam
1639 961 1707 998 ad-

304 1023 497 1061 mirabilia
516 1023 707 1068 videntur‚
721 1022 907 1076 permulti
925 1021 1025 1067 sunt,
1043 1022 1110 1074 qui
1131 1036 1200 1075 pro
1221 1021 1346 1061 nihilo
1364 1033 1517 1076 putent.
1533 1026 1595 1063 De
1608 1028 1707 1064 ami-

304 1088 397 1126 citia
415 1102 549 1127 omnes
577 1088 623 1126 ad
643 1101 767 1126 unum
787 1088 892 1126 idem
912 1087 1104 1133 sentiunt3
1139 1097 1176 1125 et
1196 1089 1238 1133 ii,
1269 1089 1338 1140 qui
1358 1090 1403 1127 ad
1425 1091 1707 1143 rempublicam

305 1153 341 1191 se
361 1155 633 1199 contulerunt3
664 1162 702 1191 et
732 1154 775 1198 ii,
807 1154 876 1206 qui
907 1166 1035 1191 rerum
1056 1154 1280 1206 cognitione
1310 1155 1557 1209 doctrinaque
1577 1158 1707 1196 delec-

305 1227 460 1264 tantur3
487 1230 524 1258 et
544 1220 586 1264 ii,
609 1220 677 1272 qui
697 1219 807 1257 suum
828 1219 1030 1271 negotium
1050 1228 1189 1272 gerunt
1207 1219 1343 1265 otiost5
1365 1221 1557 1273 postremo
1576 1223 1617 1268 ii,
1638 1224 1708 1276 qui

303 1283 339 1321 se
360 1293 460 1323 totos
482 1284 719 1323 tradiderunt
737 1285 1014 1337 voluptatibu8‚
1036 1285 1112 1323 fine
1131 1285 1301 1323 amicitia
1320 1287 1440 1325 vitam
1467 1287 1538 1326 effe
1559 1289 1708 1327 nullam

304 1351 486 1397 sentiunt,
519 1351 546 1389 fi
566 1351 686 1390 modo
704 1350 826 1390 velint
846 1351 975 1404 aliqua
997 1365 1044 1390 ex
1062 1360 1168 1405 parte
1186 1351 1396 1391 liberaliter
1414 1354 1551 1392 vivere.
1583 1355 1710 1408 Serpit

303 1417 411 1455 enim
443 1416 568 1456 nescio
599 1416 798 1469 quomodo
829 1430 896 1470 pet·
925 1417 1106 1455 omnium
1126 1417 1247 1455 vitam
1267 1418 1438 1456 amicitia
1452 1437 1464 1464 3
1496 1432 1566 1458 nec
1587 1420 1709 1458 ullam

304 1483 424 1520 aetatis
445 1482 623 1534 degendae
644 1484 831 1521 rationem
852 1483 996 1534 patitur
1015 1482 1085 1522 effe
1105 1492 1301 1535 expertem
1323 1483 1392 1522 sui.

360 1549 602 1601 Qinedam,
635 1547 660 1585 fi
695 1548 780 1600 quis
815 1561 856 1585 ea
889 1547 1086 1600 asperitate
1118 1548 1185 1593 est,
1219 1558 1256 1586 et
1282 1550 1525 1589 immanitate
1551 1561 1708 1597 natum,

304 1613 521 1667 congressus
543 1623 585 1651 ut
605 1612 815 1651 hominum
836 1611 958 1666 fugiat
979 1623 1092 1666 atque
1113 1613 1249 1659 oderit,
1274 1615 1429 1667 qualem
1449 1615 1558 1654 fuiffe
1578 1616 1707 1655 Athe-

306 1681 364 1718 nis
386 1681 601 1719 Timonem
621 1678 748 1718 nescio
768 1691 885 1731 quem
905 1680 1123 1733 accepimus
1139 1698 1152 1724 ;
1184 1689 1311 1719 tamen
1332 1682 1363 1719 is
1383 1683 1463 1734 pati
1483 1696 1560 1722 non
1581 1683 1707 1736 possit,

306 1757 349 1785 ut
384 1760 461 1785 non
492 1746 667 1799 anquirat
706 1746 876 1799 aliquem
893 1775 904 1791 ‚
950 1747 1052 1800 apud
1081 1760 1200 1800 quern
1236 1758 1388 1787 evomat
1421 1749 1525 1787 virus
1559 1751 1706 1788 acerbi-

304 1813 393 1851 tatis
430 1812 516 1850 suae.
562 1814 693 1864 Atque
726 1810 802 1850 hoc
829 1813 998 1850 maxime
1022 1813 1272 1864 judicaretur,
1304 1813 1330 1851 fi
1360 1814 1455 1866 quid
1487 1814 1559 1852 tale
1589 1815 1708 1867 poffet

304 1879 542 1930 contingere,
565 1888 607 1915 ut
627 1878 764 1929 aliquis
786 1891 854 1916 nos
875 1878 983 1917 Deus
1003 1891 1049 1916 ex
1069 1877 1141 1915 hac
1164 1877 1374 1917 hominum
1394 1879 1609 1931 frequentia
1630 1881 1706 1918 tol-

305 1945 412 1989 leret,
442 1953 480 1981 et
512 1945 552 1981 in
579 1944 786 1981 solitudine
815 1944 962 1996 uspiam
982 1942 1203 1990 collocaret,
1235 1954 1350 1997 atque
1379 1945 1435 1983 ibi
1466 1945 1708 1998 suppeditans

304 2011 488 2054 omnium
508 2023 650 2054 rerum,
682 2023 775 2061 quas
796 2018 929 2047 natura
959 2009 1154 2055 desiderat,
1186 2010 1461 2048 abundantiam
1482 2020 1520 2048 et
1539 2012 1707 2063 copiam,

305 2076 478 2114 hominis
497 2077 659 2114 omnino
677 2076 909 2129 adspiciendi
930 2076 1153 2129 potestatem
1171 2076 1344 2128 eriperet.
1388 2076 1487 2126 Qis
1510 2085 1588 2113 tam
1619 2077 1709 2115 effe:

306 2141 463 2185 ferreus,
493 2143 562 2193 qui
581 2155 666 2179 eam
687 2143 805 2179 vitam
825 2141 921 2179 ferre
942 2141 1074 2193 posset,
1095 2141 1235 2192 cuique
1253 2154 1331 2178 non
1351 2139 1514 2178 auferret
1536 2140 1706 2180 fructum

306 2207 550 2259 voluptatum
572 2206 751 2244 omnium
772 2205 965 2242 solitudo?

360 2273 509 2310 Verum
529 2285 619 2324 ergo
649 2271 747 2309 illud
781 2270 847 2315 est,
880 2269 983 2322 quod
1004 2282 1025 2306 a
1044 2270 1256 2309 Tarentino
1275 2269 1460 2322 Archyta,
1495 2280 1535 2308 ut
1555 2273 1706 2324 opinor,

308 2338 384 2376 dici
405 2337 575 2382 solitum,
608 2336 751 2375 nostros
772 2335 872 2374 senes
894 2348 1197 2373 commemorare
1217 2336 1358 2381 audivi,
1386 2337 1433 2373 ab
1455 2336 1536 2374 aliis
1555 2337 1706 2375 senibus

310 2403 512 2449 auditum,
545 2412 571 2428 “
595 2404 631 2442 Si
652 2404 738 2456 quis
771 2404 811 2441 in
840 2403 978 2441 caelum
1000 2400 1230 2448 ascendisset,
1268 2412 1520 2455 naturamque
1554 2404 1706 2448 mundi,

312 2477 339 2493 “
361 2478 397 2506 et
423 2469 756 2520 pulchritudinem
775 2469 939 2508 fiderum
960 2467 1211 2521 perspexisset,
1239 2468 1430 2507 insuavem
1452 2469 1559 2507 illam
1580 2470 1706 2506 admi-

312 2541 340 2581 ξ(
362 2534 550 2574 rationem
581 2536 617 2573 ei
650 2535 745 2581 fore,
778 2549 862 2588 quae
890 2533 1164 2587 jucundiffima
1195 2532 1336 2580 fuiffct,
1372 2535 1397 2573 fi
1428 2535 1611 2587 aliquem,
1642 2534 1708 2572 cui
