2223 3003
637 211 911 252 LIBER
968 210 1465 250 SECUNDUS.
1699 226 1746 264 7¹

359 312 567 357 Postremo,
596 312 693 365 quid
723 312 845 350 simile
864 311 978 350 habet
1008 311 1123 364 pafl‘er
1142 311 1281 349 annis?
1312 312 1419 350 Nam
1450 311 1496 349 de
1515 323 1637 364 angue
1666 311 1751 356 illo,

360 381 428 432 qui
459 379 570 430 Syllae
599 379 773 431 apparuit
799 378 1032 421 immolanti,
1064 387 1273 430 utrumque
1304 377 1482 422 memini,
1519 386 1556 415 et
1591 376 1749 429 Syllam,

360 458 452 483 cum
483 446 522 483 in
552 445 838 496 expeditionem
858 444 1061 480 educturus
1088 443 1189 487 esset,
1220 442 1486 488 immolavisse,
1518 453 1555 481 et
1586 455 1753 495 anguem

361 511 408 548 ab
428 525 488 549 ara
507 509 680 553 extitisse,
702 521 823 559 eoque
842 508 903 544 die
923 520 1005 544 rem
1024 508 1199 559 praeclare
1217 508 1287 545 effe
1308 509 1463 560 gestam,
1480 522 1556 547 non
1577 508 1751 562 haruspi-

362 576 416 613 cis
437 575 608 618 confluo,
629 573 689 610 sed
710 571 963 623 imperatoris.

416 641 568 679 XXXI.
599 640 731 690 Atque
751 636 833 675 haec
853 636 1088 675 ostentorum
1108 650 1246 690 genera
1266 638 1441 676 mirabile
1461 637 1559 676 nihil
1580 638 1722 676 habent
1738 658 1749 684 ς

361 720 445 759 quae
465 719 556 743 cum
576 703 673 742 facta
691 702 791 747 sunt,
827 711 913 740 tum
943 703 989 740 ad
1013 704 1271 759 conjesturam
1300 703 1425 755 aliqua
1444 704 1754 755 interpretatione

361 778 611 810 revocantur:
645 778 686 806 ut
706 768 770 805 illa
792 768 911 805 tritici
940 781 1055 820 grana
1075 769 1115 806 in
1136 781 1177 806 os
1198 769 1307 821 pueri
1326 768 1448 806 Midae
1468 768 1658 821 congesta,
1690 778 1754 806 aut

360 851 460 889 apes,
492 848 584 888 quas
614 833 741 872 dixisti
771 834 811 871 in
842 833 956 872 labris
978 833 1148 872 Platonis
1179 834 1383 872 consedisse
1411 835 1533 886 pueri,
1569 847 1645 872 non
1674 843 1755 871 tam

360 902 550 940 mirabilia
581 901 667 944 sint,
703 913 820 952 quam
854 900 1025 951 conjed'ta
1054 899 1180 938 belle:
1213 913 1297 952 quae
1318 909 1447 938 tamen
1468 900 1526 937 vel
1558 899 1636 952 ipsa
1665 898 1755 937 falsa

359 967 443 1012 effe,
465 967 526 1005 vel*
544 979 586 1004 ea
604 979 691 1017 quae
709 965 886 1018 praedista
914 965 1014 1010 sunt,
1044 964 1206 1003 fortuito
1237 966 1410 1004 cecidisse
1428 975 1650 1018 potuerunt.
1694 966 1756 1002 De

359 1033 441 1086 ipso
472 1032 612 1071 Roscio
646 1031 768 1084 potest
799 1030 897 1068 illud
928 1031 1087 1083 quidem
1121 1031 1191 1069 effe
1211 1031 1364 1076 falsum,
1399 1041 1442 1069 ut
1463 1031 1753 1083 circumligatus

358 1099 475 1138 fuerit
494 1099 609 1151 angui
626 1117 638 1143 3
669 1097 730 1135 sed
751 1106 794 1135 ut
813 1098 853 1135 in
873 1098 983 1136 cunis
1003 1097 1119 1136 fuerit
1139 1099 1287 1151 anguis,
1310 1112 1388 1136 non
1420 1107 1498 1135 tam
1520 1098 1572 1135 est
1592 1098 1753 1141 mirum,

359 1168 401 1202 in
433 1165 588 1203 Solonio
619 1163 839 1216 praesertim‚
871 1163 939 1201 ubi
969 1164 1015 1201 ad
1045 1162 1180 1201 focum
1211 1176 1351 1215 angues
1384 1163 1586 1201 nundinari
1618 1163 1754 1200 solent.

359 1231 466 1271 Nam
487 1230 595 1282 quod
612 1228 826 1281 haruspices
847 1229 1120 1281 responderint,
1140 1228 1239 1266 nihil
1260 1229 1328 1265 illo
1348 1229 1501 1272 clarius,
1520 1227 1619 1265 nihil
1641 1227 1755 1265 nobi-

360 1296 434 1334 lius
461 1295 543 1334 fore
558 1313 570 1340 ς
602 1295 736 1339 miror,
767 1295 871 1332 Deos
902 1294 1138 1332 immortales
1167 1293 1343 1332 histrioni
1377 1293 1509 1332 futuro
1543 1293 1755 1331 claritatem

359 1361 567 1406 ostendisse,
589 1361 736 1398 nullam
756 1359 950 1398 ostendisse
971 1359 1169 1398 Africano.

415 1430 546 1480 Atque
566 1427 682 1465 etiam
703 1441 723 1465 a
742 1436 779 1464 te
799 1427 1039 1465 Flaminiana
1068 1427 1213 1465 ostenta
1232 1427 1391 1465 coueffl
1412 1426 1512 1470 sunt,
1545 1426 1649 1478 quod
1678 1425 1756 1478 ipse

360 1503 399 1532 et
419 1507 538 1545 equus
558 1495 638 1545 ejus
659 1502 813 1545 repente
829 1493 1054 1532 conciderit.
1077 1494 1170 1532 Non
1191 1494 1274 1531 sane
1291 1493 1465 1532 mirabile
1486 1492 1560 1530 hoc
1580 1492 1754 1544 quidem.

363 1559 481 1611 de
511 1559 624 1596 evelli
655 1559 772 1611 primi
802 1558 935 1597 hastati
956 1560 1106 1612 signum
1128 1574 1204 1598 non
1225 1560 1392 1612 potuerit
1408 1579 1420 1604 5
1454 1558 1590 1597 timide
1609 1556 1758 1596 fortaffe

362 1623 515 1677 signifer
533 1624 731 1667 evellebat,
763 1624 867 1675 quod
887 1624 1046 1662 fidenter
1077 1625 1264 1662 infixerat.
1311 1625 1418 1662 Nam
1439 1623 1613 1673 Dionysii
1634 1635 1755 1673 equus

362 1690 458 1742 quid
477 1690 607 1728 attulit
626 1689 903 1733 admirationis,
927 1689 1029 1740 quod
1050 1690 1198 1727 emersit
1218 1703 1264 1727 ex
1284 1689 1459 1733 flumine,
1482 1688 1663 1740 quodque
1684 1686 1754 1724 ha·-

360 1756 447 1793 buit
466 1767 552 1808 apes
572 1755 612 1791 in
627 1754 724 1805 juba
741 1753 754 1789 ?
785 1754 856 1791 Sed
876 1754 966 1806 quia
987 1755 1090 1791 brevi
1113 1763 1283 1807 tempore
1304 1767 1456 1806 regnare
1476 1754 1622 1806 coepit,
1652 1752 1756 1805 quod

361 1821 549 1859 acciderat
567 1819 668 1864 casu,
690 1821 769 1857 vim
791 1818 927 1857 habuit
946 1818 1097 1857 ostenti.

419 1888 473 1924 At
494 1885 794 1924 Lacedaemoniis
814 1885 854 1921 in
875 1884 1059 1922 Herculis
1079 1883 1169 1922 fano
1189 1897 1292 1921 arma
1311 1884 1516 1921 sonuerunt
1531 1902 1543 1927 3
1565 1883 1756 1935 ejusdem-

361 1965 437 2004 que
458 1952 534 1990 Dei
550 1950 701 1989 Thebis
720 1951 837 1989 valvae
856 1950 1002 1996 clausae,
1023 1950 1150 1989 subito
1171 1950 1206 1988 se
1225 1958 1452 2003 aperuerunt
1468 1968 1479 1994 ς
1501 1963 1620 2002 eaque
1637 1949 1755 1993 scuta,

363 2031 448 2070 quae
468 2017 618 2055 fuerant
637 2016 802 2055 sublime
823 2017 911 2061 fixa,
945 2015 1032 2054 sunt
1051 2016 1163 2055 humi
1184 2017 1349 2054 inventa.
1382 2017 1538 2054 Horum
1559 2029 1651 2053 cum
1676 2015 1757 2053 fieri

361 2082 461 2122 nihil
481 2083 650 2136 potuerit
668 2083 744 2121 fine
763 2083 894 2135 aliquo
914 2092 1040 2127 motu,
1068 2082 1162 2135 quid
1192 2082 1245 2120 est
1265 2095 1332 2119 cur
1352 2082 1535 2119 divinitus
1556 2095 1597 2119 ea
1613 2081 1756 2134 potius,

362 2163 479 2202 quam
500 2149 598 2194 casu,
620 2148 718 2187 fasta
735 2149 805 2187 effe
825 2149 997 2187 dicamus
1016 2149 1029 2185 ?

417 2216 589 2254 XXXII.
621 2217 676 2253 At
695 2216 736 2253 in
756 2215 941 2266 Lysandri
969 2215 1095 2252 statuas
1125 2214 1248 2266 capite
1270 2212 1434 2265 Delphis
1461 2213 1589 2250 extitit
1618 2225 1756 2250 corona

362 2293 408 2319 ex
427 2280 563 2333 asperis
583 2279 727 2325 herbis,
755 2289 792 2318 et
813 2280 970 2332 quidem
992 2279 1127 2317 subita.
1170 2279 1276 2316 Itane
1296 2278 1438 2323 censes,
1469 2287 1555 2315 ante
1574 2291 1756 2315 coronam

363 2344 488 2385 herbae
517 2346 693 2391 extitisse,
727 2359 846 2399 quam
880 2355 1112 2399 conceptum
1143 2344 1214 2383 effe
1241 2345 1400 2382 semen?
1432 2343 1607 2382 Herbam
1627 2353 1755 2381 autem

364 2410 542 2462 asperam,
572 2413 699 2458 credo,
729 2413 860 2451 avium
878 2412 1074 2464 congestu,
1105 2424 1182 2449 non
1208 2410 1379 2448 humano
1399 2409 1491 2447 satu.
1534 2410 1622 2460 Jam
1643 2409 1755 2461 quic-

365 2474 462 2527 quid
496 2475 536 2512 in
568 2479 691 2529 capite
724 2478 789 2523 est,
826 2478 863 2516 id
885 2490 1033 2516 coronae
1054 2476 1176 2514 simile
1195 2476 1313 2514 videri
1344 2475 1479 2528 potest.
1526 2475 1631 2512 Nam
1652 2473 1755 2524 quod

363 2540 500 2580 eodem
537 2549 709 2593 tempore
745 2544 868 2582 stellas
907 2556 1032 2582 aureas
1071 2542 1235 2581 Castoris
1287 2550 1324 2579 et
1365 2540 1548 2585 Pollucis,
1591 2537 1754 2589 Delphis
