2223 3003
850 265 954 302 DE
1040 265 1288 303 FATO.
1694 279 1765 318 113

428 364 708 416 Qamobrem,
740 362 807 415 qui
840 363 891 401 ita
912 363 1035 402 fatum
1058 364 1325 408 introducunt,
1357 372 1400 402 ut
1420 363 1676 402 neceffitatem
1699 364 1766 401 ad-

365 429 546 482 jungant,
577 430 617 467 in
637 442 699 467 eos
732 429 873 466 valebit
903 429 969 466 illa
988 430 1194 468 conclusio.
1241 430 1323 481 Qi
1354 439 1482 468 autem
1513 429 1638 468 causas
1659 438 1766 467 ante-

371 496 547 533 cedentes
580 508 656 533 non
687 494 816 531 dicent
847 492 1045 544 perfectas,
1077 507 1201 545 neque
1231 495 1474 546 principales,
1507 496 1547 532 in
1577 508 1640 532 eos
1667 494 1767 532 nihil

371 560 526 598 valebit.
572 558 690 609 Qod
709 558 813 595 enim
840 557 1015 595 dicantur
1046 558 1264 596 affenfiones
1296 558 1378 596 fieri
1397 561 1513 597 causis
1535 561 1766 612 antepositis,

369 625 412 663 id
445 624 555 676 quale
574 624 631 667 fit,
662 622 774 659 facile
798 635 819 659 a
838 621 873 659 se
899 622 1082 674 explicari
1102 632 1253 674 putant.
1313 623 1434 668 Nam,
1466 638 1688 676 quanquam
1710 625 1766 663 as-

370 689 486 727 senfio
518 701 596 726 non
625 687 736 740 poffit
755 686 837 724 fieri
869 687 937 724 nifi
957 696 1155 725 commota
1180 687 1272 732 viso,
1303 696 1432 726 tamen
1464 702 1556 726 cum
1584 690 1623 726 id
1644 690 1766 728 visum

366 755 586 807 proximam
619 752 768 791 causam
799 751 948 798 habeat,
978 766 1055 791 non
1086 752 1354 806 prinpralem,
1386 752 1483 791 hanc
1514 752 1630 792 habet
1650 756 1765 793 ratio—

369 834 461 859 nem
483 821 544 872 (ut
562 819 797 872 Chrysippus
814 819 919 871 vult)
930 832 1048 871 quam
1064 818 1213 857 dudum
1233 819 1418 864 diximus,
1437 833 1514 858 non
1536 828 1578 857 ut
1593 820 1659 857 illa
1676 823 1766 872 qui-

368 886 458 924 dem
477 885 560 923 fieri
579 885 691 939 poffit
712 884 820 923 nulla
848 885 886 922 vi
905 885 1136 923 extrinsecus
1169 886 1346 930 excitata,
1379 885 1550 937 (neceffe
1579 886 1631 923 est
1661 887 1767 924 enim

367 950 610 990 affenfionem
643 951 721 990 viso
752 952 1022 1003 commoveri)
1065 951 1128 989 sed
1157 951 1357 989 revertitur
1391 951 1437 989 ad
1464 951 1698 1002 cylindrum,
1729 962 1768 990 et

364 1017 415 1054 ad
434 1017 631 1056 turbinem
652 1017 777 1062 suum,
798 1031 883 1070 quae
903 1017 1049 1055 moveri
1069 1017 1251 1070 incipere,
1273 1017 1342 1055 nis1
1358 1017 1477 1069 pulsa,
1499 1030 1578 1054 non
1598 1017 1764 1069 poffunt.

365 1083 414 1121 Id
433 1093 561 1121 autem
582 1097 674 1125 cum
695 1083 849 1128 accidit,
868 1083 995 1136 suapte
1016 1093 1160 1129 natura,
1175 1083 1279 1136 quod
1299 1083 1476 1136 superest,
1490 1091 1528 1121 et
1545 1083 1766 1134 cylindrum

365 1149 484 1194 volvi,
505 1158 542 1187 et
563 1149 696 1188 versari
719 1149 914 1189 turbinem
932 1158 1054 1203 putat.

421 1216 534 1254 XIX.
582 1217 638 1254 Ut
664 1216 796 1268 igitur,
830 1216 973 1268 inquit,
1005 1216 1071 1268 qui
1111 1216 1291 1269 protrufit
1327 1216 1561 1268 cylindrum,
1593 1217 1698 1255 dedit
1731 1217 1767 1256 ei

360 1282 602 1335 principium
623 1282 821 1327 motionis,
851 1282 1135 1320 volubilitatem
1156 1292 1286 1321 autem
1308 1296 1386 1321 non
1406 1283 1511 1321 dedit
1523 1302 1535 1328 3
1572 1283 1622 1321 fic
1642 1283 1766 1322 visum

361 1348 563 1401 objectum
597 1348 799 1401 imprimet
832 1347 931 1386 illud
961 1349 1136 1401 quidem,
1167 1358 1205 1386 et
1239 1349 1342 1401 quasi
1369 1349 1532 1401 fignabit
1565 1349 1605 1387 in
1636 1350 1767 1388 animo

364 1413 472 1452 suam
493 1415 656 1467 speciem
669 1433 681 1460 3
704 1415 766 1453 sed
785 1414 936 1454 affenfio
956 1415 1080 1453 nostra
1099 1415 1170 1453 erit
1190 1415 1230 1453 in
1249 1415 1431 1468 potestate
1443 1433 1455 1460 3
1479 1429 1610 1467 eaque,
1624 1429 1765 1467 quem-

365 1479 579 1518 admodum
609 1481 651 1518 in
677 1481 851 1532 cylindro
880 1481 1028 1519 dictum
1059 1481 1124 1526 est,
1156 1481 1388 1520 extrinsecus
1408 1480 1527 1534 pulsa,
1550 1481 1654 1533 quod
1674 1481 1765 1519 reli-

363 1557 492 1596 quum
512 1546 578 1590 est,
600 1545 727 1599 suapte
748 1547 787 1585 vi
805 1556 843 1585 et
863 1555 994 1585 natura
1015 1547 1247 1585 movebitur.
1281 1546 1398 1599 Qod
1414 1547 1440 1584 fi
1456 1547 1583 1598 aliqua
1603 1560 1659 1585 res
1679 1547 1765 1585 effi-

366 1620 517 1649 ceretur
537 1612 612 1649 fine
629 1611 737 1650 causa
755 1612 1015 1657 antecedente,
1037 1612 1175 1650 falsum
1194 1611 1283 1649 effet
1303 1612 1435 1649 omnia
1454 1611 1533 1648 fato
1557 1611 1652 1649 fieri.
1699 1612 1766 1649 Sin

365 1676 563 1721 omnibus,
596 1690 835 1729 quaecunque
854 1676 983 1721 'fiunt‚
1017 1676 1220 1715 verifimile
1252 1675 1304 1714 est
1337 1675 1486 1714 causam
1518 1675 1762 1721 antecedere3

365 1741 463 1793 quid
483 1741 606 1779 afferri
626 1743 780 1794 poterit,
802 1756 870 1780 cur
890 1756 966 1781 non
987 1743 1118 1781 omnia
1137 1742 1215 1780 fato
1235 1741 1317 1779 fieri
1337 1741 1537 1780 fatendum
1558 1743 1625 1788 fit3
1648 1742 1766 1781 modo

363 1807 615 1860 intelligatur,
638 1821 722 1860 quae
743 1807 787 1846 s1t
806 1807 1002 1846 causarum
1023 1807 1214 1846 distinctio
1234 1820 1276 1844 ac
1297 1806 1564 1846 diffimilitudo
1585 1809 1597 1845 ?

420 1874 518 1912 Haec
549 1886 642 1911 cum
671 1874 723 1911 ita
753 1874 826 1911 fint
857 1886 877 1910 a
898 1871 1113 1926 Chrysippo
1133 1873 1335 1926 explicata,
1366 1873 1392 1910 fi
1427 1873 1500 1918 illi,
1535 1873 1604 1925 qui
1624 1883 1765 1926 negant

362 1939 582 1978 affenfiones
603 1938 683 1978 fato
702 1938 798 1984 fieri,
828 1938 1019 1978 fateantur
1051 1949 1180 1978 tamen
1214 1952 1273 1978 eas
1305 1938 1379 1977 fine
1409 1938 1488 1977 viso
1519 1939 1765 1977 antecedente

365 2004 473 2050 fieri3
504 2005 576 2043 alia
595 2006 690 2043 ratio
719 2005 784 2043 est.
845 2005 917 2044 Sed
947 2005 973 2043 fi
994 2005 1212 2044 concedunt
1242 2006 1382 2043 anteire
1414 2004 1502 2050 visa,
1533 2018 1604 2042 nec
1636 2014 1762 2043 tamen

364 2069 446 2108 fato
465 2070 547 2109 fieri
566 2071 800 2117 affenfiones,
831 2070 937 2124 quod
967 2071 1144 2124 proxima
1163 2070 1228 2109 illa
1257 2081 1294 2109 et
1315 2071 1515 2109 continens
1547 2070 1655 2109 causa
1685 2085 1762 2108 non

365 2147 516 2176 moveat
535 2137 778 2176 affenfionem
795 2156 806 2182 3
838 2138 937 2183 vide,
960 2151 1006 2175 ne
1027 2138 1131 2175 idem
1150 2138 1292 2175 dicant.
1336 2138 1475 2189 Neque
1506 2138 1611 2175 enim
1634 2136 1763 2188 Chry-

362 2203 506 2257 sippus,
537 2196 749 2242 concedens
775 2202 988 2241 affenfionis
1015 2203 1234 2255 proximam
1260 2214 1297 2240 ct
1319 2203 1583 2241 continentem
1614 2203 1763 2241 causam

363 2269 434 2308 esse
464 2271 503 2308 in
539 2269 615 2308 viso
649 2270 825 2323 politam,
857 2283 941 2308 eam
962 2269 1112 2307 causam
1142 2269 1188 2307 ad
1219 2268 1497 2307 ass‘entiendum
1524 2269 1763 2307 necessariam

363 2336 434 2374 effe
452 2337 651 2382 concedet,
683 2346 739 2382 ut,
771 2336 795 2374 fi
830 2337 960 2374 omnia
990 2334 1069 2373 fato
1095 2335 1201 2380 fiant,
1233 2336 1364 2373 omnia
1385 2335 1477 2373 fiant
1508 2335 1625 2373 causis
1656 2345 1762 2373 ante-

366 2402 588 2442 cedentibus
609 2414 646 2442 et
673 2402 908 2441 necessariis:
941 2403 1114 2455 itemque
1144 2403 1216 2448 illi,
1253 2403 1320 2455 qui
1351 2403 1398 2440 ab
1430 2401 1504 2440 hoc
1525 2401 1761 2446 dissentiunt,

367 2467 591 2507 confitentes
612 2483 690 2508 non
711 2469 792 2508 fieri
811 2469 1029 2507 affenfiones
1055 2469 1131 2506 fine
1147 2469 1393 2521 praecurlione
1416 2469 1596 2512 visorum,
1619 2468 1761 2510 dicent,

366 2531 393 2570 fi
414 2533 545 2570 omnia
573 2532 651 2572 fato
677 2534 809 2574 fierent
839 2534 1040 2587 ejusmodi,
1071 2544 1114 2573 ut
1139 2533 1238 2573 nihil
1264 2534 1384 2579 ficret,
1418 2534 1484 2572 nifi
1506 2532 1763 2586 praegreliione

475 2598 513 2636 T
531 2611 555 2637 o
574 2610 625 2637 M.
658 2599 731 2638 111.
1433 2601 1462 2637 P
