2223 3003
735 193 1012 232 LIBER
1070 192 1430 231 PRIMUS.
1728 208 1772 244 41

386 292 597 331 habemus:
629 305 799 344 cumque
818 293 948 330 omnia
969 292 1161 344 completa
1191 301 1229 330 et
1259 291 1393 331 referta
1418 291 1489 329 fint
1515 300 1654 329 aeterno
1675 291 1780 329 sensu

387 368 424 396 et
443 368 573 397 mente
591 358 730 402 divina,
752 358 894 395 neceffe
914 358 966 396 est
978 359 1205 410 cognatione
1223 358 1443 396 divinorum
1459 358 1676 395 animorum
1696 357 1778 395 ani-

387 437 472 462 mos
494 423 682 461 humanos
713 424 964 460 commoveri.
1008 423 1079 460 Sed
1100 423 1299 474 vigilantes
1326 423 1445 467 animi
1476 424 1562 460 vitae
1584 421 1778 460 neceffita-

388 490 492 528 tibus
512 490 690 532 serviunt,
713 488 1015 538 disjunguntque
1035 487 1070 523 se
1088 501 1108 523 a
1128 487 1301 525 societate
1322 489 1461 532 divina,
1484 489 1621 526 vinclis
1641 501 1779 540 corpo-

390 555 438 591 ris
459 553 648 605 impediti.
682 552 831 588 Rarum
850 551 903 588 est
922 550 1118 601 quoddam
1136 564 1258 602 genus
1278 565 1426 595 eorum,
1448 554 1516 603 qui
1537 554 1571 590 se
1587 567 1607 590 a
1625 566 1781 605 corpore

388 627 558 662 avocent,
591 627 628 654 et
658 617 704 654 ad
724 616 940 653 divinarum
962 629 1090 654 rerum
1109 616 1374 668 cognitionem
1394 630 1484 654 cura
1508 618 1617 655 omni
1637 618 1781 656 studio-

387 697 463 736 que
492 684 698 736 rapiantur.
750 682 907 719 Horum
938 681 1025 719 sunt
1055 682 1210 734 auguria
1243 695 1319 719 non
1352 681 1472 719 divini
1503 681 1686 735 impetus,
1721 683 1782 720 sed

387 749 542 786 rationis
563 747 764 791 humanae3
788 760 877 784 nam
897 756 935 784 et
955 746 1089 784 natura
1107 745 1236 785 futura
1256 746 1512 799 praesentiunt,
1534 757 1577 785 ut
1596 760 1781 798 aquarum

388 814 575 852 fluxiones
607 822 645 850 et
675 811 987 863 deflagrationem
1006 811 1178 850 futuram
1211 812 1415 864 aliquando
1446 812 1529 850 caeli
1560 821 1674 864 atque
1705 822 1781 850 ter-

389 893 529 917 rarum.
582 879 664 916 Alii
695 887 824 915 autem
854 879 894 915 in
929 878 1125 930 republica
1154 879 1364 923 exercitati,
1402 888 1444 916 ut
1477 879 1524 916 de
1558 877 1783 916 Atheniensi

388 945 525 983 Solone
544 944 778 996 accepimus,
798 944 987 981 orientem
1008 944 1245 995 tyrannidem
1269 945 1396 982 multo
1416 953 1501 982 ante
1516 943 1752 997 prospiciunt
1768 962 1780 987 ς

387 1025 484 1063 quos
519 1011 723 1064 prudentes
758 1009 952 1062 poffumus
986 1011 1124 1056 dicere,
1161 1010 1200 1048 id
1231 1010 1296 1055 est,
1325 1011 1592 1063 providentes;
1632 1010 1782 1048 divinos

388 1078 497 1115 nullo
517 1077 634 1115 modo
654 1076 849 1129 possumus
865 1094 877 1122 ;
909 1091 987 1115 non
1006 1077 1108 1130 plus,
1140 1091 1258 1129 quam
1279 1077 1481 1116 Milefium
1500 1076 1683 1121 Thalem,
1716 1077 1783 1129 qui

387 1152 431 1181 ut
450 1143 709 1194 objurgatores
744 1142 828 1180 suos
864 1143 1119 1188 convinceret,
1150 1142 1439 1195 ostenderetque
1468 1143 1584 1180 etiam
1611 1142 1783 1196 philoso-

386 1208 527 1262 phum,
559 1209 585 1246 s1
606 1208 640 1245 ei
666 1208 922 1245 commodum
953 1207 1055 1252 esset,
1088 1208 1292 1260 pecuniam
1322 1207 1445 1246 facere
1474 1208 1590 1260 poffe,
1625 1221 1785 1247 omnem

387 1275 526 1320 oleam,
548 1283 753 1326 antequam
773 1273 904 1312 florere
921 1273 1104 1326 coepiffet‚
1126 1273 1166 1311 in
1187 1286 1275 1326 agro
1304 1273 1458 1312 Milefio
1487 1273 1664 1311 coemiffe
1684 1273 1783 1311 dici-

386 1350 464 1379 tur.
496 1340 828 1379 Animadverterat
848 1339 997 1378 fortaffe
1029 1339 1195 1392 quadam
1228 1339 1397 1384 scientia,
1427 1339 1599 1377 olearum
1630 1339 1783 1376 uberta-

387 1415 468 1445 tem
488 1406 583 1445 fore.
615 1407 668 1445 Et
687 1406 848 1459 quidem
866 1406 969 1445 idem
991 1407 1139 1459 primus
1160 1405 1415 1444 defectionem
1435 1405 1536 1450 solis,
1564 1419 1648 1458 quae
1668 1405 1783 1456 Asty-

388 1486 457 1525 age
477 1482 656 1524 regnante
676 1472 773 1511 faeta
790 1473 858 1518 est,
880 1472 1090 1525 praedixiffe
1110 1471 1243 1512 fertur.

443 1539 492 1576 L.
525 1537 656 1575 Multa
676 1538 832 1583 medici,
864 1539 988 1576 multa
1006 1538 1291 1590 gubernatores,
1323 1537 1497 1591 agricolae
1527 1537 1645 1576 etiam
1662 1537 1786 1575 multa

388 1603 656 1656 praesentiunt,
687 1603 749 1640 sed
782 1603 931 1641 nullam
964 1616 1099 1641 eorum
1132 1604 1409 1641 divinationem
1443 1616 1539 1641 voco
1557 1618 1565 1641 :
1598 1616 1646 1640 ne
1675 1603 1784 1640 illam

389 1670 562 1721 quidem,
581 1682 656 1720 qua
674 1668 721 1706 ab
737 1668 1028 1706 Anaximandro
1047 1667 1202 1720 physico
1223 1669 1363 1706 moniti
1379 1667 1661 1707 Lacedaemonii
1682 1667 1782 1712 sunt,

390 1743 433 1772 ut
453 1734 589 1771 urbem
609 1741 646 1770 et
662 1734 758 1770 tecta
771 1732 1005 1784 linquerent,
1024 1734 1237 1785 armatique
1256 1734 1296 1771 in
1316 1747 1406 1785 agro
1421 1733 1666 1777 excubarent,
1681 1733 1786 1785 quod

389 1809 495 1838 terrae
516 1808 644 1837 motus
665 1797 832 1842 instaret,
854 1806 955 1842 tum,
976 1811 1068 1835 cum
1088 1807 1126 1836 et
1143 1798 1232 1836 urbs
1254 1807 1333 1836 tota
1351 1799 1508 1843 corruit,
1529 1807 1566 1835 et
1586 1811 1632 1836 ex
1653 1807 1786 1837 monte

389 1867 565 1918 Taygeto
584 1873 752 1902 extrema
771 1863 915 1901 montis
935 1863 1037 1915 quasi
1057 1864 1197 1917 puppis
1214 1863 1338 1901 avulsa
1357 1863 1423 1902 est.
1465 1864 1530 1902 Ne
1550 1862 1785 1915 Pherecydes

388 1931 563 1984 quidem,
581 1930 645 1968 ille
659 1928 883 1982 Pythagorae
898 1929 1088 1982 magister,
1110 1929 1238 1983 potius
1259 1929 1412 1968 divinus
1432 1928 1650 1974 habebitur,
1667 1943 1786 1982 quam

389 1996 568 2050 phyficus
580 2015 592 2041 ς
625 1995 707 2048 qui,
728 2008 821 2034 cum
841 1994 988 2034 vidiffet
1005 1993 1179 2034 haustam
1199 2009 1338 2049 aquam
1358 1995 1504 2049 dejugi
1524 2004 1655 2049 puteo,
1679 2003 1786 2034 terrae

389 2072 520 2102 motus
541 2063 639 2101 dixit
658 2061 806 2101 instare.

444 2129 533 2167 Nec
558 2142 648 2167 vero
682 2141 854 2181 unquam
886 2128 1038 2167 animus
1070 2127 1240 2167 hominis
1272 2129 1492 2167 naturaliter
1524 2129 1683 2173 divinat,
1715 2127 1784 2166 nisi

391 2208 483 2233 cum
504 2195 557 2233 ita
581 2195 726 2233 solutus
746 2194 798 2232 est
817 2203 856 2234 et
875 2207 1030 2239 vacuus,
1052 2203 1095 2233 ut
1120 2194 1155 2231 ei
1174 2194 1286 2247 plane
1306 2193 1404 2233 nihil
1426 2195 1471 2233 sit
1489 2208 1582 2233 cum
1599 2206 1783 2246 corpore:

390 2261 496 2315 quod
516 2270 580 2299 aut
600 2261 748 2299 vatibus
768 2261 973 2314 contingit,
994 2270 1059 2299 aut
1079 2261 1374 2300 dormientibus.
1407 2262 1540 2314 Itaque
1558 2274 1601 2299 ea
1620 2260 1698 2299 duo
1716 2273 1785 2313 ge-

392 2342 481 2366 nera
511 2342 532 2366 a
550 2327 776 2366 Dicaearcho
796 2328 1021 2381 probantur,
1056 2337 1108 2373 et,
1145 2337 1187 2366 ut
1206 2328 1300 2373 dixi,
1328 2342 1348 2366 a
1369 2328 1554 2381 Cratippo
1574 2327 1726 2366 nostro:
1759 2326 1785 2365 fi

394 2402 590 2446 propterea
622 2394 728 2447 quod
756 2408 798 2432 ea
829 2393 1123 2447 proficiscuntur
1155 2408 1176 2432 a
1205 2403 1336 2432 natura
1351 2412 1362 2439 3
1402 2394 1474 2432 fint
1507 2393 1656 2432 summa
1686 2393 1783 2436 sane,

393 2459 512 2496 modo
530 2473 576 2497 ne
596 2460 696 2499 sola:
719 2461 772 2500 fin
793 2470 922 2501 autem
938 2459 1038 2500 nihil
1054 2459 1125 2500 esse
1145 2461 1185 2500 in
1205 2459 1462 2500 observatione
1481 2469 1617 2513 putant
1629 2478 1641 2506 5
1664 2459 1787 2499 mult·

497 2524 535 2563 T
550 2537 573 2562 o
590 2537 641 2564 M.
673 2527 747 2567 ΙΙΙ.
1452 2527 1485 2564 F
