2223 3003
432 228 506 268 106
907 227 1010 266 DE
1097 229 1352 269 FATO.

425 329 688 368 immutabilia
708 327 792 372 effe,
814 341 898 379 quae
918 326 1049 364 futura
1068 327 1154 372 fint,
1177 339 1247 365 nec
1269 326 1370 380 pofl‘e
1386 340 1521 367 verum
1540 327 1720 370 futurum
1735 345 1834 372 con..

424 398 522 434 verti
553 397 592 433 in
614 395 768 438 falsum,
790 393 860 431 fati
881 393 1141 432 neceffitatem
1161 393 1410 439 confirmant,
1439 395 1502 433 sed
1521 395 1730 436 verborum
1749 399 1834 439 vim

424 463 737 515 interpretantur.
770 463 839 506 At,
872 461 941 514 qui
961 462 1216 501 introducunt
1246 462 1446 501 causarum
1464 463 1597 502 seriem
1628 464 1833 518 sempiter-

423 542 527 573 nam,
550 529 578 566 ii
600 538 774 568 mentem
806 527 978 568 hominis
1005 529 1202 569 voluntate
1234 529 1353 569 libera
1373 529 1588 584 spoliatam,
1616 531 1836 572 neceffitate

421 594 491 634 fati
511 595 753 636 devinciunt.

476 663 529 702 X.
562 663 635 702 Sed
653 662 736 702 haec
755 661 954 704 haetenus.
986 664 1076 703 Alia
1095 664 1307 704 videamus.
1340 664 1554 704 Concludit
1571 665 1679 704 enim
1700 663 1833 718 Chry-

421 729 548 784 fippus
569 730 645 771 hoc
666 732 800 777 modo,
831 731 869 770 Si
889 732 942 770 est
962 741 1093 770 motus
1114 732 1190 771 fine
1209 731 1331 777 causa,
1353 744 1432 770 non
1451 731 1580 770 omnis
1601 733 1833 778 enuntiatio,

420 797 527 850 quod
545 795 684 847 ἀξίωμα
703 797 892 836 dialectici
907 798 1115 852 appellant,
1146 807 1211 837 aut
1231 811 1330 844 vera,
1360 807 1426 837 aut
1445 797 1536 837 falsa
1550 798 1624 837 erit
1638 817 1650 844 ς
1686 799 1832 850 (causas

420 865 528 904 enim
560 866 770 905 efficientes
804 865 910 919 quod
934 878 1012 904 non
1042 863 1218 911 habebit,
1248 865 1289 904 id
1323 878 1394 904 nee
1419 879 1568 911 verum,
1599 879 1671 904 nec
1690 864 1833 905 falsum

419 933 493 972 erit
507 935 540 987 ς)
563 935 691 975 omnis
711 943 840 973 autem
860 933 1075 973 enuntiatio
1094 943 1160 974 aut
1180 946 1266 973 vera
1290 942 1357 972 aut
1375 933 1467 975 falsa
1485 933 1566 977 est;
1588 946 1720 976 motus
1739 951 1832 991 ergo

420 1001 497 1040 fine
517 1001 625 1041 causa
644 1001 774 1040 nullus
794 1001 861 1040 est.
908 1001 1028 1053 Qod
1047 1001 1074 1040 fi
1105 1002 1158 1040 ita
1177 1001 1244 1047 est,
1277 1002 1423 1047 omnia,
1456 1017 1541 1056 quae
1560 1003 1677 1049 fiunt,
1710 1004 1831 1043 caufis

418 1067 519 1107 fiunt
538 1068 769 1122 antegreffis.
802 1068 848 1108 Id
868 1067 894 1107 fi
914 1069 968 1106 ita
987 1068 1054 1114 est,
1084 1069 1218 1107 omnia
1236 1067 1317 1107 fato
1336 1068 1450 1109 fiunt.
1493 1070 1677 1109 Efficitur
1694 1071 1829 1125 igitur,

417 1135 498 1175 fato
518 1136 615 1184 fieri,
636 1149 879 1190 quaecunque
898 1135 1007 1175 fiant.

473 1204 556 1242 Hic
587 1203 764 1256 primum
783 1203 810 1241 fi
837 1201 937 1241 mihi
963 1202 1082 1240 libeat
1107 1201 1273 1240 assentiri
1293 1202 1481 1255 Epicuro,
1513 1211 1552 1241 et
1582 1217 1720 1256 negare
1739 1217 1831 1243 om-

418 1283 511 1310 nem
543 1270 851 1308 enuntiationem
886 1278 952 1307 aut
989 1282 1118 1307 veram
1152 1267 1237 1315 effe,
1268 1279 1333 1308 aut
1353 1267 1486 1308 falsam
1503 1288 1515 1316 ς
1555 1283 1641 1308 eam
1674 1270 1831 1324 plagam

416 1337 546 1391 potius
567 1337 771 1391 accipiam,
803 1349 920 1389 quam
941 1334 1022 1375 fato
1041 1336 1173 1374 omnia
1192 1335 1275 1375 fieri
1296 1337 1564 1390 comprobem.
1616 1336 1687 1376 Illa
1721 1338 1830 1377 enim

416 1405 602 1443 sententia
633 1403 780 1457 aliquid
811 1402 928 1442 habet
960 1403 1242 1456 disputationis,
1273 1402 1356 1442 haec
1382 1417 1471 1442 vero
1491 1417 1569 1442 non
1604 1403 1656 1442 est
1687 1404 1828 1442 tolera-

416 1472 521 1511 bilis.
553 1473 689 1525 Itaque
709 1470 910 1510 contendit
939 1483 1074 1509 omnes
1096 1483 1231 1510 nervos
1252 1469 1505 1523 Chrysippus,
1533 1479 1576 1508 ut
1595 1469 1829 1523 persuadeat,

415 1552 534 1578 omne
564 1534 702 1586 ἀξίωμα
731 1545 797 1576 aut
824 1550 958 1576 verum
991 1536 1076 1582 effe,
1107 1545 1173 1575 aut
1205 1536 1361 1576 falsum.
1413 1537 1470 1575 Ut
1495 1537 1601 1574 enim
1634 1536 1828 1590 Epicurus

414 1615 578 1651 veretur,
609 1618 671 1651 ne,
692 1604 720 1643 fi
739 1603 816 1643 hoc
836 1603 1073 1649 concesserit,
1104 1603 1401 1642 concedendum
1422 1604 1480 1650 fit,
1501 1602 1582 1642 fato
1599 1602 1697 1649 fieri,
1717 1619 1828 1658 quae-

413 1685 587 1726 cumque
606 1670 701 1710 fiant
713 1689 726 1717 3
760 1671 805 1724 (fi
825 1670 930 1709 enim
963 1670 1193 1709 alterutrum
1213 1683 1260 1709 ex
1289 1670 1499 1709 aeternitate
1520 1684 1653 1708 verum
1674 1671 1733 1716 fit,
1755 1670 1830 1709 effe

413 1739 455 1778 id
474 1739 592 1778 etiam
623 1747 802 1783 certum3
834 1746 886 1783 et,
919 1737 944 1775 fi
966 1746 1131 1782 certum,
1162 1737 1278 1775 etiam
1305 1735 1580 1774 neceffarium:
1613 1735 1666 1773 ita
1696 1745 1734 1774 et
1755 1749 1826 1774 ne-

413 1806 638 1850 ceffitatem,
669 1813 707 1843 et
726 1803 850 1842 fatum
872 1802 1093 1841 confirmari
1109 1804 1237 1856 putat)
1258 1803 1307 1841 fic
1324 1800 1562 1855 Chrysippus
1584 1802 1739 1847 metuit,
1761 1816 1824 1848 ne,

414 1873 440 1910 fi
463 1885 540 1910 non
560 1871 787 1913 obtinuerit,
823 1883 955 1914 omne,
986 1869 1092 1921 quod
1113 1870 1349 1913 enuntietur,
1386 1879 1450 1906 aut
1482 1883 1615 1907 verum
1642 1869 1727 1913 effe,
1759 1880 1826 1908 aut

413 1939 553 1978 falsum
571 1957 582 1984 ς
615 1951 692 1977 non
715 1946 853 1982 teneat,
875 1936 1008 1975 omnia
1027 1935 1106 1975 fato
1127 1935 1223 1981 fieri,
1255 1946 1292 1974 et
1318 1949 1364 1974 ex
1385 1935 1503 1974 causls
1525 1935 1672 1974 aeternis
1696 1949 1824 1974 rerum

414 2005 648 2045 futurarum.

475 2073 546 2112 Sed
568 2072 762 2126 Epicurus
783 2070 1041 2109 declinatione
1068 2069 1187 2109 atomi
1216 2069 1327 2108 vitari
1357 2068 1425 2108 fati
1459 2070 1714 2109 necessitatem
1747 2085 1823 2124 pu-

413 2148 480 2178 tat.
515 2139 648 2192 Itaque
670 2137 802 2176 tertius
823 2136 983 2190 quidam
1006 2147 1135 2175 motus
1155 2137 1278 2175 oritur
1297 2146 1403 2175 extra
1422 2136 1574 2190 pondus
1593 2147 1630 2174 et
1653 2137 1821 2190 plagam,

411 2219 504 2244 cum
535 2206 702 2244 declinat
736 2214 889 2243 atomus
920 2204 1122 2242 intervallo
1157 2203 1339 2242 minimo.
1384 2204 1427 2242 Id
1463 2203 1627 2258 appellat
1652 2210 1820 2247 ελκχιςτν.

412 2274 544 2325 Qum
565 2271 865 2310 declinationem
902 2270 977 2309 fine
1008 2271 1116 2309 causa
1148 2270 1228 2309 fieri
1256 2270 1281 2309 fi
1313 2271 1442 2309 minus
1475 2271 1613 2315 verbis,
1647 2283 1684 2308 re
1709 2270 1820 2321 cogi-

411 2349 475 2378 tur
494 2339 669 2378 confiteri
689 2354 698 2377 :
731 2352 807 2377 non
829 2338 934 2376 enim
955 2347 1105 2377 atomus
1133 2338 1181 2377 ab
1210 2348 1341 2377 atomo
1361 2337 1467 2391 pulsa
1501 2337 1666 2376 declinat
1687 2352 1695 2374 t
1730 2350 1821 2375 naun

409 2407 479 2459 qui
501 2406 620 2459 potest
642 2405 734 2458 pelli
766 2404 837 2442 alia
866 2405 913 2443 ab
944 2404 1027 2449 alia,
1061 2405 1085 2443 si
1106 2406 1290 2459 gravitate
1325 2403 1501 2442 feruntur
1535 2403 1579 2442 ad
1614 2403 1820 2456 perpendi-

410 2473 546 2512 culum
567 2486 726 2526 corpora
756 2471 969 2517 individua,
1002 2472 1110 2510 rectis
1139 2472 1263 2517 lincis,
1296 2481 1339 2510 ut
1370 2472 1542 2525 Epicuro
1564 2471 1718 2524 placet?
1751 2473 1819 2508 Se-

409 2541 543 2593 quitur
563 2540 685 2585 enirn,
718 2548 774 2585 ut,
807 2539 832 2577 si
853 2538 923 2577 alia
944 2539 992 2576 ab
1014 2539 1085 2576 alia
1106 2553 1306 2591 nunquam
1328 2539 1555 2592 depellatur,
1593 2551 1638 2575 ne
1660 2537 1820 2575 contin-

409 2616 472 2661 gat
493 2607 652 2661 quidem
687 2606 760 2645 alia
791 2606 905 2645 aliam
929 2621 938 2646 2
970 2620 1016 2645 cx
1039 2620 1118 2659 quo
1138 2606 1318 2651 eflicitur,
1352 2615 1393 2644 ut
1418 2606 1501 2658 jam
1534 2604 1559 2644 li
1586 2604 1628 2643 fit
1649 2613 1815 2647 atomus,
