2223 3003
689 259 963 301 LIBER
1020 259 1517 299 SECUNDUS.
1752 261 1802 315 85

469 358 580 398 LIII.
611 358 725 403 Vide,
755 359 892 411 quaes0,
930 359 1112 411 Cratippe
1131 359 1267 404 noster,
1302 372 1420 411 quam
1451 359 1523 397 fint
1553 359 1620 398 ista
1638 359 1774 398 similia
1785 378 1798 404 ς

413 437 503 462 nam
523 424 621 463 mihi
641 438 718 462 non
739 425 928 462 videntur.
962 425 1080 462 Oculi
1099 425 1205 463 enim
1223 439 1308 463 vera
1326 435 1536 470 cernentes,
1551 435 1712 464 utuntur
1730 439 1800 464 na-

413 498 497 527 tura
515 499 630 541 atque
648 489 752 527 sensu
772 502 781 525 :
815 489 934 525 animi
954 488 980 525 fi
997 489 1148 539 quando
1168 490 1228 526 vel
1247 491 1488 529 vaticinando
1502 491 1562 528 vel
1578 491 1801 530 somniando

412 566 497 591 vera
516 554 706 596 viderunt,
729 552 781 589 ufi
797 551 884 589 sunt
898 550 1052 589 fortuna
1070 561 1183 603 atque
1199 553 1299 590 casu.
1341 555 1426 591 Nifi
1446 554 1544 592 forte
1563 557 1798 596 concessuros

410 619 482 656 tibi
501 618 690 657 existimas
710 630 788 661 (308,
817 617 885 668 qui
902 617 1048 654 somnia
1066 631 1136 669 pro
1155 617 1311 656 somniis
1331 617 1487 663 habent,
1509 620 1533 656 fi
1555 623 1706 671 quando
1725 624 1797 660 ali-

409 682 516 733 quod
535 682 729 720 somnium
749 695 882 719 verum
902 681 1069 726 evaserit,
1087 695 1163 720 non
1183 682 1224 719 id
1243 682 1404 721 fortuito
1423 684 1607 722 accidiffe.
1641 687 1709 724 Sed
1731 687 1798 724 de·-

408 761 496 788 mus
517 749 589 786 tibi
607 748 691 786 istas
710 748 801 786 duas
822 747 1072 800 sumptiones,
1106 762 1148 785 ea
1177 762 1262 800 quae
1291 746 1462 796 λήμματα
1492 750 1684 802 appellant
1716 753 1797 790 dia-

407 812 552 858 leffici5
574 813 636 852 sed
651 827 720 852 nos
740 813 875 851 Latine
895 814 1003 866 loqui
1019 815 1236 852 malumus:
1259 814 1506 867 praesumptio
1519 826 1661 862 tamen,
1679 830 1797 869 quam

406 872 582 932 πρόληψιν
599 879 721 918 iidem
740 889 890 924 vocant,
913 893 990 918 non
1011 880 1177 919 dabitur.

459 943 629 983 Affumit
658 955 786 984 autem
817 946 1023 998 Cratippus
1044 946 1120 984 hoc
1154 946 1270 984 modo
1285 965 1296 991 ς
1330 948 1424 985 Sunt
1441 957 1560 986 autem
1589 948 1795 987 innumera-

403 1009 487 1048 biles
497 1012 741 1063 praesenstones
757 1026 825 1050 non
830 1012 1022 1064 fortuitae.
1064 1014 1120 1050 At
1137 1025 1208 1064 ego
1227 1012 1315 1050 dico
1336 1012 1497 1051 nullam.
1535 1013 1648 1058 Vide,
1669 1027 1794 1066 quan-

404 1084 442 1113 ta
468 1075 513 1113 fit
543 1076 804 1114 controverfia.
847 1075 950 1128 Jam,
971 1076 1222 1130 affumptione
1251 1091 1328 1115 non
1354 1078 1536 1123 concessa,
1573 1079 1679 1116 nulla
1697 1093 1794 1117 con-

403 1140 520 1179 clufio
539 1141 603 1180 est.
646 1144 701 1180 At
719 1142 961 1195 impudentes
982 1143 1126 1187 sumus,
1148 1144 1230 1195 qui,
1257 1157 1348 1181 cum
1371 1153 1448 1181 tarn
1470 1144 1713 1196 perspicuum
1735 1145 1792 1189 fit,

401 1219 479 1243 non
510 1208 778 1245 concedamus.
825 1208 933 1259 Qlid
966 1208 1018 1245 est
1042 1208 1315 1260 perspicuum?
1361 1209 1492 1246 Multa
1522 1223 1618 1253 vera,
1648 1211 1792 1262 inquit,

399 1272 565 1310 evadere.
598 1273 718 1323 Qid,
740 1273 846 1324 quod
862 1273 988 1311 multo
1002 1274 1111 1326 plura
1127 1272 1216 1311 falsa
1231 1275 1244 1311 ?
1266 1274 1409 1312 Nonne
1427 1274 1503 1326 ipsa
1522 1275 1691 1319 varietas,
1709 1289 1794 1327 quae

400 1338 452 1376 est
473 1340 623 1392 propria
645 1338 821 1384 fortunae,
851 1339 1046 1377 fortunam
1067 1340 1136 1378 effe
1156 1340 1319 1385 causam,
1342 1354 1418 1378 non
1439 1350 1628 1386 naturam,
1651 1341 1790 1379 docet?

401 1404 565 1449 Deinde,
594 1405 620 1442 fi
651 1413 715 1442 tua
735 1404 802 1442 ista
822 1405 1028 1450 conclufio,
1060 1406 1258 1458 Cratippe,
1288 1419 1373 1443 vera
1401 1406 1453 1443 est
1467 1424 1479 1450 3
1519 1407 1667 1457 (tecum
1687 1407 1793 1444 enim

401 1468 501 1506 mihi
521 1482 577 1507 res
608 1470 678 1521 est)
713 1483 841 1508 nonne
871 1471 1054 1524 intelligis
1075 1471 1206 1508 eadem
1238 1472 1294 1509 uti
1315 1471 1414 1524 poffe
1440 1481 1478 1509 et
1498 1471 1726 1524 haruspices,
1754 1481 1793 1510 et

399 1533 667 1586 fulguratores,
689 1544 727 1573 et
746 1535 968 1588 interpretes
988 1536 1238 1582 ostentorum,
1259 1546 1296 1574 et
1316 1550 1490 1589 augures,
1521 1547 1558 1575 et
1579 1538 1790 1589 sortilegos,

398 1608 436 1637 et
457 1599 654 1638 Chaldaeos
673 1601 686 1636 ?
719 1614 884 1651 quorum
903 1614 1087 1652 generum
1107 1601 1259 1638 nullum
1280 1601 1344 1645 est,
1366 1615 1411 1639 ex
1432 1616 1509 1652 quo
1529 1616 1605 1640 non
1627 1603 1787 1654 aliquid,

399 1665 494 1703 ficut
514 1666 738 1716 praediCfflm
759 1665 816 1708 fit,
851 1666 1017 1703 evaserit.
1063 1667 1167 1717 Ergo
1186 1675 1251 1703 aut
1270 1679 1312 1702 ea
1341 1679 1496 1718 quoque
1521 1680 1657 1718 genera
1688 1667 1790 1704 divi-

399 1731 512 1768 nandi
532 1731 632 1774 sunt,
654 1744 738 1782 quae
759 1739 801 1767 tu
823 1731 1020 1768 rectiffime
1039 1731 1257 1783 improbas;
1282 1741 1360 1775 aut,
1383 1732 1408 1769 si
1429 1745 1470 1768 ea
1491 1745 1566 1769 non
1587 1732 1687 1776 sunt,
1710 1746 1788 1770 non

398 1795 588 1848 intelligo,
609 1809 678 1833 cur
696 1795 778 1833 haec
798 1795 875 1833 duo
895 1796 980 1840 sint,
998 1810 1081 1848 quae
1097 1796 1294 1848 relinquis.
1328 1797 1415 1848 Qa
1434 1810 1522 1848 ergo
1543 1798 1686 1835 ratione
1705 1797 1788 1836 haec

397 1862 561 1906 inducis,
583 1862 715 1899 eadem
735 1861 802 1898 illa
820 1861 972 1913 poffunt
991 1861 1074 1906 effe,
1097 1875 1182 1913 quae
1203 1861 1320 1899 tollis.

450 1928 560 1965 LIV.
593 1927 701 1979 Qid
726 1940 814 1964 vero
843 1926 960 1965 habet
989 1927 1221 1964 austoritatis
1241 1925 1347 1964 furor
1367 1926 1446 1971 iste,
1475 1940 1591 1978 quem
1612 1927 1788 1967 divinum

397 1993 552 2037 vocatis,
576 2003 632 2037 ut,
654 2007 737 2045 quae
758 1993 902 2045 sapiens
923 2007 1000 2031 non
1032 1994 1168 2038 videat,
1191 2007 1233 2031 ea
1255 1993 1378 2030 videat
1399 1992 1563 2038 insanus,
1584 2003 1621 2030 et
1641 1995 1686 2038 is,
1718 1995 1787 2046 qui

396 2058 586 2098 humanos
620 2060 743 2098 sensus
763 2060 942 2105 amiserit,
978 2060 1126 2097 divinos
1158 2059 1341 2097 assecutus
1374 2058 1444 2096 fit?
1477 2060 1629 2110 Sibyllae
1662 2061 1786 2098 versus

396 2123 652 2168 observamus,
688 2138 784 2176 quos
818 2125 884 2162 illa
908 2124 1038 2162 furens
1058 2123 1193 2162 fudiffe
1213 2125 1380 2168 dicitur;
1417 2137 1585 2174 quorum
1604 2125 1787 2177 interpres

396 2203 518 2241 nuper
537 2188 628 2228 falsa
647 2190 811 2241 quadam
831 2189 1040 2227 hominum
1057 2189 1159 2227 fama
1174 2189 1343 2227 dicturus
1364 2190 1403 2226 in
1425 2189 1784 2241 senatu’putabatur,

394 2268 500 2300 eum,
521 2269 638 2308 quem
659 2269 697 2293 re
717 2268 801 2293 vera
821 2269 948 2308 regem
968 2254 1215 2299 habebamus,
1243 2254 1513 2307 appellandum
1534 2268 1689 2306 quoque
1715 2255 1785 2293 effe

395 2335 523 2373 regem,
545 2322 570 2359 fi
591 2321 678 2359 salvi
699 2321 770 2358 effe
790 2321 989 2359 vellemus.
1022 2322 1112 2359 Hoc
1132 2321 1158 2358 s1
1178 2321 1230 2358 est
1250 2321 1289 2358 in
1310 2321 1430 2365 libris,
1454 2321 1492 2358 in
1514 2334 1630 2372 quem
1652 2319 1784 2358 homi-

397 2399 499 2431 nem,
531 2398 569 2425 et
598 2388 636 2425 in
658 2387 763 2440 quod
785 2396 935 2440 tempus
955 2387 1036 2425 est?
1069 2387 1217 2425 Callide
1237 2388 1357 2431 enim,
1379 2387 1446 2438 qui
1467 2386 1533 2423 illa
1553 2386 1782 2438 composuit,

395 2450 568 2502 perfecit,
589 2463 646 2498 ut,
668 2454 928 2505 quodcunque
947 2453 1150 2498 accidifl‘et,
1178 2453 1403 2506 praedidmm
1423 2452 1626 2496 videretur,
1650 2451 1781 2489 homi-

397 2529 492 2553 num
512 2526 549 2554 et
567 2527 786 2570 temporum
805 2520 1029 2557 definitione
1054 2520 1211 2557 sublata.
1245 2517 1439 2557 Adhibuit
1457 2519 1573 2554 etiam
1600 2517 1781 2554 latebram

396 2579 648 2627 obscuritatis,
662 2591 705 2620 ut
718 2583 838 2621 iidem
852 2585 975 2622 versus
991 2583 1081 2622 alias
1093 2585 1134 2622 in
1149 2584 1261 2622 aliam
1282 2596 1363 2621 rem
1384 2582 1485 2634 pofl'e
1499 2579 1787 2619 accommodari·
