2223 3003
431 239 508 282 130
838 224 942 265 DE
1010 223 1414 264 LEGIBUS

425 329 586 368 virtutes
605 337 644 367 et
662 327 766 372 vitia,
801 340 885 378 qua:
905 324 1073 363 existunt
1092 325 1140 363 ab
1160 325 1342 378 ingeniis,
1357 324 1638 377 judicabuntur
1654 325 1669 364 ?
1698 329 1763 368 An
1782 343 1826 368 ea

425 409 504 434 non
524 395 632 434 aliter
649 395 662 432 ?
683 393 839 431 honesta
855 401 892 430 et
913 393 1039 444 turpia
1054 405 1132 430 non
1149 391 1195 430 ad
1215 401 1392 430 naturam
1411 391 1543 431 referri
1561 393 1704 432 neceffe
1723 394 1824 434 erit?

426 461 545 512 Qod
576 458 764 498 laudabile
795 458 943 497 bonum
963 457 1030 503 est,
1060 459 1100 497 in
1121 458 1157 497 se
1185 457 1325 497 habeat
1355 459 1460 511 quod
1480 458 1656 498 laudetur
1680 460 1826 501 neceffe

423 526 477 564 est
495 541 504 564 :
536 525 663 578 ipsum
681 525 788 564 enim
808 525 971 570 bonum,
998 539 1076 563 non
1096 525 1150 563 est
1168 524 1433 578 opinionibus,
1454 525 1516 564 sed
1536 526 1685 565 natura.
1717 526 1826 566 Nam

422 592 464 630 ni
484 591 538 630 ita
555 591 658 639 effet,
693 591 795 631 beati
814 605 971 644 quoque
1001 592 1185 645 opinione
1204 591 1321 631 effent
1335 610 1349 637 ς
1380 605 1459 645 quo
1479 593 1574 645 quid
1604 593 1683 632 dici
1702 593 1825 646 potest

421 657 607 697 stultius?
638 658 768 710 Qare
795 671 888 696 cum
906 667 944 696 et
961 657 1126 704 bonum,
1156 668 1195 697 et
1218 658 1368 697 malum
1387 659 1522 697 natur&
1543 659 1756 712 judicetur,
1786 668 1826 699 et

420 738 464 763 ea
482 725 554 764 fint
583 725 774 779 principia
802 734 971 771 naturae3
1003 735 1105 764 certe
1134 724 1293 764 honesta
1311 739 1468 779 quoque
1498 735 1536 765 et
1562 726 1689 780 turpia
1707 726 1823 765 firnili

421 793 566 831 ratione
586 792 843 845 dijudicanda,
863 801 902 830 et
920 792 967 830 ad
987 801 1162 831 naturam
1183 791 1378 830 referenda
1396 793 1498 832 sunt.

475 859 548 898 Sed
567 858 764 913 perturbat
783 871 852 897 nos
872 858 1102 911 opinionum
1119 858 1293 905 varietas,
1318 857 1608 912 hominumque
1624 858 1821 898 diffenfio:

418 935 472 973 et,
493 926 585 979 quia
603 939 681 965 non
702 925 806 964 idem
824 925 1019 978 contingit
1038 925 1079 963 in
1099 924 1282 971 sensibus,
1310 924 1383 964 hos
1403 926 1540 965 natura
1557 935 1681 965 certos
1706 936 1822 979 puta-

419 1006 532 1037 mus3
564 993 643 1038 illa,
665 1005 751 1045 quae
770 991 854 1030 aliis
873 991 938 1037 fic,
967 991 1050 1030 aliis
1071 990 1191 1037 secus,
1222 1005 1293 1030 nee
1311 991 1447 1031 iisdem
1468 992 1614 1046 semper
1634 1006 1712 1031 uno
1732 1006 1822 1031 mo-

417 1059 469 1098 do
488 1060 679 1105 videntur,
709 1057 797 1097 fieta
826 1057 897 1097 effe
926 1057 1137 1098 ducimus:
1170 1058 1276 1111 quod
1306 1057 1360 1096 est
1389 1059 1505 1112 longe
1530 1059 1654 1097 aliter.
1713 1059 1822 1098 Nam

417 1127 541 1166 sensus
561 1126 706 1166 nostros
726 1139 804 1165 non
824 1138 973 1180 parens,
995 1139 1074 1165 non
1095 1126 1242 1171 nutrix,
1274 1138 1353 1164 non
1374 1125 1565 1179 magister,
1598 1138 1675 1164 non
1695 1135 1822 1179 poeta,

417 1207 495 1233 non
516 1192 626 1232 scena
644 1194 837 1246 depravat,
868 1205 946 1231 non
967 1192 1232 1231 multitudinis
1252 1192 1454 1230 consensus
1481 1193 1640 1231 abducit
1669 1205 1691 1230 a
1715 1206 1819 1231 vero.

416 1260 573 1300 Animis
593 1273 729 1299 omnes
749 1259 962 1297 tenduntur
981 1258 1138 1304 infidiae,
1160 1258 1220 1296 vel
1241 1259 1288 1297 ab
1308 1259 1370 1304 iis,
1392 1271 1490 1311 quos
1511 1259 1630 1297 modo
1657 1271 1820 1296 enume-

416 1328 508 1374 ravi,
530 1328 599 1381 qui
619 1337 766 1365 teneros
787 1335 825 1363 et
854 1325 965 1364 rudes
985 1338 1078 1364 cum
1096 1334 1341 1378 acceperunt,
1369 1324 1565 1370 inficiunt,
1587 1334 1624 1362 et
1645 1324 1818 1369 flectunt,

415 1403 460 1433 ut
479 1395 640 1440 volunt3
671 1392 737 1432 vel·
752 1392 799 1431 ab
819 1405 874 1438 ea,
907 1405 992 1445 quae
1011 1392 1166 1445 penitus
1187 1392 1227 1430 in
1247 1392 1359 1430 omni
1378 1391 1483 1446 sensu
1503 1391 1702 1445 implicata
1727 1391 1819 1430 infi-

414 1460 494 1506 det,
524 1459 713 1499 imitatrix
733 1458 840 1504 boni,
861 1459 1053 1512 voluptas,
1086 1457 1280 1497 malorum
1310 1467 1440 1496 autem
1462 1467 1584 1496 mater
1607 1458 1788 1496 omnium
1804 1475 1818 1501 3

414 1529 523 1581 cujus
544 1526 741 1566 blanditiis
760 1525 948 1578 corrupti,
980 1538 1066 1578 quae
1086 1524 1221 1563 natur&
1241 1525 1342 1563 bona
1361 1524 1464 1570 sunt,
1494 1524 1586 1577 quia
1615 1523 1821 1562 dulcedine

412 1593 485 1633 hac
505 1603 543 1632 et
562 1593 684 1632 scabie
701 1601 845 1637 carent,
867 1605 950 1641 non*
965 1592 1161 1629 cernimus
1182 1591 1284 1629 satis.

467 1661 621 1699 XVIII.
655 1658 836 1712 Sequitur
858 1657 920 1710 (ut
939 1657 1120 1696 conclusa
1139 1656 1240 1695 mihi
1265 1657 1349 1710 jam
1375 1655 1458 1696 haee
1480 1656 1524 1695 fit
1544 1657 1672 1696 omnis
1702 1657 1817 1709 ratio)

412 1727 451 1767 id
465 1727 569 1781 quod
586 1733 673 1764 ante
692 1724 826 1763 oculos
845 1738 892 1762 ex
913 1724 960 1763 iis
975 1724 1041 1770 est,
1059 1737 1145 1777 quae
1165 1724 1266 1762 dieta
1284 1723 1384 1768 sunt,
1402 1733 1440 1760 et
1454 1724 1534 1775 jus,
1551 1733 1589 1761 et
1608 1736 1725 1760 omne
1742 1721 1816 1761 ho-

411 1793 562 1833 nesturn
582 1792 645 1830 sua
665 1791 799 1845 sponte
817 1788 888 1829 esse
907 1790 1180 1843 expetendum.
1213 1790 1372 1828 Etenim
1393 1802 1527 1827 omnes
1547 1789 1618 1826 viri
1640 1788 1733 1826 boni
1752 1789 1815 1842 ip-

412 1860 489 1899 sam
510 1859 733 1911 aequitatem
751 1866 789 1894 et
803 1857 867 1908 jus
888 1856 1014 1909 ipsum
1036 1865 1165 1894 amant
1180 1875 1192 1902 ς
1225 1869 1296 1894 nec
1315 1856 1368 1894 est
1388 1856 1457 1894 viri
1486 1856 1594 1901 boni,
1621 1868 1756 1901 errare,
1777 1864 1817 1893 et

412 1925 571 1978 diligere
587 1923 691 1977 quod
712 1934 778 1976 per
795 1921 830 1960 se
849 1935 926 1960 non
944 1921 988 1960 fit
1008 1921 1264 1975 diligendum.
1309 1921 1380 1960 Per
1400 1921 1434 1959 se
1455 1921 1574 1974 igitur
1588 1922 1652 1972 jus
1672 1921 1725 1958 est
1744 1934 1815 1959 ex-

411 1991 622 2045 petendum
641 1998 680 2028 et
698 1988 920 2027 colendum.
954 1988 1072 2041 Qod
1089 1987 1113 2026 si
1127 1989 1191 2041 jus
1211 1987 1288 2033 est,
1310 1988 1425 2026 etiam
1441 1987 1602 2039 justitia.
1635 1985 1696 2024 Sic
1718 1987 1757 2024 in
1774 2000 1816 2025 ea

411 2058 568 2111 reliquae
587 2067 743 2109 quoque
762 2055 921 2094 virtutes
947 2068 1013 2108 per
1033 2054 1068 2093 se
1093 2054 1263 2093 colendae
1291 2054 1389 2093 sunt.
1431 2053 1542 2105 Qid
1573 2052 1778 2091 liberalitas
1799 2053 1813 2090 ?

410 2124 624 2178 gratuitane
643 2122 709 2167 est,
731 2135 777 2160 an
795 2121 1053 2160 mercenaria?
1076 2121 1102 2160 fi
1123 2121 1199 2160 sme
1220 2121 1380 2175 prremio
1400 2121 1566 2173 benigna
1585 2119 1650 2164 est,
1665 2120 1814 2172 gratui-

410 2201 472 2236 ta;
506 2191 530 2229 fi
551 2203 644 2228 cum
665 2187 854 2234 mercede,
876 2187 1091 2226 conducta:
1126 2201 1195 2226 nec
1212 2188 1265 2226 est
1285 2187 1465 2231 dubium,
1488 2186 1583 2239 quin
1605 2187 1649 2230 is,
1672 2186 1740 2239 qui
1762 2186 1812 2224 li-

410 2258 547 2296 beralis
564 2255 796 2309 benignusve
816 2255 972 2300 dicitur,
986 2255 1177 2300 officium,
1192 2269 1268 2293 non
1289 2253 1475 2299 frustum,
1494 2253 1684 2307 sequatur.
1707 2253 1814 2306 Ergo

409 2325 504 2363 item
521 2323 667 2375 justitia
687 2320 785 2359 nihil
804 2321 950 2374 expetit
971 2321 1134 2374 praemii,
1155 2319 1254 2359 nihil
1275 2321 1401 2374 pretii.
1439 2321 1511 2359 Per
1538 2319 1572 2357 se
1592 2319 1711 2371 igitur
1741 2332 1811 2356 ex-

410 2390 567 2444 petitur.
606 2387 828 2440 Eademque
846 2387 1026 2426 omnium
1047 2388 1235 2426 virtutum
1256 2386 1376 2431 causa,
1409 2395 1522 2438 atquc
1539 2385 1722 2423 sententia
1743 2385 1810 2423 cst.

410 2459 542 2510 Atque
571 2456 686 2494 etiam
708 2454 733 2493 s1
753 2454 1044 2500 emolumentis,
1077 2468 1154 2494 non
1176 2453 1238 2492 sua
1259 2453 1405 2507 sponte,
1426 2453 1546 2491 virtus
1564 2452 1810 2505 expenditur,

408 2537 484 2563 nna
503 2523 574 2561 erit
594 2522 729 2566 virtus,
748 2536 833 2574 qum
855 2522 1001 2560 malitia
1022 2521 1222 2560 rceliffime
1241 2520 1405 2559 dicetur.
1449 2521 1505 2558 Ut
1520 2519 1625 2557 enim
1647 2517 1811 2571 quisque

409 2589 579 2629 maxime
598 2589 643 2628 ad
663 2588 775 2628 suum
795 2588 1050 2628 commodum
1069 2587 1184 2627 refert
1203 2600 1443 2641 quaecunque
1464 2586 1556 2642 agit,
1575 2585 1627 2625 ita
1648 2584 1811 2624 minime
