2223 3003
462 199 541 236 422
767 181 1569 224 PHiLOSOPHICORUM

460 297 589 326 autem
611 282 767 336 reliquis
788 281 960 320 motibus
980 280 1115 319 orbem
1135 268 1226 317 eum
1247 278 1319 317 effe
1345 280 1469 318 voluit
1488 288 1701 333 expertem,
1723 281 1870 321 immo-
1915 293 1920 297 ’

461 354 596 394 bilem,
618 360 655 387 et
675 349 848 386 stantem.
875 346 937 384 Ex
960 359 1038 398 quo
1057 358 1195 398 genere
1215 358 1258 383 ea
1278 344 1366 383 sunt
1386 345 1515 391 sidera,
1531 359 1617 398 quae
1637 344 1757 385 infixa
1775 347 1870 385 caelo

459 432 535 457 non
558 423 763 455 moventur
783 412 884 456 loco,
918 425 1003 464 quae
1023 411 1111 449 sunt
1130 411 1353 456 animantia,
1374 424 1493 464 eaque
1513 411 1656 457 divina,
1688 411 1740 451 ob
1759 425 1869 451 eam-

459 497 534 536 que
564 479 715 519 causam
741 479 814 517 suis
847 477 996 517 sedibus
1028 476 1231 523 inhaerent,
1263 486 1302 516 et
1335 488 1520 532 perpetuo
1553 487 1726 517 manent.
1771 479 1871 530 Qae

457 559 587 587 autem
608 560 702 600 vaga
731 555 769 584 et
801 544 983 584 mutabili
1015 545 1162 584 ratione
1188 545 1386 590 labuntur,
1417 546 1471 584 ita
1500 555 1675 599 generata
1694 544 1797 590 sunt,
1827 553 1871 583 ut

458 616 568 669 supra
587 614 773 652 diximus.
805 613 894 664 Jam
915 625 1005 650 vero
1024 621 1180 656 terram,
1212 612 1385 650 altricem
1408 612 1589 658 nostram,
1611 625 1697 666 quae
1716 612 1872 664 trajecto

455 696 525 721 axe
545 681 760 724 sustinetur,
791 679 867 717 diei
887 678 1086 731 noctisque
1105 677 1354 724 effectricem,
1383 679 1623 733 eandemque
1654 677 1870 722 custodem,

456 747 760 801 antiquiffimam
793 758 1002 798 corporum
1031 744 1158 783 voluit
1187 744 1258 783 effe
1289 758 1450 791 eorum,
1483 760 1568 799 quae
1600 746 1700 784 intra
1729 743 1871 783 caelum

454 816 718 868 gignerentur.
752 811 956 849 Flexiones
977 819 1107 848 autem
1129 811 1319 855 Deorum,
1348 821 1387 848 et
1408 811 1507 850 inter
1527 811 1625 865 ipsos
1647 812 1752 850 Deos
1773 823 1870 848 con-

454 881 662 923 curfiones,
695 889 859 931 quaeque
879 877 920 914 in
946 876 1106 914 orbibus
1137 889 1275 915 eorum
1298 878 1559 915 converfiones
1580 876 1869 916 anteceffiones-

455 959 530 999 que
551 944 742 988 eveniant,
775 955 947 995 cumque
977 942 1078 980 inter
1097 941 1133 980 se
1151 955 1250 995 pene
1280 943 1524 996 contingant,
1556 956 1634 988 eos,
1662 943 1731 995 qui
1750 954 1870 994 prope

453 1011 686 1065 copulentur
716 1008 906 1047 contraria
935 1008 1104 1061 regione,
1135 1016 1173 1046 et
1193 1007 1294 1061 pone
1326 1022 1438 1061 quos,
1470 1018 1536 1047 aut
1560 1018 1647 1047 ante
1678 1008 1870 1052 labantur,

454 1077 673 1131 quibusque
708 1075 950 1128 temporibus
987 1088 1009 1112 a
1039 1073 1167 1113 nostro
1199 1075 1350 1128 aspe&u
1385 1075 1637 1120 oblitescant,
1671 1074 1872 1127 rursusque

452 1143 585 1183 emerfi
608 1152 791 1182 terrorem
826 1141 1019 1179 incutiant
1039 1140 1197 1180 rationis
1217 1141 1456 1194 expertibus,
1486 1141 1512 1180 fi
1534 1141 1657 1180 verbis
1679 1140 1871 1194 explicare

452 1224 656 1255 conemur,
688 1207 798 1247 nullo
818 1208 941 1261 pofito
961 1207 1030 1246 sub
1051 1207 1175 1246 oculis
1196 1208 1414 1254 simulacro,
1432 1222 1562 1247 earum
1584 1222 1713 1246 rerum
1734 1206 1870 1246 frustra

452 1278 676 1331 suscipiatur
697 1275 819 1314 labor.
865 1274 937 1314 Sed
957 1273 1040 1313 haec
1072 1274 1158 1313 satis
1180 1275 1253 1313 fint
1273 1275 1374 1313 dicta
1400 1275 1526 1313 nobis.
1571 1276 1670 1327 Qae
1690 1275 1737 1312 de
1758 1275 1868 1313 Deo-

453 1358 556 1390 rum,
578 1343 646 1396 qui
666 1350 892 1388 cernuntur,
913 1342 1060 1395 quique
1079 1341 1154 1379 orti
1174 1341 1276 1386 sunt,
1308 1351 1443 1380 natura
1461 1341 1609 1396 praefati
1628 1341 1774 1387 sumus,
1796 1340 1866 1380 ha-

452 1412 566 1450 beant
586 1409 692 1448 hunc
714 1410 941 1447 terminum.

507 1478 580 1516 XI.
613 1476 875 1528 Reliquorum
895 1482 1040 1518 autem,
1067 1487 1166 1526 quos
1188 1475 1316 1512 Graeci
1336 1467 1491 1522 ὃαλμσνας
1510 1474 1719 1528 appellant,
1752 1474 1869 1513 nostri

454 1543 627 1598 (opinor)
653 1543 784 1586 Lares,
816 1541 841 1579 fi
863 1540 982 1579 modo
1011 1539 1088 1578 hoc
1121 1541 1219 1578 rec‘te
1251 1536 1480 1579 conversum
1511 1541 1632 1580 videri
1663 1540 1800 1594 potest,
1831 1551 1870 1580 et

450 1611 566 1656 nosse,
597 1618 636 1648 et
662 1609 838 1648 nuntiare
868 1617 1000 1647 ortum
1031 1621 1181 1654 eorum,
1214 1609 1340 1661 majus
1371 1608 1437 1654 est,
1468 1622 1587 1661 quam
1619 1617 1662 1646 ut
1697 1607 1867 1661 profiteri

449 1678 611 1716 scribere
645 1689 714 1714 nos
748 1675 971 1715 audeamus.
1015 1674 1268 1714 Credendum
1299 1675 1492 1713 nimirum
1522 1675 1575 1713 est
1606 1674 1797 1713 veteribus
1828 1685 1868 1714 et

448 1744 596 1798 priscis,
619 1753 663 1782 ut
683 1743 806 1788 aiunt,
834 1742 940 1788 viris,
971 1742 1041 1795 qui
1071 1741 1106 1780 se
1138 1742 1364 1796 progeniem
1385 1742 1562 1781 Deorum
1582 1740 1652 1780 esse
1671 1741 1866 1782 dicebant.

451 1812 586 1863 Itaque
606 1823 743 1848 eorum
764 1808 951 1848 vocabula
981 1809 1093 1847 nobis
1125 1808 1392 1862 prodiderunt.
1438 1807 1557 1847 Nosse
1589 1818 1719 1847 autem
1745 1822 1866 1862 gene-

449 1887 588 1916 ratores
610 1876 694 1914 suos
715 1875 864 1928 optime
894 1884 1096 1927 poterant:
1129 1888 1172 1913 ac
1192 1875 1354 1914 difficile
1379 1874 1483 1914 factu
1514 1875 1581 1920 est,
1612 1888 1632 1912 a
1654 1875 1743 1913 Diis
1772 1876 1865 1914 ortis

449 1943 567 1982 fidem
600 1956 678 1981 non
711 1940 877 1986 habere;
910 1954 1134 1994 quanquam
1167 1954 1239 1979 nec
1270 1941 1524 1994 argumentiS,
1558 1953 1628 1979 nec
1651 1941 1864 1980 rationibus

448 2010 562 2048 certis
593 2021 728 2047 eorum
752 2008 848 2046 ratio
878 2006 1158 2046 confirmatur:
1191 2006 1269 2053 sed,
1302 2007 1394 2060 quia
1413 2007 1460 2046 de
1481 2007 1555 2046 suis
1577 2007 1690 2046 rebus
1721 2020 1763 2045 ac
1795 2007 1865 2046 fibi

450 2077 551 2116 notis
572 2075 752 2114 videntur
771 2074 896 2127 loqui,
926 2075 1046 2113 veteri
1077 2074 1154 2128 legi
1175 2074 1353 2128 morique
1374 2074 1586 2128 parendum
1606 2073 1672 2112 est.
1706 2074 1767 2112 Sic
1789 2074 1866 2127 igi-

451 2153 525 2190 tur,
549 2153 590 2182 ut
613 2143 659 2181 ab
687 2142 747 2181 his
767 2141 820 2180 est
846 2141 1047 2187 traditum,
1079 2141 1222 2180 horum
1247 2143 1422 2181 Deorum
1445 2151 1550 2180 ortus
1572 2141 1770 2187 habeatur,
1804 2152 1864 2180 at-

450 2223 524 2262 que
546 2210 709 2255 dicatur,
743 2217 785 2246 ut
799 2209 1005 2247 Oceanum
1023 2208 1288 2261 Salaciamque
1306 2208 1402 2247 Caeli
1424 2207 1517 2252 satu,
1540 2208 1749 2260 Terraeque
1765 2220 1861 2245 con-

449 2286 564 2329 ceptu
587 2285 783 2328 generatos
805 2275 1003 2329 editosque
1023 2287 1288 2314 memoremus
1307 2290 1316 2313 τ
1349 2289 1396 2313 ex
1417 2274 1477 2313 his
1501 2273 1694 2326 Phorcyn,
1731 2275 1862 2312 Satur-

451 2357 562 2388 num,
585 2353 623 2382 et
646 2344 792 2396 Opem,
811 2343 992 2396 deinceps
1012 2343 1166 2395 Jovem,
1187 2352 1302 2396 atque
1322 2343 1536 2394 Junonem,
1559 2341 1742 2394 reliquos,
1764 2355 1862 2394 quos

450 2410 583 2449 fratres
606 2411 704 2449 inter
726 2410 773 2456 se,
806 2410 1038 2464 agnatosque
1070 2409 1238 2465 usurpari
1259 2419 1374 2463 atque
1401 2408 1581 2463 appellari
1603 2409 1794 2453 videmus,
1825 2418 1863 2447 et

448 2491 599 2523 eorum,
619 2487 661 2517 ut
679 2487 834 2517 utamur
852 2478 967 2517 veteri
988 2478 1119 2525 verbo,
1137 2476 1366 2533 prosapiam.
1386 2476 1553 2529 Qando
1574 2476 1693 2530 igitur
1711 2488 1861 2521 omncs,
