2223 3003
427 244 500 298 138
832 242 935 281 DE
1003 241 1406 281 LEG1Bus

419 344 568 398 genuit,
599 338 716 396 quam
735 342 815 386 illa,
841 355 926 394 quae
944 341 1110 393 excepit.
1146 341 1282 393 Itaque
1300 353 1373 393 ego
1392 338 1492 378 hanc
1510 352 1638 379 meam
1657 339 1728 380 effe
1745 357 1815 396 pa-

420 412 531 449 triam
551 408 700 462 prorsus
721 420 920 460 nunquam
939 407 1102 460 negabo,
1134 407 1230 446 dum
1246 406 1314 445 illa
1332 406 1378 446 fit
1397 407 1533 460 major,
1554 416 1593 446 et
1611 405 1694 446 haec
1713 408 1755 447 in
1774 421 1817 447 ea

417 476 671 514 contineatur.

470 543 545 580 111.
577 543 805 580 ATTICUS.
828 541 948 579 Recte
967 540 1086 593 igitur
1105 541 1277 593 Magnus
1297 540 1363 579 ille
1382 540 1518 587 noster,
1541 553 1605 579 me
1624 541 1819 587 audiente.

413 608 539 661 posuit
559 608 600 646 in
615 607 779 660 judicio,
800 621 892 646 cum
912 621 982 660 pro
1002 607 1123 646 Balbo
1142 616 1273 646 tecum
1292 607 1405 646 fimul
1425 607 1581 653 diceret,
1596 607 1814 661 rempubli-

413 687 499 712 cam
520 673 684 712 nostram
699 673 918 725 justiffimas
939 671 1032 711 huic
1052 673 1271 726 municipio
1290 674 1426 726 gratias
1443 686 1549 726 agere
1565 673 1680 726 poss‘e,
1709 673 1815 725 quod

412 754 460 779 ex
480 754 525 779 eo
540 741 616 778 duo
632 740 688 778 sui
704 739 981 779 conservatores
997 739 1203 778 extitissent
1216 759 1228 785 5
1250 750 1294 778 ut
1303 741 1387 792 jam
1402 741 1530 778 videar
1544 740 1696 784 adduci,
1714 738 1814 778 hanc

412 820 582 859 quoque,
614 820 699 858 quae
730 814 767 844 te
796 806 1023 859 procreavit,
1053 805 1124 843 effe
1144 805 1308 858 patriam
1328 814 1450 845 tuam.
1489 806 1561 844 Sed
1580 814 1742 844 ventum
1772 805 1815 842 in

413 873 575 911 insulam
591 872 656 910 est.
688 873 777 910 Hac
793 885 881 910 vero
896 871 996 910 nihil
1012 872 1064 909 est
1080 872 1285 911 amoenius.
1307 873 1469 911 Etenim
1484 871 1560 911 hoc
1577 872 1679 925 quafi
1694 871 1814 910 rostro

410 937 587 977 funditur
607 938 812 983 Fibrenus,
842 946 880 976 et
900 937 1039 976 divisus
1060 938 1257 990 aequaliter
1276 938 1317 976 in
1337 938 1428 977 duas
1449 948 1574 992 partes
1594 939 1712 978 latera
1729 937 1813 976 haec

409 1004 534 1049 alluit,
565 1003 770 1056 rapideque
784 1002 948 1057 dilapsus
968 1003 1047 1042 cito
1064 1003 1105 1041 in
1123 1016 1245 1041 unum
1263 1003 1440 1050 confluit,
1461 1014 1499 1043 et
1519 1012 1672 1043 tantum
1698 1016 1811 1042 com-

408 1070 601 1122 plectitur,
623 1070 728 1123 quod
747 1069 832 1108 satis
853 1069 898 1108 s1t
918 1069 1081 1108 modicae
1100 1070 1276 1122 palaestrae
1296 1070 1386 1108 loei.
1429 1071 1522 1121 Qo
1552 1069 1704 1115 effee'to,
1726 1079 1817 1108 tan-

409 1149 526 1188 quam
546 1136 586 1174 id
608 1135 786 1174 habuerit
805 1135 928 1188 operis
949 1149 991 1173 ac
1011 1135 1196 1180 muneris,
1229 1144 1272 1173 ut
1301 1134 1402 1174 hanc
1433 1136 1546 1174 nobis
1566 1135 1734 1174 efficeret
1752 1134 1814 1172 se-

408 1201 496 1240 dem
517 1199 563 1240 ad
584 1201 872 1255 disputandum,
889 1201 1017 1239 statim
1037 1201 1250 1253 praecipitat
1267 1201 1309 1238 in
1325 1201 1473 1245 Lirem,
1495 1210 1547 1246 et,
1568 1200 1672 1252 quafi
1690 1201 1731 1238 in
1750 1199 1813 1238 fa-

409 1268 558 1306 miliam
589 1267 791 1321 patriciam
814 1267 974 1311 venerit,
1005 1266 1152 1303 amittit
1181 1279 1324 1304 nomen
1351 1265 1564 1311 obscurius,
1597 1266 1813 1318 Liremque

408 1334 534 1373 multo
566 1333 792 1386 gelidiorem
822 1331 928 1369 facit.
974 1331 1062 1369 Nec
1082 1331 1188 1369 enim
1209 1331 1337 1370 ullum
1367 1331 1444 1370 hoc
1463 1331 1643 1385 frigidius
1662 1331 1811 1371 flumen

407 1400 530 1453 attigi,
561 1413 654 1438 eum
673 1399 720 1438 ad
739 1398 863 1438 multa
882 1396 1111 1443 accefferim‚
1142 1406 1185 1436 ut
1211 1398 1277 1436 vix
1300 1398 1395 1451 pede
1416 1407 1558 1437 tentare
1578 1396 1620 1437 id
1644 1397 1782 1452 poffim
1797 1413 1809 1437 :

405 1467 510 1518 quod
532 1467 571 1504 in
593 1465 754 1505 Phaedro
777 1465 947 1504 Platonis
967 1463 1060 1503 facit
1081 1465 1265 1503 Socrates.
1298 1465 1515 1504 MARCUS.
1537 1465 1607 1502 Est
1625 1477 1715 1503 vero
1730 1465 1783 1502 ita
1797 1478 1810 1503 :

405 1532 466 1570 sed
488 1543 616 1571 tamen
644 1531 737 1570 huic
757 1531 987 1576 amoenitati‚
1021 1531 1353 1584 quemadmodum
1381 1545 1428 1569 ex
1449 1531 1604 1583 Qinto
1623 1530 1719 1583 saepe
1739 1543 1813 1568 au-

404 1599 468 1637 dio
481 1627 492 1643 ,
524 1598 716 1651 Thyamis
755 1598 942 1650 Epirotes.
969 1606 1058 1635 tuus
1102 1597 1169 1635 ille
1205 1597 1331 1641 nihil,
1368 1597 1506 1649 opinor
1519 1626 1530 1642 ,
1567 1595 1809 1635 concesserit.

403 1665 635 1717 QlNTus.
654 1663 799 1710 Estita‚
819 1672 862 1702 ut
882 1663 1002 1702 dicis:
1026 1675 1115 1702 cave
1134 1663 1240 1701 enim
1260 1671 1371 1716 putes
1392 1663 1518 1702 Attici
1534 1663 1650 1703 nostri
1666 1662 1810 1702 Amal-

402 1731 494 1771 theo
519 1731 758 1785 platanisque
788 1730 866 1768 illis
887 1730 1103 1783 quidquam
1123 1729 1194 1768 effe
1214 1730 1445 1783 praeclarius.
1477 1730 1562 1774 Sed,
1591 1730 1617 1768 fi
1639 1729 1808 1773 videtur,

402 1797 641 1836 confidamus
662 1796 728 1835 hic
747 1795 788 1834 in
809 1795 960 1841 umbra,
978 1805 1093 1848 atque
1112 1796 1159 1834 ad
1178 1809 1263 1834 eam
1283 1804 1431 1849 partem
1452 1795 1650 1839 sermonis,
1668 1807 1715 1833 ex
1731 1807 1809 1846 qua

401 1863 529 1916 egressi
551 1862 695 1906 sumus,
726 1870 973 1900 revertamur.
1017 1861 1233 1899 MARcus.
1269 1862 1451 1899 Praeclare
1470 1861 1605 1913 exigis,
1639 1859 1806 1911 Qinte.

401 1932 456 1967 At
487 1942 559 1981 ego
589 1926 761 1980 effugisse
792 1926 1026 1964 arbitrabar:
1058 1935 1096 1963 et
1127 1926 1198 1964 tibi
1225 1924 1367 1964 horum
1389 1925 1487 1964 nihil
1508 1926 1638 1963 deberi
1667 1925 1806 1977 potest.

402 1995 632 2046 QxNTUS.
663 1992 801 2031 Ordire
829 1993 972 2045 igitur:
1007 2005 1094 2030 nam
1117 1990 1222 2030 hunc
1245 1991 1316 2029 tibi
1338 2001 1466 2030 totum
1487 1991 1659 2030 dicamus
1682 1989 1806 2030 diem.

456 2062 671 2099 MARCUS.
786 2061 830 2099 A
848 2061 949 2112 Jove
969 2060 1162 2113 Mqfizrum
1175 2058 1388 2112 primordtiz,

401 2127 494 2165 ficut
515 2127 554 2164 in
576 2126 684 2164 Arati
705 2125 874 2163 carmine
904 2125 974 2163 ors1
996 2124 1141 2163 sumuS.
1181 2127 1410 2177 QmTus.
1442 2124 1638 2176 Qorsum
1671 2124 1765 2162 istuc
1788 2125 1802 2161 ?

400 2194 613 2232 MARcus.
677 2192 737 2229 uia
758 2205 860 2229 nunc
878 2191 1012 2229 itidem
1035 2191 1081 2229 ab
1101 2191 1252 2235 eodem,
1273 2201 1311 2229 et
1330 2205 1349 2228 a
1367 2191 1510 2229 caetcris
1529 2191 1614 2229 Diis
1636 2191 1803 2229 immor·

400 2259 537 2296 talibus
562 2258 645 2296 sunt
668 2258 776 2296 nobis
799 2258 934 2310 agendi
955 2257 1137 2310 capienda
1160 2257 1381 2310 primordia.
1425 2259 1654 2309 QmTus.
1679 2255 1803 2308 Opti-

398 2339 460 2363 me
482 2339 582 2369 vero,
606 2323 718 2362 frater
737 2343 746 2367 ;
778 2333 815 2361 ct
837 2323 916 2362 ficri
940 2325 988 2362 sle
1009 2324 1130 2362 dccet.

455 2391 524 2428 lv,
566 2391 779 2428 ΜΛΗσυε.
805 2390 1015 2428 Videamus
1044 2391 1161 2443 igitur
1190 2389 1328 2433 rursus,
1361 2389 1579 2442 priusquam
1602 2389 1798 2440 aggredia-

398 2470 485 2495 mur
512 2457 555 2494 ad
580 2457 679 2509 leges
701 2456 877 2508 singulas,
911 2457 991 2494 vim
1013 2466 1266 2508 naturamque
1288 2456 1396 2508 legis,
1427 2470 1486 2499 ue,
1517 2469 1607 2493 cum
1632 2454 1799 2493 referen-

395 2524 441 2561 da
462 2523 533 2562 lint
553 2523 599 2562 ad
618 2538 702 2563 eum
724 2524 834 2563 nobis
856 2525 999 2570 omnia,
1033 2524 1207 2563 labamur
1227 2523 1421 2562 interdum
1443 2537 1565 2562 errore
1597 2521 1801 2569 sermonis,
