2223 3003
695 236 1299 278 FRAGMENTA.
1636 245 1712 297 389

305 335 423 375 NoN.
444 334 609 389 Seditio.]
659 335 794 389 anue
828 336 1002 375 diffenfio
1034 337 1198 384 civium,
1228 338 1333 391 quod
1355 338 1519 379 seorsum
1539 349 1632 381 eunt
1651 343 1715 381 alii

360 403 407 441 ad
425 402 534 447 alios,
541 401 671 456 fiditio
690 402 847 440 dicitur.

304 468 347 508 N
349 482 422 508 oN.
442 469 483 508 de
501 470 638 508 DoHr.
662 468 756 521 ind.]
778 469 831 507 Et
846 481 935 507 vero
955 469 994 507 in
1016 469 1237 509 dissensione
1253 471 1372 517 civili,
1389 486 1481 512 cum
1497 474 1590 513 boni
1609 475 1713 528 plus,

359 550 478 590 quam
495 537 613 576 multi
627 535 770 581 valent,
783 535 1053 589 expendendos
1069 537 1116 575 ab
1132 535 1208 583 his,
1223 551 1301 576 non
1315 541 1586 587 numerandos,
1600 552 1716 596 puto..

303 604 417 643 Gn.
438 604 500 643 lib.
524 617 585 642 VI.
606 611 687 656 cap.
715 603 776 642 16.
799 611 837 640 et
856 602 971 641 NON.
995 604 1237 657 Deprecari]
1256 606 1376 657 Qod
1396 608 1554 660 quidem
1571 623 1616 648 eo
1636 609 1713 649 fuit

358 671 496 724 majus,
518 669 609 722 quia
628 682 720 707 cum
741 668 781 706 in
798 668 906 706 causa
922 669 1004 721 pari
1019 669 1177 723 collegae
1193 670 1323 717 effent,
1338 686 1415 711 non
1435 675 1553 714 modo
1568 677 1714 716 invidia

357 739 440 792 pari
460 750 538 776 non
558 744 678 781 erant,
700 734 763 773 sed
782 736 900 774 etiam
920 735 1077 774 Claudii
1096 736 1285 775 invidiam
1300 738 1472 778 Gracchi
1491 743 1623 782 caritas
1643 744 1712 782 de-

356 804 597 858 precabatur.

302 871 418 911 NoN.
441 870 651 924 Malam]
683 871 829 908 Ferunt
849 868 919 908 hos
940 868 1133 917 laudibus,
1155 873 1324 911 mactant
1343 871 1572 914 honoribus.

303 939 358 978 D.
380 940 481 992 Aug.
506 937 567 976 lib.
592 951 631 975 v.
653 945 733 990 cap.
762 951 823 990 13.
848 937 987 990 Civit.]
1010 938 1185 977 Alendus
1205 938 1270 977 hic
1290 939 1343 978 est
1362 940 1496 993 gloria.

301 1004 418 1044 Non.
446 1004 655 1058 Defitbito]
697 1005 722 1030 ἕ
755 1005 795 1042 in
830 1003 906 1050 his,
943 1013 987 1042 ut
1011 1005 1257 1051 meministis,
1293 1007 1480 1046 concursu
1518 1008 1711 1048 levissima:

357 1071 624 1111 multitudinis
645 1084 716 1110 aere
735 1071 916 1124 congesto
936 1070 1054 1110 funus
1075 1072 1251 1110 desubito
1270 1072 1358 1111 esset
1378 1084 1572 1113 ornatum.

301 1138 418 1178 NON.
441 1138 506 1177 ubi
525 1137 713 1191 genitivus
735 1147 808 1191 pro
837 1138 1090 1191 nominativa]
1122 1140 1179 1177 Ut
1212 1140 1546 1191 quemadmodum
1579 1142 1710 1182 scribit

356 1206 437 1251 ille,
459 1205 687 1258 quotidiano
704 1205 746 1243 in
766 1203 897 1244 forum
919 1205 1028 1244 mille
1048 1205 1258 1245 hominum
1274 1220 1366 1245 curn
1387 1208 1514 1261 palliis
1535 1208 1709 1262 conchy-

355 1270 410 1309 lio
430 1270 561 1309 tinctis
581 1270 866 1309 descenderent.

302 1337 463 1376 MACR.
484 1337 545 1376 lib.
573 1350 608 1376 1.
627 1337 767 1390 Somn.]
799 1337 871 1375 Sed
890 1351 1112 1391 quanquam
1132 1338 1363 1391 sapientibus
1384 1339 1615 1379 conscientia
1633 1342 1711 1394 ipsa

356 1403 547 1443 factorum
567 1405 811 1457 egregiorum
831 1405 1109 1458 ampliffimum
1141 1405 1295 1444 virtutis
1325 1406 1531 1459 praernium
1553 1407 1618 1452 est,
1651 1418 1709 1446 ta-

357 1483 449 1507 men
469 1470 536 1506 illa
555 1470 683 1507 divina
703 1471 823 1507 virtus
844 1484 921 1508 non
942 1471 1079 1509 statuas
1098 1471 1262 1523 plumbo
1282 1471 1524 1518 inhaerentes,
1547 1488 1616 1512 nec
1638 1475 1709 1512 tri-

358 1533 526 1587 umphos
547 1533 802 1572 arescentibus
822 1535 971 1581 laureis,
988 1535 1051 1574 sed
1070 1535 1260 1574 stabiliora
1275 1538 1452 1588 quaedam
1471 1547 1510 1575 et
1530 1540 1709 1578 viridiora

357 1600 607 1653 praemiorum
637 1612 776 1651 genera
805 1600 999 1640 defiderat.
1046 1602 1144 1654 Qae
1165 1602 1322 1640 tandem
1341 1602 1408 1641 ista
1429 1603 1546 1641 sunt?
1578 1605 1708 1657 inquit

357 1666 513 1704 Laelius.
547 1667 658 1704 Tum
679 1666 820 1719 Scipio,
844 1667 1028 1707 Patimini
1047 1681 1111 1707 me
1144 1668 1308 1722 (inquit)
1342 1670 1528 1722 quoniam
1548 1672 1716 1710 tertium,

356 1732 461 1770 diem
481 1731 606 1771 feriati
627 1731 774 1772 sumus.
801 1762 810 1772 .
836 1763 846 1772 .
