2223 3003
731 237 1010 278 LIBER
1073 236 1438 278 PRIMUS.
1709 252 1784 280 221

436 340 525 380 Nec
557 352 646 378 vero
679 338 849 377 alienum
883 338 950 384 est,
995 338 1041 377 ad
1071 351 1114 377 ea
1147 338 1335 391 eligenda,
1385 353 1469 391 quae
1504 338 1787 378 dubitationem

380 406 558 451 afferunt,
589 405 769 445 adhibere
805 406 936 444 doctos
971 404 1166 450 homines,
1201 405 1260 443 vel
1296 406 1414 444 etiam
1445 405 1513 444 usu
1546 406 1703 459 peritos,
1734 415 1786 451 et,

380 473 477 526 quid
509 473 570 512 his
601 473 649 511 de
679 485 835 525 quoque
871 471 991 509 officii
1023 485 1160 524 genere
1195 472 1356 524 placeat,
1386 473 1598 525 exquirere.
1658 473 1788 526 Major

381 540 487 578 enim
507 553 591 593 pars
622 552 668 577 eo
687 537 765 576 fere
785 536 923 575 deferri
944 537 1051 581 solet,
1082 551 1161 589 quo
1190 551 1209 575 a
1235 547 1368 575 natura
1395 540 1472 591 ipsa
1491 539 1708 578 deducitur.
1741 541 1787 578 In

381 607 523 658 quibus
557 604 766 644 videndum
802 602 868 647 est,
901 616 979 640 non
1014 603 1131 640 modo
1165 603 1260 655 quid
1291 604 1451 656 quisque
1488 606 1682 658 loquatur,
1725 606 1787 645 sed

379 673 511 717 etiam,
542 670 638 723 quid
658 669 822 721 quisque
850 668 1000 714 sentiat,
1036 678 1151 721 atque
1170 670 1301 714 etiam,
1336 684 1411 722 qua
1431 671 1477 709 de
1497 672 1603 709 causa
1624 674 1787 726 quisque

379 738 527 780 sentiat.
561 738 617 775 Ut
645 736 754 774 enim
785 736 964 788 pictores,
996 744 1035 773 et
1065 735 1108 781 ii,
1140 736 1208 789 qui
1229 735 1333 789 figna
1352 736 1601 784 fabricantur,
1633 750 1672 778 et
1698 742 1787 780 verb

377 804 495 843 etiam
525 812 661 857 poetae,
690 802 804 840 suum
835 801 996 855 quisque
1015 815 1112 855 opus
1143 816 1164 840 a
1189 803 1306 855 vulgo
1337 803 1563 842 confiderari
1584 806 1667 843 vult
1682 824 1694 851 ς
1728 817 1784 853 ut,

377 870 405 910 fi
436 871 532 923 quid
561 867 832 923 reprehensum
853 868 897 907 fit
925 883 945 907 a
964 869 1154 923 pluribu8‚
1186 870 1227 907 id
1261 871 1472 924 corrigatur
1486 890 1498 917 5
1530 870 1650 924 hique
1670 882 1708 910 et
1728 873 1785 911 se-

376 949 485 981 cum,
515 945 554 974 et
587 949 680 973 cum
714 934 813 980 aliis,
844 934 940 987 quid
971 935 1012 973 in
1045 949 1091 973 eo
1124 944 1328 988 peccatum
1362 936 1421 982 fit,
1463 937 1673 990 exquirunt
1691 957 1702 983 ς
1734 939 1785 977 fic

376 1002 541 1042 aliorum
556 1002 708 1056 judicio
739 1002 930 1055 permulta
961 1003 1074 1042 nobis
1094 1011 1133 1041 et
1152 1001 1341 1049 facienda,
1373 1014 1411 1042 et
1431 1018 1509 1043 non
1528 1003 1714 1051 facienda,
1747 1015 1786 1044 et

375 1071 575 1116 mutanda,
605 1079 643 1108 et
662 1069 886 1122 corrigenda
905 1069 1006 1108 sunt.

431 1137 530 1188 Qae
560 1134 651 1175 verb
682 1149 790 1174 more
815 1145 984 1188 aguntur
1008 1135 1267 1188 institutisque
1300 1136 1497 1182 civilibus,
1529 1137 1574 1175 de
1604 1138 1650 1175 iis
1684 1137 1783 1177 nihil

375 1202 429 1241 est
448 1201 765 1256 praecipiendum.
796 1202 869 1239 Illa
886 1202 991 1240 enim
1012 1201 1090 1254 ipsa
1108 1211 1297 1255 praecepta
1316 1202 1429 1248 sunt;
1461 1217 1530 1241 nec
1547 1217 1784 1257 quemquam

375 1267 453 1308 hoc
471 1281 596 1306 errore
616 1267 707 1305 duci
725 1276 889 1320 oportet,
922 1276 978 1312 ut,
1006 1267 1032 1305 si
1054 1268 1148 1320 quid
1170 1269 1341 1306 Socrates
1361 1278 1426 1306 aut
1447 1269 1666 1322 Aristippus
1687 1283 1783 1308 con-

375 1344 433 1374 tra
464 1347 615 1374 morem
654 1333 1051 1386 consuetudinemque
1084 1334 1241 1372 civilem
1279 1333 1454 1379 fecerint,
1490 1335 1658 1373 locutive
1695 1336 1783 1381 fixit,

374 1402 479 1441 idem
499 1402 571 1441 fibi
603 1401 809 1440 arbitretur
839 1401 968 1439 licere.
1027 1401 1186 1454 Magnis
1217 1400 1291 1446 illi,
1321 1411 1358 1439 et
1387 1401 1527 1440 divinis
1549 1402 1659 1440 bonis
1683 1401 1784 1441 hanc

375 1468 574 1506 licentiam
594 1467 899 1519 assequebantur.
946 1467 1186 1518 Cynicorum
1218 1481 1306 1505 vero
1326 1468 1423 1506 ratio
1444 1477 1523 1507 tota
1551 1468 1602 1506 est
1623 1469 1783 1521 ejicien-

374 1534 423 1572 da
440 1548 449 1572 :
482 1533 534 1571 est
552 1534 659 1571 enim
679 1533 840 1571 inimica
857 1533 1110 1579 verecundiae,
1140 1533 1216 1572 fine
1238 1548 1312 1587 qua
1333 1533 1433 1572 nihil
1453 1536 1600 1574 rectum
1620 1535 1690 1573 effe
1710 1549 1782 1588 po-

377 1599 458 1645 test,
489 1598 589 1637 nihil
609 1598 830 1637 honestum.

427 1666 506 1704 Eos
537 1675 682 1709 autem,
713 1677 882 1717 quorum
909 1665 987 1702 vita
1020 1664 1211 1717 perspecta
1242 1664 1282 1702 in
1318 1665 1430 1703 rebus
1465 1664 1634 1704 honestis
1665 1675 1781 1718 atque

374 1733 524 1785 magnis
555 1732 620 1777 est,
653 1732 749 1770 bene
782 1731 828 1768 de
848 1731 1044 1784 republica
1063 1731 1280 1776 sentientes,
1312 1745 1354 1770 ac
1388 1732 1485 1770 bene
1511 1733 1684 1778 meritos,
1715 1744 1782 1772 aut

374 1809 575 1844 merentes,
618 1797 712 1836 ficut
746 1797 877 1849 aliquo
907 1796 1052 1835 honore
1085 1807 1149 1835 aut
1179 1798 1344 1850 imperio
1378 1798 1546 1844 affectos,
1587 1799 1782 1838 observare

371 1875 411 1904 et
430 1866 555 1904 colere
574 1865 759 1904 debemus
778 1878 787 1901 :
821 1864 986 1901 tribuere
1006 1864 1122 1901 etiam
1143 1864 1317 1902 multum
1337 1864 1544 1909 senectuti3
1567 1865 1699 1902 cedere
1719 1867 1780 1911 iis,

372 1932 441 1984 qui
461 1931 729 1984 magistratum
748 1929 973 1974 habebunt;
1005 1928 1145 1967 habere
1174 1930 1368 1968 delectum
1388 1931 1482 1969 civis
1502 1940 1539 1968 et
1559 1933 1749 1983 peregrini
1766 1952 1777 1977 5

371 1998 412 2036 in
432 1997 592 2050 ipsoque
622 1996 838 2049 peregrino,
870 1995 1115 2048 privatimne,
1146 2009 1192 2034 an
1226 1996 1383 2049 publice
1405 1997 1575 2042 venerit3
1607 1998 1652 2035 ad
1672 1998 1780 2036 sum-

371 2077 498 2107 mum,
522 2076 569 2101 ne
589 2075 700 2115 agam
721 2062 766 2100 de
785 2061 958 2114 finguli5‚
988 2074 1242 2100 communem
1263 2063 1380 2100 totius
1400 2063 1549 2115 generis
1568 2062 1779 2102 hominum

371 2128 686 2168 conciliationem
717 2138 755 2167 et
790 2127 1116 2167 consociationem
1150 2128 1288 2173 colere,
1324 2128 1437 2174 tueri,
1482 2127 1623 2166 servare
1661 2129 1777 2168 debe-

371 2208 473 2234 mus.

424 2261 557 2300 XLII.
591 2261 678 2311 Jam
710 2259 756 2298 de
782 2260 955 2298 artificiis
983 2268 1021 2297 et
1051 2257 1271 2310 quaestibus,
1302 2259 1371 2311 qui
1402 2258 1573 2298 liberales
1594 2259 1777 2306 habendi,

369 2328 438 2381 qui
459 2328 599 2366 sordidi
630 2327 716 2372 fint,
749 2326 831 2365 haec
863 2325 941 2364 fere
961 2326 1195 2378 accepimus.
1242 2326 1420 2365 Primum
1445 2327 1716 2380 improbantur
1749 2328 1777 2366 ii

371 2395 548 2445 quaestus,
570 2394 639 2447 qui
659 2394 700 2432 in
720 2393 806 2432 odia
825 2393 1036 2432 hominum
1057 2392 1285 2437 incurrunt5
1308 2402 1352 2430 ut
1372 2394 1618 2446 portitorum,
1636 2404 1679 2432 ut
1699 2393 1776 2432 foe-

372 2469 606 2499 neratorum.
652 2460 862 2500 Illiberales
883 2469 1013 2498 autem
1033 2468 1070 2496 et
1091 2457 1230 2497 sordidi
1249 2459 1412 2512 quaestus
1433 2462 1774 2506 mercenariorum,

371 2525 642 2577 omniumque,
673 2539 840 2578 quorum
873 2539 1008 2579 operae,
1041 2537 1117 2562 non
1143 2538 1310 2576 quorum
1336 2535 1445 2571 artes,
1477 2536 1674 2563 emuntur.
1708 2525 1774 2563 Est

371 2589 477 2628 enim
497 2589 574 2628 illis
605 2590 682 2643 ipsa
701 2604 844 2630 merces
872 2593 1203 2631 auctoramentum
1230 2589 1433 2630 servitutis.
1480 2591 1629 2630 Sordidi
1657 2591 1773 2629 etiam
