2223 3003
454 235 531 288 382
754 217 1551 270 PHILOSOPHICOR'UM

453 335 507 372 D.
536 335 654 371 Auo.
689 329 750 367 lib.
775 340 889 366 xxn.
922 334 1002 379 cap.
1026 326 1084 380 6.]
1127 326 1330 379 Propterea
1359 333 1398 363 et
1417 323 1532 363 istum
1552 336 1630 362 non
1661 324 1851 364 creditum

507 400 606 437 inter
627 397 730 434 Deos
761 401 961 446 receptum
994 391 1061 430 tali
1094 400 1231 437 morte,
1266 391 1357 444 quia
1374 389 1537 436 fortasse,
1569 390 1675 443 quod
1703 398 1782 428 erat
1811 390 1853 428 in

508 461 682 501 Romulo
700 460 922 512 probatum,
944 458 1114 497 Romani
1133 459 1288 512 vulgare
1307 457 1528 503 noluerunt,
1549 457 1575 496 fi
1596 455 1671 496 hoc
1690 465 1728 495 et
1747 455 1854 495 alteri

507 529 752 566 tribueretur.

454 596 605 632 LACT.
634 592 695 630 lib.
719 605 759 629 v.
791 599 871 643 cap.
899 591 981 644 19.]
1025 590 1123 629 Vult
1150 591 1262 644 plane
1295 590 1415 629 virtus
1450 589 1666 634 honorem3
1698 601 1768 626 nec
1802 587 1855 626 est

507 658 661 696 virtutis
683 656 761 694 ulla
780 655 851 694 alia
870 669 1015 694 merces
1031 674 1043 701 ς
1076 669 1193 708 quam
1214 665 1341 694 tamen
1367 656 1433 694 illa
1451 655 1593 709 accipit
1611 654 1738 699 facile,
1771 653 1854 692 exi-

507 726 566 778 git
586 737 663 763 non
685 723 828 761 acerbe.
872 723 945 761 Sed
963 722 991 760 fi
1014 731 1079 760 aut
1099 723 1240 775 ingrati
1271 722 1447 768 univerfi,
1477 731 1541 760 aut
1570 721 1692 760 invidi
1722 720 1854 764 multi,

506 800 574 828 aut
593 789 745 828 inimici
765 797 939 841 potentes
961 787 1034 825 suis
1055 787 1240 825 virtutem
1261 787 1427 840 praemiis
1457 787 1634 840 spoliant,
1666 800 1713 824 ne
1735 786 1801 824 illa
1821 784 1856 823 se

509 866 638 893 tamen
659 853 794 892 multis
814 853 956 890 solatiis
977 852 1156 897 oblectat,
1178 853 1425 904 maximeque
1445 852 1511 890 suo
1531 853 1666 892 decore
1681 851 1717 890 se
1737 851 1856 906 ipsam

509 922 700 960 sustentat.

455 990 508 1027 D.
532 990 650 1025 AUG-
673 986 734 1024 lib.
769 999 884 1024 xxn.
916 994 995 1038 cap.
1019 986 1057 1024 6.
1091 984 1230 1038 Civit.]
1263 985 1335 1023 Sed
1365 984 1426 1023 his
1453 985 1592 1037 poenis,
1626 996 1720 1037 quas
1740 983 1856 1021 etiam

509 1051 717 1091 stultiffimi
746 1051 927 1096 sentiunt,
958 1051 1132 1104 egestate,
1164 1051 1295 1096 exilio,
1322 1051 1503 1095 vinculis,
1539 1049 1758 1088 verberibus
1779 1048 1858 1086 ela-

510 1121 656 1157 buntur
675 1118 768 1170 saepe
787 1118 940 1170 privati,
961 1117 1089 1156 oblata
1118 1117 1254 1156 mortis
1275 1117 1480 1155 celeritate.
1528 1115 1762 1155 Civitatibus
1789 1128 1858 1153 au-

509 1195 589 1223 tem
612 1197 714 1223 mors
734 1183 813 1236 ipsa
832 1197 948 1236 poena
966 1183 1019 1221 est
1036 1202 1047 1229 3
1085 1197 1170 1236 quae
1190 1184 1340 1222 videtur
1369 1197 1389 1221 a
1408 1196 1522 1237 poena
1542 1182 1710 1236 singulos
1731 1181 1860 1220 vindi-

509 1264 607 1289 care.
642 1250 770 1288 Debet
786 1250 892 1287 enim
908 1250 1115 1288 constituta
1134 1249 1184 1287 fic
1212 1249 1282 1288 effe
1302 1249 1451 1294 civitas,
1469 1258 1512 1287 ut
1528 1258 1664 1287 aeterna
1690 1248 1747 1286 sit.
1780 1248 1858 1286 Ita-

510 1330 585 1368 que
605 1315 735 1353 nullus
763 1315 942 1352 interitus
966 1315 1021 1353 est
1047 1315 1268 1367 reipublicae
1298 1315 1493 1359 naturalis,
1527 1323 1570 1352 ut
1600 1313 1787 1358 hominis,
1819 1313 1859 1350 in

511 1395 589 1434 quo
611 1394 714 1419 mors
734 1393 811 1418 non
831 1380 950 1418 modo
971 1380 1169 1418 neceffaria
1197 1381 1264 1425 est,
1299 1394 1431 1418 verum
1450 1380 1566 1418 etiam
1587 1379 1752 1433 optanda
1771 1393 1858 1432 per-

512 1447 620 1500 saepe.
654 1446 800 1485 Civitas
821 1454 964 1491 autem,
986 1460 1079 1484 cum
1097 1446 1262 1491 tollitur,
1284 1446 1444 1489 deletur,
1466 1446 1720 1497 extinguitur,
1739 1444 1861 1482 fimile

509 1513 564 1551 est
583 1511 888 1565 quodammodo,
921 1520 964 1549 ut
994 1512 1145 1564 magnis
1177 1524 1291 1564 parva
1317 1509 1576 1556 conferamus,
1613 1524 1655 1549 ac
1677 1510 1703 1549 fi
1731 1511 1859 1549 omnis

510 1578 576 1617 hic
598 1578 767 1617 mundus
788 1578 949 1617 intereat
968 1592 1011 1617 ac
1027 1578 1220 1617 concidat.

455 1646 510 1684 D.
533 1647 651 1683 Auo.
672 1644 733 1683 lib.
761 1657 811 1683 11.
834 1654 912 1698 cap.
938 1641 1002 1684 2‘1.
1026 1645 1164 1698 Civit.]
1197 1644 1430 1698 Respublica
1449 1644 1502 1683 est
1522 1657 1578 1683 res
1595 1644 1744 1698 populi.
1782 1645 1859 1683 Po-

509 1711 625 1764 pulus
646 1719 775 1749 autem
796 1724 875 1749 non
895 1711 1022 1749 omnis
1057 1720 1180 1749 coetus
1216 1711 1496 1757 multitudinis,
1530 1711 1592 1750 sed
1621 1720 1745 1750 coetus
1761 1711 1859 1764 juriS

510 1776 707 1821 consensu,
728 1784 767 1815 et
788 1777 964 1815 utilitatis
985 1777 1264 1816 communione
1283 1777 1457 1816 sociatus.

458 1843 512 1881 D.
530 1844 647 1880 Auo.
668 1842 826 1895 ibidem]
858 1843 1092 1895 Respublica
1123 1857 1178 1882 res
1199 1843 1251 1882 est
1281 1844 1431 1897 populi,
1463 1857 1556 1882 cum
1577 1844 1673 1882 bene
1699 1857 1742 1881 ac
1763 1842 1862 1895 juste

511 1908 670 1960 geritur,
702 1908 774 1945 sive
806 1907 853 1946 ab
874 1921 952 1946 uno
982 1922 1081 1961 rege,
1115 1901 1227 1946 five'a
1248 1910 1378 1961 paucis
1408 1909 1675 1962 optimatibus,
1712 1910 1784 1947 five
1814 1908 1862 1945 ab

512 1973 686 2011 universo
706 1973 865 2025 populo.
899 1974 1003 2011 Cum
1022 1987 1111 2011 vero
1131 1973 1292 2026 injustus
1312 1974 1365 2013 est
1390 1987 1469 2019 rex,
1503 1988 1622 2027 quem
1654 1984 1862 2026 tyrannum

514 2051 638 2083 voco;
670 2047 734 2076 aut
756 2038 885 2090 injusti
905 2039 1126 2092 optimates,
1148 2053 1315 2092 quorum
1336 2039 1538 2078 consensus
1559 2039 1674 2078 factio
1694 2039 1772 2083 est;
1796 2048 1862 2077 aut

514 2102 672 2155 injustus
694 2102 770 2156 ipse
789 2103 971 2156 populus,
993 2105 1057 2143 cui
1076 2118 1218 2143 nomen
1240 2105 1419 2143 usitatum
1441 2105 1596 2144 nullum
1618 2105 1776 2158 reperio,
1795 2104 1863 2143 nisi

515 2180 556 2208 ut
577 2171 692 2208 etiam
714 2169 838 2223 ipsum
862 2179 1067 2222 tyrannum
1087 2171 1307 2224 appellem;
1331 2186 1406 2210 non
1422 2173 1506 2224 jam
1527 2172 1672 2217 vitiosa,
1693 2172 1751 2210 sed
1772 2186 1860 2211 om-

516 2237 608 2274 nino
642 2237 748 2275 nulla
782 2236 995 2289 respublica
1015 2238 1080 2283 est,
1112 2239 1296 2291 quoniam
1329 2252 1406 2277 non
1437 2239 1488 2277 est
1509 2252 1565 2277 res
1586 2239 1736 2292 populi.
1771 2251 1863 2276 cum

515 2311 697 2353 tyrannus
718 2317 816 2347 eam,
834 2302 994 2341 factiove
1016 2304 1203 2357 capeffat;
1227 2318 1295 2343 nec
1317 2304 1393 2357 ipse
1412 2305 1577 2358 populus
1593 2307 1674 2357 jam
1696 2305 1862 2358 populus

514 2368 579 2412 est,
603 2368 626 2406 si
650 2368 692 2406 fit
714 2369 888 2420 injustus,
911 2371 1097 2422 quoniam
1129 2384 1205 2409 non
1226 2371 1278 2409 est
1299 2370 1511 2409 multitudo
1536 2371 1633 2422 juris
1664 2370 1861 2415 consensu,

514 2444 551 2473 et
574 2434 748 2472 utilitatis
769 2437 1045 2475 communione
1068 2437 1215 2476 sociata.

457 2503 514 2541 D.
534 2502 650 2539 Αυω.
674 2501 734 2539 Ιίίι.
763 2515 875 2539 xxii.
899 2513 978 2555 sap.
1004 2517 1066 2542 21.
1092 2504 1230 2557 Civis]
1274 2503 1354 2542 Ubi
1386 2517 1474 2542 vero
1502 2504 1647 2557 justitia
1684 2519 1759 2542 non
1794 2504 1861 2548 est.

515 2581 584 2606 ncc
600 2569 662 2620 jus
684 2569 804 2621 potest
821 2568 904 2607 effe.
929 2571 1046 2621 Qod
1066 2571 1170 2609 enim
1187 2572 1273 2624 jure
1294 2570 1351 2617 fit,
1367 2569 1537 2624 profeffto
1551 2573 1650 2625 juste
1674 2572 1714 2611 fit
1732 2588 1738 2610 :
1760 2571 1862 2624 quod
