2223 3003
398 286 444 312 10

404 1554 496 1594 XII.

676 270 780 311 DE
835 269 1483 310 DIVINATIONE

528 369 662 423 Vidisti,
691 378 726 407 et
744 369 840 407 claro
858 369 1021 406 tremulos
1038 366 1167 404 ardore
1183 373 1345 409 cometas,

527 434 720 485 Multaque
736 431 872 484 mfieri
886 432 1062 471 noblurna
1065 429 1194 482 strage
1204 429 1346 483 putasti
1350 446 1364 474 3

526 497 631 550 Qod
627 498 751 549 ferme
768 495 885 535 dirum
903 497 941 535 in
961 504 1095 549 tempus
1113 495 1264 535 cecinere
1281 494 1444 539 Latinaeu

527 565 618 602 Cum
635 562 770 602 claram
774 561 926 615 speciem
944 571 1102 601 concreto
1119 561 1246 600 lumine
1264 561 1349 599 luna

526 628 692 674 Abdidit,
712 638 748 667 et
751 629 875 682 ficbito
879 628 1044 682 stellanti
1059 630 1156 667 noble
1166 636 1352 681 perempta
1370 626 1428 680 est.

526 694 626 748 Qid
637 709 724 734 vero
743 695 966 749 Phaebiflzx,
996 695 1106 749 tristis
1124 694 1253 733 nuntia
1270 693 1361 738 belli,

526 763 618 815 Qae
634 775 801 814 magnum
818 761 869 800 ad
882 761 1032 801 columen
1037 762 1226 816 flammato
1242 759 1371 799 ardore
1387 759 1544 801 volabat,

526 827 740 882 Praectpites
754 827 835 867 caeli
838 836 980 881 partes,
1009 827 1185 881 obitusque
1195 825 1345 880 petfft.

532 896 612 934 Aut
629 908 707 933 cum
725 894 884 933 terribili
890 895 1072 948 permistis
1075 893 1233 946 fulmine
1251 893 1353 938 civis,

527 961 628 999 Luce
631 961 824 1013 serenanti
838 961 969 1000 vitalia
987 960 1120 999 lumina
1137 960 1241 1013 liquit
1254 974 1268 998 .-

525 1026 611 1064 Aut
628 1039 706 1065 cum
710 1026 756 1078 st
767 1024 924 1079 gravido
937 1025 1131 1078 tremefecit
1145 1031 1287 1076 corpore
1306 1023 1419 1061 tellus.

524 1091 620 1144 Jam
639 1105 724 1130 vero
742 1091 861 1130 variae
878 1093 1049 1130 nocturno
1068 1098 1220 1143 tempore
1237 1089 1325 1142 vifae

526 1154 717 1196 Terribiles
719 1156 859 1208 firmet
876 1155 1000 1195 bellurn
1018 1158 1193 1210 motusque
1210 1153 1394 1194 monebant
1409 1168 1424 1192 .·

526 1224 721 1277 Multaque
732 1232 802 1276 per
820 1231 942 1262 terras
959 1232 1063 1262 vates
1080 1222 1200 1261 oracla
1203 1221 1359 1274 furenti

527 1288 903 1341 Pectorefundebant,
933 1288 1048 1341 tristes
1065 1287 1272 1327 minitantia
1290 1287 1387 1339 ccfics
1398 1301 1414 1324 .-

527 1357 652 1409 Atque
669 1368 723 1400 ea,
751 1368 832 1408 quae
844 1354 943 1407 lapstc
960 1353 1100 1393 tandem
1113 1353 1262 1394 cecidere
1274 1352 1422 1406 vetusto,

528 1422 729 1474 Haecsore,
752 1421 937 1475 perpetuis
939 1421 1058 1474 signis
1076 1421 1246 1474 clarisque
1248 1419 1492 1472 frequentans

525 1488 602 1542 12>st
620 1487 742 1527 Deam
755 1487 899 1540 genitor
916 1487 998 1526 caelo
1016 1486 1188 1540 terrisque
1205 1484 1367 1525 canebat.

527 1555 639 1594 Nunc
655 1569 709 1599 ea,
740 1550 923 1606 ‘Torquato
941 1566 1021 1607 quae
1039 1551 1223 1606 quondam,
1243 1561 1279 1589 et
1300 1549 1444 1604 Confide
1463 1549 1588 1592 Cotta,

527 1619 664 1671 Lydius
683 1618 838 1657 ediderat
858 1617 1054 1671 Tyrrhena·
1067 1618 1188 1670 gentis
1205 1617 1395 1668 harsgspex,

527 1683 658 1723 Omnia
661 1683 748 1734 fixa
766 1691 851 1721 tuus
863 1683 1062 1735 glomerans
1078 1682 1290 1722 determinat
1307 1694 1436 1719 annus.

527 1752 627 1790 Nam
639 1757 750 1801 pater
767 1747 963 1784 altitonans
967 1746 1133 1796 stellanti
1147 1745 1252 1782 nixus
1271 1744 1416 1795 Oh'mpo

527 1815 694 1870 Ipstficos
713 1810 884 1866 quondam
902 1809 1052 1848 tumulos
1069 1823 1112 1848 ac
1131 1809 1260 1861 templa
1272 1807 1422 1861 petivit,

528 1884 582 1922 Et
603 1878 812 1933 Capitolinis
831 1875 947 1927 ity'ecit
952 1874 1095 1928 sedibus
1113 1875 1232 1927 ignes5

530 1944 759 2000 Tumspecies
773 1957 816 1982 ex
834 1955 906 1981 cere
924 1950 1042 1986 vetus,
1067 1951 1309 1994 generataque
1328 1941 1461 1979 Nattae

531 2011 705 2055 Concidit,
736 2009 923 2062 elapsaeque
941 2006 1074 2059 vettfio
1092 2007 1230 2045 nutnine
1248 2007 1335 2059 leges
1350 2021 1363 2044 .·

531 2082 582 2119 Et
601 2075 946 2127 Divdmfimulacra
959 2073 1284 2127 peremitsulminis
1301 2070 1424 2111 ardor.

530 2142 790 2197 Hicstlvcstris
803 2151 897 2187 erat,
925 2140 1080 2180 Romani
1095 2139 1239 2178 nominis
1256 2139 1384 2183 altrix,

532 2211 693 2254 Martia,
724 2223 802 2262 quae
815 2217 952 2261 parvos
972 2205 1300 2259 Mavortisstmine
1319 2214 1420 2243 natos

532 2276 702 2318 Uberibus
718 2274 885 2328 gravidis
902 2274 1014 2313 vitali
1029 2287 1109 2312 rore
1127 2272 1273 2325 rigabat
1288 2288 1302 2310 :

532 2344 622 2395 Qua
640 2353 715 2380 tum
733 2354 810 2380 cum
823 2340 946 2393 pueris
951 2340 1138 2394 flammato
1142 2338 1312 2391 fiaelminis
1330 2337 1404 2376 iau

532 2407 706 2451 Concidit,
736 2416 843 2460 atque
861 2407 986 2459 avulsa
998 2404 1126 2458 pedum
1142 2403 1288 2457 vestigia
1307 2403 1423 2456 liquit.

531 2474 621 2515 ‘Tum
640 2474 716 2527 quis
735 2487 802 2512 non
821 2473 1068 2526 artisfiripta
1085 2485 1129 2511 ac
1147 2479 1366 2509 monumenta
1383 2469 1564 2511 volutans,

532 2543 633 2581 Voces
653 2540 828 2594 tristificas
847 2539 985 2579 chartis
997 2538 1181 2591 promebat
1201 2537 1364 2592 Etrqscis
1380 2537 1402 2574 ἕ
