2223 3003
515 280 595 324 304
843 263 947 302 DE
1005 261 1584 301 SENECTUTE.

511 367 654 409 necess‘e
673 365 724 403 est
758 362 859 402 mihi
878 361 925 400 de
958 374 1023 400 me
1054 360 1135 415 ipso
1155 360 1280 399 dicere
1296 379 1308 407 ;
1340 373 1564 414 quanquam
1593 359 1647 399 est
1680 359 1721 399 id
1750 363 1912 414 quidem

512 434 639 477 senile,
662 430 840 481 aetatique
865 427 998 466 nostrae
1018 427 1255 466 conceditur.

566 500 618 537 X.
647 494 857 540 Videtisne,
890 503 934 532 ut
954 495 1055 547 apud
1075 494 1298 532 Homerum
1318 493 1514 547 saepiffime
1534 492 1676 532 Nestor
1694 493 1741 532 de
1758 493 1915 532 virtuti·

510 566 582 604 bus
603 562 678 601 suis
699 560 880 616 praedicet
897 561 910 598 ?
940 560 1095 599 tertiam
1114 560 1217 599 enim
1234 561 1316 613 jam
1337 570 1487 599 aetatem
1508 559 1718 598 hominum
1737 559 1912 604 vivebat;

511 643 582 670 nec
602 638 680 667 erat
709 629 745 666 ei
766 624 990 672 verendum,
1020 639 1082 671 ne,
1104 639 1189 664 vera
1208 626 1255 664 de
1276 626 1310 664 se
1329 626 1551 680 praedicans,
1588 626 1704 664 nimis
1724 625 1916 663 videretur

510 705 578 735 aut
597 694 776 739 insolens,
797 702 862 731 aut
882 693 1037 745 loquax.
1060 692 1234 737 Etenim,
1249 701 1292 730 ut
1311 692 1363 730 ait
1385 692 1599 737 Homerus,
1616 705 1664 730 ex
1684 692 1766 744 ejus
1786 690 1919 743 lingua

511 763 630 802 melle
650 761 800 800 dulcior
820 759 962 798 fluebat
990 759 1136 804 orati03
1167 772 1284 811 quarn
1306 759 1352 797 ad
1381 757 1604 797 suavitatem
1636 758 1754 797 nullis
1783 757 1920 810 egebat

509 828 682 881 corporis
704 826 875 864 viribus:
908 833 946 862 et
974 834 1105 862 tamen
1135 824 1215 862 dux
1245 824 1311 862 ille
1332 824 1494 863 Graeciae
1513 824 1703 877 nusquam
1723 832 1845 876 optat,
1875 830 1919 860 ut

514 895 644 947 Ajacis
665 892 805 931 fimiles
838 889 973 928 habeat
1004 890 1154 933 decem,
1190 898 1227 928 at
1257 899 1301 927 ut
1321 889 1520 936 Nestoris;
1551 891 1658 943 quod
1678 890 1704 929 fi
1724 889 1918 934 acciderit,

512 973 590 998 non
610 958 776 1001 dubitat,
794 955 891 1008 quin
911 955 1017 993 brevi
1037 955 1158 1007 Troja
1176 954 1221 993 fit
1240 955 1419 1008 peritura.

568 1025 641 1063 Sed
674 1024 787 1063 redeo
820 1022 866 1060 ad
898 1035 974 1060 me.
1021 1022 1217 1073 Qartum
1251 1033 1396 1060 annum
1428 1035 1501 1075 ago
1533 1031 1573 1060 et
1605 1021 1917 1074 ostogefimum:

512 1091 696 1144 equidem
728 1088 830 1143 poffe
855 1087 996 1126 vellem
1029 1087 1135 1126 idem
1165 1087 1336 1141 gloriari,
1371 1087 1477 1140 quod
1513 1088 1637 1140 Cyrus
1654 1101 1675 1126 :·
1696 1086 1759 1125 sed
1791 1096 1920 1125 tamen

511 1157 589 1196 hoc
609 1169 710 1210 queo
729 1156 868 1199 dicere,
900 1168 979 1193 non
1010 1167 1074 1193 me
1107 1154 1268 1207 quidem
1301 1154 1348 1193 iis
1382 1153 1453 1192 effe
1483 1154 1645 1198 viribus,
1682 1153 1825 1206 quibus
1855 1161 1923 1191 aut

514 1224 627 1262 miles
661 1222 765 1261 bello
795 1221 959 1266 Punico,
989 1230 1055 1259 aut
1119 1221 1251 1260 uaestor
1284 1220 1420 1259 eodem
1450 1220 1567 1265 bello,
1604 1229 1671 1259 aut
1700 1218 1848 1258 Consul
1881 1219 1923 1256 in

514 1289 703 1342 Hispania
722 1287 879 1332 fuerim,
909 1296 976 1326 aut
995 1287 1248 1339 quadriennio
1281 1286 1378 1340 post,
1408 1299 1502 1325 cum
1531 1286 1710 1324 tribunus
1741 1284 1920 1323 militaris

514 1354 731 1407 depugnavi
760 1351 862 1405 apud
891 1350 1191 1404 Thermopylas,
1223 1352 1299 1390 Μ’.
1321 1351 1454 1390 Acilio
1484 1350 1697 1389 Glabrione
1727 1349 1921 1388 Consule:

513 1421 577 1460 sed
608 1430 738 1459 tamen
770 1419 831 1470 (ut
852 1431 918 1457 vos
938 1418 1094 1470 videtis)
1126 1431 1204 1456 non
1226 1418 1337 1471 plane
1367 1431 1431 1456 me
1450 1418 1655 1462 enervavit,
1679 1429 1750 1455 nec
1769 1414 1922 1459 afflixit,

515 1489 684 1527 senectus
703 1501 712 1525 ε
744 1498 822 1524 non
843 1485 948 1522 curia
967 1483 1064 1522 vires
1084 1497 1189 1522 meas
1209 1484 1404 1528 defiderat,
1423 1497 1502 1521 non
1522 1483 1672 1527 Rostra,
1695 1495 1773 1520 non
1790 1482 1922 1525 amici,

514 1567 593 1593 non
614 1552 786 1596 clientes,
803 1563 880 1588 non
901 1549 1093 1603 hospites:
1116 1563 1188 1588 nec
1207 1550 1313 1588 enim
1333 1562 1508 1602 unquam
1526 1548 1611 1587 sum
1631 1547 1791 1587 affensus
1805 1547 1925 1586 veteri

515 1620 575 1658 illi
595 1618 825 1669 laudatoque
845 1615 1064 1669 proverbio,
1081 1615 1187 1669 quod
1206 1624 1354 1660 monet,
1376 1623 1526 1653 mature
1545 1613 1629 1652 fieri
1648 1614 1792 1660 senem,
1808 1613 1835 1652 s1
1856 1614 1924 1653 diu

512 1685 608 1724 velis
639 1683 711 1723 effe
744 1683 871 1722 senex.
917 1682 1004 1736 Ego
1033 1695 1122 1721 vero
1141 1695 1205 1720 me
1238 1682 1370 1721 minus
1400 1681 1467 1720 diu
1487 1681 1616 1719 senem
1647 1680 1718 1719 esse
1748 1680 1923 1726 mallem,

516 1765 635 1805 quarn
656 1750 726 1789 ess‘e
745 1749 874 1788 senem
893 1757 994 1794 ante,
1026 1761 1146 1801 quam
1173 1747 1302 1786 essem.
1346 1749 1480 1800 Itaque
1499 1759 1616 1786 nemo
1636 1745 1764 1786 adhuc
1782 1759 1924 1787 conve-

517 1819 599 1857 nire
619 1830 684 1856 me
701 1816 841 1860 voluit,
863 1815 927 1853 cui
947 1814 1090 1854 fuerim
1111 1824 1337 1868 occupatus.

572 1886 627 1921 At
646 1883 775 1920 minus
793 1880 917 1918 habeo
937 1881 1095 1925 virium,
1127 1894 1245 1932 quarn
1267 1879 1433 1919 vestrum
1452 1881 1611 1919 utervis<
1642 1881 1730 1919 Nec
1748 1893 1815 1919 vos
1835 1880 1925 1933 qui-

518 1949 609 1988 dem
629 1950 683 1987 T.
708 1947 837 1986 Pontii
867 1946 1104 1984 centurionis
1135 1947 1231 1984 vires
1262 1945 1439 1985 habetis:
1471 1959 1568 1984 num
1601 1946 1748 1984 idcirco
1778 1947 1831 1984 est
1858 1947 1926 1984 ille

517 2015 780 2070 praestantior?
812 2013 1033 2052 Moderatio
1053 2013 1172 2051 modo
1193 2013 1334 2051 virium
1354 2013 1460 2058 adfit,
1481 2022 1520 2051 et
1541 2021 1707 2058 tantum,
1735 2022 1927 2065 quantum

519 2083 656 2137 potest,
688 2079 850 2134 quisque
870 2081 1042 2125 nitatur;
1075 2094 1131 2118 naz
1163 2080 1229 2118 ille
1260 2094 1337 2119 non
1369 2094 1512 2134 magno
1531 2080 1714 2119 defiderio
1734 2080 1927 2118 tenebitur

518 2150 676 2188 virium.
712 2147 909 2200 Olympiae
941 2160 1009 2200 per
1035 2146 1198 2185 stadium
1218 2147 1401 2200 ingress‘us
1430 2147 1502 2186 else
1522 2147 1628 2186 Milo
1647 2147 1804 2192 dicitur,
1835 2159 1927 2185 cum

519 2214 694 2253 humeris
730 2212 926 2251 sustineret
956 2213 1095 2251 bovem
1131 2213 1278 2251 vivum.
1311 2214 1459 2251 Utrum
1491 2213 1610 2266 igitur
1639 2211 1708 2251 has
1739 2213 1925 2265 corporis,

519 2294 566 2319 an
598 2279 822 2332 Pythagorae
855 2279 926 2317 tibi
947 2278 1059 2317 malis
1090 2279 1185 2318 vires
1207 2279 1351 2332 ingenii
1379 2279 1491 2317 dari?
1525 2279 1706 2331 Denique
1734 2278 1804 2317 isto
1826 2279 1928 2316 bono

519 2357 640 2391 utare,
663 2346 757 2384 dum
779 2345 870 2383 adsit
889 2364 900 2389 ;
932 2359 1023 2384 cum
1046 2346 1154 2391 abfit,
1185 2359 1232 2384 nc
1251 2347 1435 2399 requiras.
1478 2345 1561 2384 Nifi
1590 2344 1688 2383 forte
1707 2344 1927 2383 adolescen-

520 2423 576 2453 tes
614 2413 832 2466 pueritiam,
875 2412 1036 2465 paulum
1071 2422 1178 2452 aetate
1213 2412 1391 2467 progreffi
1424 2411 1732 2455 adolescentiam,
1763 2411 1927 2450 debcant

521 2481 727 2533 requirere.
787 2479 930 2517 Cursus
962 2480 1013 2517 cst
1034 2488 1161 2518 certus
1194 2480 1328 2524 aetatis,
1358 2488 1397 2517 ct
1428 2492 1501 2517 una
1531 2479 1591 2517 via
1622 2488 1778 2523 naturae,
1809 2490 1927 2530 eaque

463 2540 467 2544 ⁴
521 2546 711 2600 simplcx3
745 2545 884 2598 suaque
914 2547 1056 2598 cuique
1086 2547 1181 2600 parti
1217 2546 1336 2585 aetatis
1368 2546 1641 2600 tempestivitas
1671 2545 1724 2584 cst
1744 2545 1852 2590 data;
1884 2555 1925 2581 ut
