2223 3003
409 236 463 289 96
699 231 803 270 DE
860 197 1513 267 DIVINATIbNE

405 337 643 388 jungeretur,
665 328 833 367 calculos
853 324 1013 377 ejecisse.
1043 324 1170 361 Video
1183 321 1464 375 sympathiam:
1486 321 1612 360 visum
1627 321 1681 361 est
1698 323 1805 363 enim

412 401 486 439 tale
516 397 712 449 objectum
742 390 964 435 dormienti,
988 399 1034 428 ut
1061 389 1116 435 id,
1148 388 1255 441 quod
1276 388 1415 433 evenit,
1450 396 1593 426 naturae
1624 388 1696 433 vis,
1725 402 1805 428 non

409 464 542 518 opinio
561 460 710 504 erroris,
731 457 914 496 effecerit.
946 456 1044 507 Qa:
1064 456 1183 508 igitur
1201 464 1334 494 natura
1353 453 1497 493 obtulit
1515 453 1624 492 illam
1640 453 1806 507 speciem

410 527 614 572 Simonidi,
636 540 657 564 a
676 539 751 578 qua
770 532 957 562 vetaretur
975 522 1178 575 navigare?
1208 531 1274 560 aut
1294 521 1388 574 quid
1409 530 1551 560 naturae
1576 520 1806 574 copulatum

408 595 545 634 habuit
564 591 792 635 Alcibiadis,
813 589 919 642 quod
939 588 1129 633 scribitur,
1149 587 1344 626 somnium
1363 588 1376 624 ?
1397 587 1479 639 qui,
1501 586 1616 639 paulo
1634 595 1722 624 ante
1740 586 1804 624 in-

409 662 582 704 teritum,
603 657 702 696 visus
723 656 776 695 est
794 655 835 693 in
855 655 997 693 somnis
1017 654 1149 710 amicae
1168 653 1239 691 effe
1258 653 1420 691 amictus
1440 652 1623 691 amiculo.
1655 653 1692 691 Is
1712 665 1805 690 cum

409 727 499 766 effet
518 726 707 780 projectus
727 720 968 766 inhumatus,
981 720 1028 758 ab
1049 719 1305 772 omnibusque
1320 719 1636 770 desertusjaceret
1648 736 1661 762 ς
1682 717 1806 755 amica

409 807 549 847 corpus
569 793 650 844 ejus
672 789 768 828 texit
787 788 854 826 suo
872 787 1003 840 pallio.
1044 787 1150 838 Ergo
1169 784 1244 824 hoc
1263 786 1384 824 inerat
1403 785 1442 823 in
1463 784 1573 823 rebus
1592 782 1747 828 futuris,
1767 792 1807 821 et

408 859 534 898 causas
569 855 756 895 naturales
790 851 982 891 habebat?
1014 852 1093 896 An,
1124 859 1164 889 et
1186 860 1230 889 ut
1258 849 1464 895 videretur,
1498 858 1536 889 et
1561 857 1605 889 ut
1622 848 1804 892 eveniret,

409 926 513 965 casus
533 922 660 961 effecit
675 921 688 957 ?

464 991 592 1029 LXX.
616 986 752 1038 Qid?
785 984 955 1038 ipsorum
974 985 1228 1037 interpretum
1261 984 1501 1035 conjecturae,
1536 995 1664 1020 nonne
1683 979 1806 1033 magis

407 1056 560 1110 ingenia
579 1054 771 1093 declarant
789 1064 937 1096 eorum,
953 1064 1071 1103 quam
1090 1051 1171 1088 vim
1186 1048 1490 1101 consensumque
1507 1048 1677 1086 naturae?
1703 1047 1807 1085 Cur-

407 1125 467 1163 sor
485 1123 532 1161 ad
551 1119 738 1173 Olympia
754 1117 944 1172 proficisci
963 1117 1152 1170 cogitans,
1173 1116 1272 1155 visus
1291 1115 1344 1154 est
1363 1115 1404 1154 in
1417 1114 1561 1154 somnis
1580 1127 1696 1152 curru
1709 1125 1808 1166 qua·

407 1191 604 1243 drigarum
633 1185 736 1225 vehi.
778 1185 899 1223 Mane
924 1184 971 1221 ad
1000 1185 1270 1235 conjectorem.
1312 1184 1368 1220 At
1386 1182 1465 1226 ille,
1483 1181 1641 1225 Vinces,
1661 1179 1806 1232 inquit.

408 1256 454 1294 Id
477 1255 584 1293 enim
613 1251 783 1290 celeritas
803 1248 1004 1302 fignificat,
1035 1257 1074 1286 et
1093 1248 1148 1286 vis
1168 1261 1374 1300 equorum.
1420 1246 1508 1285 Post
1527 1245 1632 1284 idem
1652 1244 1699 1284 ad
1718 1246 1806 1283 An-

407 1319 644 1374 tiphontem.
676 1319 713 1356 Is
733 1325 876 1360 autem,
910 1315 945 1351 V
950 1315 1088 1358 incare,
1122 1313 1265 1366 inquit,
1286 1311 1427 1351 neceffe
1446 1311 1511 1350 est.
1555 1313 1619 1350 An
1639 1325 1718 1350 non
1743 1310 1806 1348 in-

408 1387 552 1440 telligis
573 1394 738 1438 quatuor
756 1391 843 1421 ante
863 1391 900 1419 te
918 1379 1121 1419 cucurriffe
1139 1380 1152 1417 ?
1184 1381 1288 1418 Ecce
1307 1380 1402 1418 alius
1422 1378 1550 1417 cursor
1572 1380 1703 1431 (atque
1728 1377 1806 1416 ho-

407 1467 497 1493 rum
526 1451 780 1493 somniorum,
809 1457 847 1486 et
877 1447 1012 1485 talium
1043 1446 1180 1499 plenus
1210 1445 1263 1484 est
1283 1444 1487 1497 Chrysippi
1513 1444 1637 1488 liber;
1668 1443 1807 1495 plenus

408 1517 606 1570 Antipatri
623 1531 632 1554 :
664 1515 726 1554 sed
745 1514 792 1552 ad
811 1512 1004 1551 cursorem
1025 1512 1151 1563 redeo)
1182 1511 1229 1549 ad
1248 1512 1495 1563 interpretem
1519 1509 1674 1553 detulit,
1694 1507 1807 1560 aqui-

407 1582 486 1622 lim
507 1583 542 1620 se
561 1583 602 1620 in
622 1581 766 1619 somnis
786 1579 910 1616 visum
939 1577 1009 1629 effe
1027 1576 1189 1615 factum.
1231 1579 1287 1614 At
1316 1576 1396 1620 ille,
1419 1574 1554 1613 Vicisti
1571 1593 1584 1619 5
1615 1574 1682 1612 ista
1701 1574 1808 1612 enim

407 1649 466 1687 avi
488 1647 588 1685 volat
608 1646 713 1685 nulla
732 1643 1012 1683 vehementius.
1058 1642 1168 1680 Huic
1201 1641 1383 1694 equidem
1403 1639 1595 1694 Antipho,
1617 1641 1685 1678 Tu
1704 1653 1806 1684 vero,

408 1714 552 1766 inquit,
585 1722 622 1750 te
651 1712 799 1749 victum
819 1708 890 1747 ess‘e
920 1722 998 1747 non
1018 1707 1150 1746 vides?
1182 1707 1255 1746 Ista
1273 1707 1378 1745 enim
1406 1706 1485 1744 avis
1514 1705 1698 1744 insectans
1718 1704 1806 1743 alias

409 1794 493 1819 aves
513 1788 551 1817 et
571 1779 730 1832 agitans,
752 1775 899 1828 semper
918 1773 996 1827 ipsa
1015 1773 1203 1826 postrema
1220 1773 1286 1812 est.

463 1847 598 1884 Parere
619 1842 793 1895 quaedam
814 1849 988 1878 matrona
1017 1839 1190 1891 cupiens,
1223 1839 1404 1877 dubitans
1434 1836 1574 1876 effetne
1593 1849 1806 1891 praegnans,

410 1910 484 1949 visa
503 1909 554 1948 est
574 1909 615 1947 in
636 1908 765 1960 quiete
785 1905 1020 1958 obsignatam
1040 1903 1178 1942 habere
1198 1913 1386 1942 naturam.
1429 1903 1596 1942 Retulit.
1639 1903 1808 1955 Negavit

411 1989 510 2021 eam,
545 1974 732 2027 quoniam
763 1971 958 2023 obsignata
987 1969 1128 2014 fuisset,
1163 1969 1365 2023 concipere
1395 1967 1569 2022 potuiffe.
1629 1969 1685 2006 At
1714 1968 1808 2005 alter

409 2050 669 2097 praegnantem
690 2038 760 2077 effe
781 2037 907 2075 dixit:
940 2050 1028 2075 nam
1056 2037 1165 2074 inane
1184 2035 1371 2089 obsignari
1402 2034 1500 2074 nihil
1533 2033 1663 2073 solere.
1710 2035 1808 2087 Qae

409 2109 461 2147 est
480 2108 547 2146 ista
566 2121 622 2145 ars
656 2103 898 2157 conjectoris,
928 2103 1120 2141 eludentis
1139 2102 1326 2155 ingenio?
1359 2104 1422 2141 An
1451 2115 1507 2146 en,
1539 2115 1624 2153 quae
1644 2100 1741 2145 dixi,
1770 2108 1809 2138 et

409 2172 721 2216 innumerabilia,
763 2184 847 2223 quae
878 2169 1037 2208 collec'ta
1070 2168 1212 2208 habent
1243 2169 1376 2214 Stoici,
1415 2168 1630 2221 quidquam
1662 2165 1808 2220 signifi-

409 2249 512 2285 cant.
544 2238 610 2277 nisi
640 2250 802 2276 acumen
823 2236 1046 2281 hominum,
1076 2249 1123 2274 ex
1155 2235 1406 2274 similitudine
1437 2235 1579 2287 aliqua,
1608 2233 1807 2284 conjectu-

411 2319 492 2345 ram
515 2304 632 2343 modo
652 2303 745 2348 huc,
778 2302 895 2341 modo
914 2302 1007 2340 illuc
1038 2301 1265 2341 ducentium
1284 2302 1297 2340 ?
1329 2301 1479 2341 Medici
1502 2301 1602 2353 signa
1632 2298 1807 2352 quaedam

410 2371 554 2411 habent
573 2385 620 2409 ex
641 2371 746 2409 venis
774 2379 812 2408 ct
838 2383 884 2408 ex
907 2369 1038 2422 spiritu
1059 2369 1215 2421 aegroti,
1248 2368 1456 2420 multisque
1485 2381 1531 2406 cx
1563 2366 1645 2404 aliis
1681 2365 1809 2403 sutum

411 2437 671 2492 praesentiunt.
695 2436 980 2475 Gubernatores
1000 2449 1093 2474 cum
1112 2435 1340 2473 exsultantes
1356 2434 1535 2487 loligines
1550 2433 1728 2476 viderint,
1744 2440 1808 2470 aut

408 2502 616 2558 delphinos
650 2503 686 2542 se
721 2503 762 2542 in
801 2511 959 2556 portum
999 2501 1262 2555 conjicientes,
1306 2501 1568 2556 tempestatem
1606 2496 1807 2554 significari
