2223 3003
440 271 516 298 212
863 254 967 292 DE
1036 252 1466 292 OFFICIIS

438 366 562 394 utram
585 353 733 407 ingredi
763 352 902 392 melius
933 350 1048 396 esset,
1079 350 1155 389 hoc
1186 351 1366 396 Herculi,
1387 351 1494 402 Jovis
1515 349 1594 389 satu
1618 351 1737 396 edim,
1767 365 1840 405 po-

438 423 515 459 tuit
545 419 694 458 fortaffe
724 418 975 470 contingere3
1007 417 1119 456 nobis
1150 431 1226 456 non
1259 417 1369 462 item,
1400 418 1468 469 qui
1498 418 1711 462 imitamur,
1744 430 1843 470 quos

438 487 579 538 cuique
598 484 724 522 visum
744 483 810 528 est,
825 494 940 536 atque
957 483 1004 521 ad
1024 496 1158 522 eorum
1174 482 1294 522 studia
1308 482 1557 536 institutaque
1573 482 1816 536 impellimur
1830 497 1842 521 ε

438 552 670 605 plerumque
688 559 833 595 autem,
855 559 1057 603 parentum
1074 550 1272 603 praeceptis
1290 550 1446 594 imbuti,
1461 551 1506 588 ad
1526 562 1661 588 eorum
1681 548 1845 587 consue-

439 617 616 655 tudinem
647 629 875 668 moremque
910 616 1154 655 deducimur.
1204 616 1286 655 Alii
1321 616 1585 654 multitudinis
1613 615 1766 668 judicio
1784 613 1845 652 fe·

440 692 591 728 runtur,
627 695 790 736 quaeque
810 682 945 735 majori
976 682 1074 736 parti
1094 681 1356 736 pulcherrima
1385 682 1577 728 videntur,
1607 695 1650 719 ea
1674 681 1849 720 maxime

439 758 637 802 exoptant.
679 747 875 787 Nonnulli
896 757 1038 793 tamen,
1071 748 1144 786 five
1161 747 1348 786 felicitate
1366 747 1547 801 quadam,
1581 747 1655 785 five
1675 746 1848 785 bonitate

440 824 597 860 naturae,
618 814 692 853 five
711 824 915 866 parentum
935 813 1149 867 disciplina,
1180 815 1321 852 rectam
1338 814 1426 852 vitae
1446 813 1565 852 secuti
1584 812 1672 851 sunt
1690 812 1807 850 viam.

479 881 676 920 XXXIII.
695 879 798 918 Illud
817 889 947 917 autem
968 879 1139 918 maxime
1155 893 1282 917 rarum
1303 893 1424 932 genus
1443 879 1497 918 est
1515 878 1760 931 eorum,qui,
1782 886 1849 915 aut

440 947 654 986 excellente
686 945 831 998 ingenii
865 945 1148 998 magnitudine,
1178 954 1243 983 aut
1276 945 1454 998 praeclara
1485 945 1700 983 eruditione
1731 953 1848 996 atque

441 1013 627 1057 dodisma,
648 1019 714 1049 aut
734 1019 893 1062 utraque
913 1023 952 1048 re
971 1010 1108 1055 ornati,
1130 1010 1295 1062 spatium
1310 1010 1427 1048 etiam
1447 1009 1683 1048 deliberandi
1697 1008 1848 1047 habue-

442 1088 546 1125 runt,
575 1091 693 1131 quem
719 1076 961 1130 potiffimum
981 1077 1068 1115 vitae
1087 1076 1243 1115 cursum
1264 1076 1369 1129 sequi
1390 1077 1558 1121 vellent;
1591 1075 1631 1113 in
1653 1088 1728 1128 qua
1747 1074 1849 1113 deli-

442 1146 638 1184 beratione
665 1143 712 1182 ad
745 1143 853 1182 suam
884 1142 1070 1196 cujusque
1101 1153 1276 1182 naturam
1297 1143 1502 1182 consilium
1521 1142 1573 1181 est
1598 1155 1716 1180 omne
1735 1154 1848 1179 revo-

441 1212 623 1250 candum.
656 1211 763 1250 Nam
783 1223 876 1248 cum
896 1209 937 1247 in
956 1209 1140 1248 omnibus
1161 1223 1246 1262 quae
1272 1218 1452 1262 aguntur,
1482 1222 1528 1247 ex
1548 1222 1594 1246 eo
1614 1208 1746 1252 modo,
1768 1221 1850 1260 quo

442 1278 605 1331 quisque
626 1287 735 1315 natus
755 1275 822 1321 est,
857 1284 898 1314 ut
918 1275 1027 1328 supra
1047 1275 1195 1314 dictum
1216 1275 1283 1320 est,
1311 1275 1404 1327 quid
1425 1275 1554 1313 deceat
1575 1274 1816 1326 exquirimus
1833 1291 1846 1317 ;

443 1355 528 1382 tum
550 1345 589 1382 in
611 1353 690 1381 tota
719 1343 798 1380 vita
817 1341 1094 1386 constituenda,
1126 1341 1254 1379 multo
1278 1341 1331 1379 est
1361 1341 1395 1378 ei
1425 1341 1476 1378 rei
1508 1354 1598 1379 cura
1627 1341 1750 1391 major
1778 1340 1846 1377 ad-

442 1409 623 1455 hibenda,
646 1418 689 1447 ut
708 1407 876 1446 constare
896 1408 935 1445 in
953 1408 1039 1446 vitae
1059 1408 1312 1460 perpetuitate
1331 1407 1515 1460 possimus
1536 1405 1728 1445 nobismet
1745 1405 1849 1458 ipsis,

441 1490 512 1514 nec
533 1477 574 1530 in
595 1475 677 1514 ullo
694 1474 825 1513 officio
844 1473 1069 1512 claudicare.

497 1543 560 1580 Ad
580 1541 680 1580 hanc
701 1550 829 1578 autem
861 1540 1050 1578 rationem
1071 1539 1256 1593 quoniam
1289 1539 1502 1578 maximam
1521 1539 1603 1576 vim
1625 1547 1758 1576 natura
1777 1535 1850 1575 ha-

442 1609 520 1652 bet,
551 1607 706 1646 fortuna
726 1605 975 1658 proximam3
1008 1605 1206 1658 utriusque
1235 1605 1397 1643 omnino
1423 1605 1518 1643 ratio
1537 1603 1712 1643 habenda
1730 1603 1782 1642 est
1808 1603 1849 1641 in

441 1674 644 1726 deligendo
663 1685 801 1726 genere
821 1672 936 1717 vitm,
960 1671 1021 1710 sed
1042 1681 1183 1710 natura:
1205 1672 1325 1725 magis
1344 1686 1352 1710 ε
1376 1671 1504 1710 multo
1519 1672 1624 1710 enim
1645 1680 1682 1709 et
1702 1669 1852 1709 firmior

441 1740 507 1784 est,
532 1748 569 1777 ct
590 1737 848 1777 constantior:
882 1746 924 1775 ut
944 1736 1099 1776 fortuna
1120 1751 1416 1790 nonnunquam,
1438 1747 1622 1789 tanquam
1644 1736 1721 1789 ipsa
1741 1750 1849 1774 mor-

443 1806 541 1851 talis,
572 1819 665 1843 cum
700 1803 913 1842 immortali
948 1813 1080 1842 natura
1114 1817 1284 1858 pugnare
1315 1804 1500 1842 videatur.
1546 1803 1628 1856 Qi
1656 1803 1775 1855 igitur
1802 1802 1849 1840 ad

443 1882 585 1909 natur-ee
606 1871 678 1908 sum
707 1882 786 1907 non
806 1869 947 1907 vitiosa·
977 1883 1098 1921 genus
1118 1871 1323 1908 eonsilium
1350 1870 1502 1908 vivendi
1534 1883 1650 1908 omne
1670 1869 1850 1908 contule-

442 1938 506 1981 rit,
539 1937 569 1974 is
589 1934 841 1974 constantiam
863 1944 985 1972 teneat
1004 1949 1012 1972 z
1047 1935 1083 1972 id
1105 1935 1209 1973 enim
1232 1935 1402 1973 maxime
1430 1935 1539 1972 decet
1558 1950 1566 1973 :
1600 1935 1668 1973 nist
1688 1934 1788 1973 forte
1815 1935 1851 1973 se

443 2002 676 2040 intellexerit
695 1999 826 2038 errasse
857 2001 896 2037 in
917 2001 1120 2053 deligendo
1149 2014 1286 2053 genere
1309 2001 1409 2039 vitae.
1461 2001 1578 2052 Qod
1607 2001 1631 2039 fi
1653 2002 1849 2045 acciderit,

447 2068 585 2120 (potest
605 2077 734 2105 autem
755 2066 940 2117 accidere)
960 2065 1132 2105 facienda
1154 2081 1308 2105 morum
1326 2067 1669 2119 institutorumque
1687 2068 1852 2106 mutatio

443 2136 508 2173 est.
543 2135 640 2173 Eam
663 2133 937 2177 mutationem,
969 2133 994 2171 si
1027 2143 1198 2186 tempora
1217 2134 1467 2185 adjuvabunt,
1497 2132 1650 2172 facilius
1670 2148 1851 2176 commo-

444 2200 604 2253 diusque
625 2199 826 2237 faciemus.
860 2199 924 2237 Sin
947 2199 1102 2244 minus,
1126 2199 1258 2237 sensim
1280 2199 1352 2237 erit
1372 2199 1688 2252 pedetentimque
1705 2199 1851 2239 facien-

445 2267 490 2305 da
510 2285 519 2310 ;
562 2277 603 2304 ut
636 2266 839 2310 amicitias,
870 2279 954 2317 quae
987 2265 1115 2304 minus
1149 2265 1352 2311 delectent,
1396 2275 1434 2303 et
1465 2267 1594 2304 minus
1625 2266 1850 2319 probentur,

446 2333 568 2385 magis
600 2332 732 2370 decere
764 2331 918 2370 censent
952 2331 1136 2384 sapientes
1170 2331 1304 2370 senfim
1338 2331 1510 2376 dissuere,
1545 2346 1663 2384 quam
1699 2344 1852 2385 repente

447 2398 662 2451 praecidere.
702 2400 958 2435 Commutato
978 2406 1106 2435 antem
1126 2411 1264 2450 genere
1285 2397 1384 2442 vitae,
1415 2398 1524 2435 omni
1547 2398 1690 2436 ratione
1711 2412 1851 2436 curan-

449 2464 543 2502 dum
565 2463 632 2508 est,
656 2472 697 2500 ut
720 2463 757 2500 id
781 2463 882 2501 bono
902 2463 1061 2501 consilio
1082 2462 1206 2502 fecisse
1226 2463 1435 2501 videamur.

505 2529 576 2568 Sed
609 2530 792 2582 quoniam
831 2530 944 2581 paulo
977 2539 1063 2568 ante
1097 2529 1246 2568 dictum
1280 2529 1347 2574 est,
1381 2529 1588 2568 imitandos
1623 2530 1694 2569 css‘c
1728 2531 1851 2582 majo·

451 2611 505 2635 res
524 2615 534 2640 ς
567 2594 738 2650 primum
760 2595 859 2634 illud
879 2606 1085 2650 exceptum
1104 2595 1163 2642 sit,
1184 2610 1231 2635 ne
1252 2595 1343 2634 vitia
1365 2595 1434 2635 lint
1456 2597 1668 2636 imitanda:
1700 2596 1852 2641 deinde,
