2223 3003
743 297 1022 338 LIBER
1110 299 1479 341 PRIMUS.
1785 320 1816 361 7

418 398 526 438 natio
548 397 682 450 generi
702 397 878 436 humano
899 397 1049 436 tributa
1068 397 1128 436 fit.
1152 398 1287 450 Atque
1308 398 1390 444 ille,
1409 398 1519 439 Mihi
1540 413 1645 448 vero,
1663 401 1812 456 inquit,

418 465 507 503 satis
528 463 583 502 est
598 463 836 516 argumenti,
853 471 892 500 et
912 462 984 500 effe
1001 462 1106 507 de08‚
1121 472 1160 500 et
1176 476 1240 501 eos
1259 464 1460 504 consulere
1477 467 1591 506 rebus
1609 467 1811 516 humanis,

418 529 526 583 quod
541 528 615 568 effe
635 529 737 566 clara
756 536 796 565 et
815 527 1019 580 perspicua
1035 527 1290 565 divinationis
1306 542 1446 580 genera
1460 532 1614 583 judico.
1637 535 1700 573 De
1720 535 1813 589 qui-

418 596 491 634 bus
514 594 611 648 quid
633 593 713 647 ipse
734 594 913 638 sentiam,
937 593 963 631 fi
984 592 1128 646 placet,
1151 606 1377 646 exponam;
1410 595 1465 634 ita
1485 605 1631 644 tamen,
1656 601 1682 639 fi
1704 615 1813 641 vacas

415 661 564 706 animo,
601 674 730 714 neque
760 659 881 698 habes
912 659 1080 714 aliquid,
1116 659 1225 713 quod
1257 658 1354 700 huic
1382 661 1552 702 sermoni
1572 677 1811 717 praeverten-

416 726 515 766 dum
535 734 664 780 putes.

471 794 560 846 Ego
581 805 686 837 vero,
709 791 888 845 inquam,
910 789 1188 845 philosophiae,
1211 792 1380 845 Qinte,
1406 793 1556 848 semper
1576 810 1684 835 vaco.
1718 797 1813 836 Hoc

416 869 548 899 autem
570 868 763 912 tempore,
799 872 894 898 cum
915 859 960 898 s1t
981 858 1085 897 nihil
1105 859 1229 905 aliud,
1267 861 1374 913 quod
1398 860 1568 901 libenter
1588 877 1699 916 agere
1719 864 1812 917 pos-

417 926 502 971 sim,
525 926 655 965 multo
676 925 802 978 magis
824 939 917 964 aveo
938 925 1086 983 audire,
1109 926 1156 964 de
1176 926 1418 965 divinatione
1440 928 1536 981 quid
1558 928 1710 968 sentias.
1732 929 1812 969 Ni·

415 991 490 1038 hil,
513 993 660 1046 inquit,
683 992 870 1045 equidem
891 992 999 1038 novi,
1023 1006 1095 1031 nec
1116 992 1223 1046 quod
1245 1003 1383 1046 praeter
1404 1004 1562 1033 caeteros
1585 995 1665 1048 ipse
1688 997 1811 1035 senti-

414 1073 477 1098 am
498 1075 506 1098 :
532 1073 623 1098 nam
645 1073 737 1098 cum
759 1059 1069 1113 antiquiffimam
1089 1059 1339 1106 sententiam,
1363 1070 1450 1100 tum
1471 1063 1654 1101 omnium
1676 1077 1808 1116 popu-

415 1124 545 1163 lorum
566 1133 604 1163 et
625 1125 806 1178 gentium
841 1124 1030 1163 consensu
1062 1125 1362 1179 comprobatam
1392 1126 1544 1180 sequor.
1590 1128 1684 1166 Duo
1719 1128 1810 1168 sunt

413 1191 520 1229 enim
544 1190 745 1229 divinandi
767 1204 932 1243 genera;
956 1205 1128 1243 quorum
1151 1192 1319 1230 alterum
1341 1193 1433 1231 artis
1456 1193 1522 1238 est,
1547 1193 1714 1232 alterum
1736 1209 1807 1234 na-

414 1267 522 1295 turae.
555 1256 655 1308 Qae
675 1256 729 1295 est
749 1266 879 1296 autem
901 1270 1013 1310 gens,
1035 1267 1102 1296 aut
1123 1272 1210 1311 quae
1231 1259 1383 1304 civitas,
1413 1273 1500 1312 quae
1522 1273 1600 1297 non
1623 1269 1688 1298 aut
1708 1261 1809 1300 extis

413 1322 627 1376 pecudum,
649 1331 716 1361 aut
737 1323 921 1368 monstra,
943 1333 1011 1362 aut
1032 1322 1192 1376 fulgura
1213 1324 1575 1377 interpretantium,
1594 1335 1659 1364 aut
1682 1340 1809 1379 augu-

413 1403 518 1434 rum,
551 1399 618 1427 aut
638 1389 938 1442 astrologorum,
970 1399 1037 1428 aut
1058 1389 1239 1435 sortium,
1271 1392 1332 1442 (ea
1352 1390 1459 1430 enim
1482 1391 1562 1430 fere
1582 1393 1674 1430 artis
1696 1393 1807 1446 sunt)

413 1465 480 1493 aut
500 1455 760 1501 somniorum,
796 1465 863 1494 aut
884 1455 1228 1501 vaticinationum,
1265 1455 1367 1509 (haec
1389 1459 1495 1496 enim
1518 1458 1597 1497 duo
1619 1460 1810 1498 naturalia

411 1522 619 1574 putantur)
640 1521 892 1574 praedicfione
909 1522 1137 1561 moveatur?
1161 1524 1340 1575 Qarum
1361 1524 1522 1576 quidem
1542 1538 1671 1563 rerum
1690 1539 1808 1565 even-

412 1596 451 1624 ta
469 1589 594 1638 magis
615 1588 796 1632 arbitror,
816 1602 936 1641 quam
952 1589 1097 1634 causas,
1115 1590 1238 1642 quaeri
1257 1599 1451 1642 oportere.
1479 1591 1546 1629 Est
1567 1593 1673 1630 enirn
1692 1593 1748 1631 vis
1769 1601 1809 1631 et

413 1661 550 1690 natuta
566 1652 760 1704 quaedam,
776 1667 862 1704 quae
879 1663 966 1692 tum
984 1654 1195 1692 observatis
1213 1655 1336 1706 longo
1353 1666 1531 1707 tempore
1551 1657 1807 1708 significatio-

412 1717 545 1760 nibus,
563 1727 650 1754 tum
667 1717 800 1768 aliquo
817 1718 1002 1757 instinstu
1022 1718 1238 1771 inflatuque
1252 1721 1388 1758 divino
1405 1720 1537 1758 futura
1552 1724 1805 1774 praenuntiat.

469 1783 562 1821 VII.
595 1784 727 1835 Qare
758 1782 918 1820 omittat
948 1795 1085 1834 urgere
1105 1784 1321 1822 Carneades
1352 1785 1477 1838 (quod
1499 1785 1667 1825 faciebat
1687 1790 1807 1827 etiam

413 1849 626 1901 Panaetius)
663 1849 881 1901 requirens,
917 1849 1125 1901 Jupiterne
1165 1852 1365 1889 cornicem
1397 1866 1416 1890 a
1452 1853 1559 1897 laeva,
1596 1867 1759 1894 corvum
1787 1870 1808 1894 a

413 1914 549 1953 dextra
569 1914 896 1966 canerejuffiffet.
950 1914 1162 1952 Observata
1184 1915 1272 1953 sunt
1295 1915 1376 1954 haec
1399 1927 1574 1970 tempore
1597 1920 1806 1967 immenso,

410 1991 448 2019 et
469 1982 508 2019 in
532 1980 818 2033 significatione
837 1989 999 2018 eventus
1021 1981 1284 2019 animadversa
1305 1993 1343 2020 et
1361 1994 1504 2022 notata.
1528 1984 1646 2023 Nihil
1665 1986 1718 2024 est
1735 2001 1807 2026 au-

411 2057 506 2092 tem,
541 2047 648 2100 quod
671 2060 750 2085 non
771 2047 1044 2100 longinquitas
1066 2057 1308 2101 temporum,
1343 2051 1565 2103 excipiente
1597 2054 1803 2099 memoria,

413 2112 701 2166 prodendisque
722 2113 1010 2157 monumentis,
1034 2114 1187 2152 efficere
1208 2125 1325 2168 atque
1343 2115 1485 2168 affequi
1509 2117 1636 2169 poffit.
1662 2118 1806 2158 Mirari

409 2180 518 2224 licet,
554 2194 640 2233 quae
671 2180 1036 2218 fintvanimadversa
1055 2194 1075 2218 a
1095 2181 1260 2220 medicis
1289 2181 1500 2221 herbarum
1530 2198 1684 2236 genera,
1719 2200 1805 2238 quae

410 2247 586 2284 radicum
604 2245 651 2284 ad
669 2246 819 2284 morsus
838 2246 1062 2292 bestiarum,
1079 2248 1124 2284 ad
1142 2249 1348 2287 oculorum
1369 2250 1544 2294 morbos,
1561 2252 1605 2288 ad
1622 2252 1801 2292 vulnera:

409 2326 582 2365 quorum
599 2312 680 2350 vim
701 2322 820 2364 atque
838 2322 1016 2351 naturam
1035 2314 1134 2352 ratio
1151 2327 1353 2366 nunquam
1371 2316 1582 2368 explicavit
1600 2332 1608 2354 ;
1634 2318 1805 2355 utilitate

410 2387 448 2416 et
468 2391 526 2417 ars
547 2378 601 2417 est
621 2388 659 2416 et
682 2379 865 2417 inventor
893 2379 1095 2432 probatus.
1138 2381 1238 2434 Age,
1273 2395 1329 2426 ea,
1365 2395 1464 2434 quae,
1504 2396 1727 2435 quanquam
1755 2397 1804 2423 ex

412 2442 487 2483 alio
506 2458 646 2497 genere
669 2444 772 2491 sunt,
806 2455 936 2484 tamen
959 2446 1195 2486 divinationi
1216 2448 1305 2486 sunt
1327 2447 1526 2494 similiora,
1559 2450 1775 2491 videamus.

548 2512 677 2563 Atque
696 2511 806 2551 etiam
825 2521 955 2551 ventos
966 2513 1232 2566 praemotgstrat
1237 2515 1341 2567 saepe
1346 2515 1510 2568 futuros

547 2574 723 2626 Inflatum
743 2593 858 2628 mare,
889 2594 969 2622 cum
973 2579 1119 2634 fidite,
1142 2581 1362 2637 penitzgsque
1382 2581 1562 2636 tumescit,
