2223 3003
727 289 1005 329 LIBER
1069 289 1428 329 PRIMUS⁴
1705 304 1781 345 177

437 390 708 444 Qamobrem
729 403 960 444 magnopere
987 399 1024 427 te
1043 388 1189 435 hortor,
1223 390 1279 428 mi
1300 390 1452 436 Cicero,
1486 397 1528 428 ut
1559 403 1635 428 non
1657 388 1782 428 solum

381 458 572 496 orationes
593 470 710 502 meas,
741 456 804 494 sed
833 455 904 494 hos
935 456 1052 493 etiam
1085 456 1133 493 de
1166 455 1410 509 philosophia
1439 456 1572 501 libros,
1607 456 1676 508 qui
1700 457 1783 507 jam

383 523 471 562 illos
491 522 571 562 fere
591 531 803 576 aequarunt,
833 521 996 559 studiose
1025 521 1139 572 legas.
1186 522 1256 558 Vis
1287 523 1390 559 enim
1413 523 1567 561 dicendi
1587 524 1708 574 major
1732 523 1784 559 est

381 590 423 628 in
443 589 520 628 illis
536 608 548 635 3
580 589 641 628 sed
671 587 746 626 hoc
767 599 922 639 quoque
941 586 1151 623 colendum
1178 585 1232 623 est
1251 587 1437 638 aequabile
1456 599 1495 625 et
1526 597 1783 641 temperatum

382 655 563 694 orationis
583 666 717 706 genus.
769 652 822 689 Et
851 652 892 689 id
919 651 1080 703 quidem
1101 651 1250 689 nemini
1270 652 1382 689 video
1403 653 1631 691 Graecorum
1660 653 1785 692 adhuc

383 718 596 772 contigisse,
628 727 672 756 ut
702 717 807 756 idem
841 726 1007 770 utroque
1036 717 1077 755 in
1108 730 1247 770 genere
1265 717 1465 763 laboraret,
1494 717 1787 771 sequereturque

384 793 423 823 et
442 785 541 823 illud
560 784 707 823 forense
737 784 905 829 dicendi,
938 793 977 822 et
1005 782 1082 822 hoc
1102 784 1281 836 quietum
1301 783 1521 837 disputandi
1540 797 1660 837 genus
1677 803 1688 827 ;
1720 785 1788 823 nist

383 850 484 890 forte
503 850 725 889 Demetrius
746 849 950 889 Phalereus
972 850 1011 888 in
1030 849 1107 888 hoc
1126 863 1289 889 numero
1309 848 1441 888 haberi
1461 850 1595 903 potest,
1618 849 1788 903 disputa-

384 925 446 954 tor
475 916 641 962 subtilis,
674 925 800 954 orator
830 929 967 969 parum
995 914 1217 962 vehemens,
1252 915 1377 954 dulcis
1399 924 1552 962 tamen,
1590 924 1634 954 ut
1653 914 1789 954 Theo-

383 981 528 1036 phrasti
548 983 783 1036 discipulum
799 983 912 1036 poffis
932 983 1145 1036 agnoscere.
1169 983 1254 1022 Nos
1270 992 1401 1021 autem
1417 991 1608 1036 quantum
1623 983 1665 1021 in
1682 992 1789 1021 utro-

385 1062 463 1101 que
482 1047 773 1102 profecerimus,
805 1049 971 1087 aliorum
992 1049 1037 1087 s1t
1060 1048 1258 1101 judicium
1274 1067 1286 1093 ς
1317 1058 1529 1102 utrumque
1548 1057 1649 1086 certe
1675 1048 1792 1086 secuti

386 1114 535 1153 sumus.
567 1115 766 1167 Equidem
785 1124 824 1153 et
844 1115 1047 1154 Platonem
1068 1115 1260 1160 existimo,
1285 1114 1312 1153 fi
1331 1129 1452 1168 genus
1472 1114 1620 1154 forense
1640 1114 1793 1153 dicendi

386 1183 546 1219 stadtare
576 1181 764 1226 voluisset,
797 1181 1012 1234 graviffime
1031 1191 1070 1219 et
1100 1181 1351 1234 copiofiffime
1376 1181 1539 1234 potuisse
1565 1182 1723 1226 dicere;
1756 1190 1795 1219 et

388 1246 709 1291 Demosthenem,
730 1247 755 1284 fi
777 1248 857 1292 illa,
880 1262 965 1299 quae
985 1261 1006 1285 a
1024 1248 1186 1286 Platone
1205 1248 1404 1292 didicerat,
1427 1247 1618 1291 tenuiffet,
1646 1256 1684 1284 et
1704 1261 1793 1299 pro-

389 1313 566 1351 nuntiare
586 1311 773 1358 voluisset,
788 1323 916 1352 ornate
936 1313 1211 1366 splendideque
1225 1313 1349 1351 facere
1368 1313 1542 1367 potuisse.
1565 1313 1796 1365 Eodemque

389 1379 508 1418 modo
527 1380 573 1418 de
593 1379 798 1418 Aristotele
817 1389 856 1418 et
876 1380 1037 1418 Isocrate
1051 1381 1212 1433 judico,
1243 1394 1413 1433 quorum
1433 1389 1608 1433 uterque,
1630 1379 1696 1419 suo
1716 1379 1796 1417 stu-

391 1448 456 1487 dio
474 1446 698 1493 delectatus,
719 1447 950 1501 contempfit
969 1448 1147 1486 alterurn.

449 1515 503 1552 II.
535 1513 608 1550 Sed
627 1526 720 1550 cum
740 1513 942 1552 statuiffem
975 1514 1123 1566 aliquid
1142 1513 1218 1552 hoc
1238 1523 1413 1567 tempore
1432 1514 1478 1552 ad
1504 1523 1541 1552 te
1560 1513 1736 1558 scribere,
1761 1522 1799 1550 et

394 1578 520 1617 multa
552 1576 723 1629 posthac,
757 1578 804 1616 ab
838 1591 884 1616 eo
913 1579 1032 1617 ordiri
1063 1579 1170 1617 volui
1189 1580 1375 1625 maxime,
1397 1579 1501 1632 quod
1531 1588 1570 1617 et
1596 1580 1696 1618 aetati
1726 1588 1801 1617 tuae

394 1644 485 1682 effet
505 1642 756 1696 aptiffimum,
785 1652 823 1680 et
849 1644 1066 1682 auctoritati
1096 1658 1203 1682 meae.
1240 1645 1362 1689 Nam,
1391 1657 1483 1682 cum
1509 1644 1637 1683 multa
1661 1644 1735 1682 fint
1759 1644 1802 1682 in

396 1708 641 1762 philosophia
660 1718 697 1746 et
716 1709 856 1762 gravia,
877 1718 915 1747 et
935 1710 1059 1754 utilia,
1081 1718 1254 1748 accurate
1273 1710 1502 1762 copioseque
1521 1723 1541 1747 a
1560 1708 1801 1763 philosophis

395 1776 599 1829 disputata,
631 1774 808 1813 latiffime
827 1784 955 1828 patere
975 1776 1153 1814 videntur
1172 1789 1228 1820 ea,
1259 1789 1345 1828 quae
1365 1776 1411 1813 de
1432 1776 1570 1814 officiis
1600 1776 1736 1814 tradita
1754 1776 1802 1815 ab

396 1842 474 1880 illis
495 1850 534 1880 et
552 1850 740 1895 praecepta
759 1841 859 1879 sunt.
892 1842 1015 1880 Nulla
1034 1842 1139 1880 enim
1161 1843 1248 1880 vitae
1266 1855 1351 1894 pars
1373 1855 1497 1894 neque
1518 1842 1701 1894 publicis,
1732 1856 1803 1880 ne-

397 1921 475 1960 que
493 1908 674 1960 privatis,
698 1921 822 1959 neque
840 1907 1067 1951 forenfibus,
1085 1920 1210 1959 neque
1231 1907 1447 1945 domesticis
1465 1908 1504 1945 in
1521 1908 1632 1945 rebus
1646 1926 1658 1952 ;
1680 1921 1805 1960 neque

398 1974 425 2012 s1
445 1983 576 2011 tecum
597 1986 682 2025 agas
704 1972 815 2025 quid,
843 1986 968 2026 neque
989 1973 1014 2011 fi
1036 1987 1127 2011 cum
1149 1974 1268 2013 altero
1288 1973 1503 2018 contrahas,
1527 1988 1655 2012 vacare
1674 1975 1805 2013 officio

398 2038 547 2092 potest:
578 2039 620 2077 in
640 2052 764 2091 eoque
791 2039 955 2078 colendo
974 2039 1042 2078 fita
1061 2040 1146 2078 vita:
1165 2040 1218 2078 est
1237 2039 1410 2079 honestas
1440 2041 1583 2086 omnis,
1605 2049 1644 2079 et
1673 2040 1714 2078 in
1735 2054 1805 2079 ne-

398 2105 581 2158 gligendo
602 2105 816 2159 turpitudo.

442 2173 575 2223 Atque
587 2171 669 2210 haec
690 2172 849 2223 quidem
866 2172 1024 2224 quaestio
1042 2171 1264 2211 communis
1284 2171 1337 2210 est
1353 2172 1533 2211 omnium
1553 2172 1807 2226 philosopho-

402 2251 505 2276 rum.
539 2238 638 2290 Qis
658 2237 711 2275 est
729 2238 849 2282 enim,
872 2238 956 2290 qui,
980 2239 1096 2276 nullis
1117 2238 1237 2276 officii
1257 2240 1456 2292 praeceptis
1480 2239 1684 2285 tradendis,
1714 2239 1807 2293 phi-

402 2302 612 2358 losophum
643 2303 678 2342 se
700 2304 834 2342 audeat
855 2304 1007 2342 dicere?
1039 2304 1111 2342 Sed
1131 2304 1218 2343 sunt
1237 2306 1434 2344 nonnullae
1453 2306 1678 2360 disciplinae,
1706 2320 1807 2360 quae,

403 2371 604 2424 propositis
626 2371 819 2409 bonorum
849 2380 888 2409 et
907 2371 1099 2409 malorum
1121 2371 1278 2417 finibus,
1306 2373 1481 2411 officium
1508 2386 1625 2412 omne
1656 2387 1808 2427 perver-

404 2445 507 2475 tunt.
554 2438 675 2483 Nam,
709 2438 777 2490 qui
798 2437 997 2476 summum
1020 2437 1167 2476 bonum
1190 2438 1239 2476 fic
1263 2439 1443 2485 instituit,
1481 2449 1523 2478 ut
1544 2438 1642 2478 nihil
1673 2439 1810 2478 habeat

406 2515 500 2540 cum
519 2504 661 2542 virtute
692 2506 971 2557 conjunstunn
1005 2505 1120 2557 idque
1155 2505 1229 2542 suis
1249 2507 1480 2552 commodis,
1516 2520 1595 2544 non
1615 2505 1809 2544 honestate

406 2567 570 2606 metitur
581 2587 594 2614 5
624 2569 706 2614 hic,
741 2571 767 2608 fi
799 2571 867 2610 fibi
901 2571 980 2625 ipse
1009 2570 1234 2616 consentiat,
1265 2581 1304 2610 et
1333 2585 1410 2611 non
1441 2573 1638 2611 interdum
1669 2580 1810 2609 naturae

511 2634 550 2673 T
565 2648 588 2672 o
604 2646 657 2673 M.
689 2635 764 2674 ΙΙΙ.
1473 2639 1508 2676 Ζ
