2223 3003
429 236 507 263 222
828 220 930 258 DE
1009 218 1436 258 OFFICIIS

427 324 604 378 putandi,
637 322 704 374 qui
735 327 954 358 mereantur
980 330 1000 354 a
1021 317 1313 361 mercatoribus,
1345 316 1450 369 quod
1481 316 1608 355 statim
1636 318 1827 364 vendant;

428 390 527 429 nihil
549 389 653 427 enim
674 385 896 439 proficiunt,
913 383 981 422 nisi
1000 383 1212 421 admodum
1229 383 1479 421 mentiantur.
1503 383 1588 422 Nee
1608 396 1697 422 vero
1714 385 1831 436 quid·-

429 470 546 509 quam
567 454 619 492 est
639 451 788 504 turpius
809 450 973 488 vanitate
991 464 999 487 :
1022 449 1254 502 opificesque
1272 462 1408 488 omnes
1428 449 1469 487 in
1489 449 1636 488 sordida
1654 458 1731 487 arte
1746 463 1832 488 ver-

428 522 578 564 santur;
611 531 681 556 nec
715 517 821 555 enim
853 516 1067 569 quidquam
1102 516 1317 568 ingenuum
1348 515 1469 568 potest
1499 514 1637 553 habere
1662 515 1830 554 officina.

428 586 680 637 Minimeque
699 593 794 621 artes
825 581 884 621 hae
905 581 1121 635 probandae,
1152 596 1237 634 quae
1258 581 1439 619 ministrae
1465 581 1552 619 sunt
1571 580 1832 634 voluptatum,
1891 613 1899 618 .

427 651 688 698 cetariirlam'i,
703 649 815 704 coqui,
822 649 1007 702 sartores,
1019 649 1225 702 pffcatores,
1243 658 1286 686 ut
1303 648 1355 686 ait
1367 648 1590 686 Terentius,
1615 648 1724 686 Adde
1739 646 1832 692 huc,

425 720 452 758 fi
472 719 611 773 placet,
633 716 918 770 unguentarios,
941 714 1146 760 saltatores,
1169 723 1375 767 totumque
1395 714 1534 752 ludum
1556 713 1746 753 talarium.

481 786 637 837 Qibus
657 793 786 822 autem
807 783 950 820 artibus
972 791 1037 819 aut
1056 781 1258 834 prudentia
1279 782 1400 833 major
1420 781 1527 826 inest,
1559 789 1623 818 aut
1644 794 1721 818 non
1742 793 1827 818 me-

426 854 566 891 diocris
589 851 732 890 utilitas
753 849 950 902 quaeritur,
969 857 1012 885 ut
1032 847 1239 891 medicina,
1255 856 1297 885 ut
1316 846 1582 891 architectura,
1602 857 1643 885 ut
1663 846 1834 885 doctrina

426 932 554 957 rerum
576 916 834 959 honestarum,
865 913 924 951 hae
945 913 1030 951 sunt
1051 913 1111 958 iis,
1142 926 1311 965 quorum
1331 912 1459 950 ordini
1486 913 1736 957 conveniunt,
1757 911 1832 950 ho-

427 985 551 1022 nestae.
594 983 816 1021 Mercatura
835 989 979 1024 autem,
1013 979 1039 1016 fi
1061 979 1185 1018 tenuis
1217 979 1282 1024 est,
1313 978 1461 1017 sordida
1481 978 1649 1031 putanda
1667 979 1720 1016 est
1735 997 1747 1023 5
1779 978 1833 1017 sm

427 1064 566 1104 magna
585 1058 622 1087 et
642 1046 806 1101 copiosa,
838 1046 962 1085 multa
993 1045 1165 1098 undique
1190 1055 1408 1099 apportans,
1439 1045 1650 1097 multisque
1671 1045 1747 1083 fine
1767 1058 1833 1082 va-

427 1118 546 1155 nitate
567 1115 804 1169 impartiens,
836 1126 913 1151 non
931 1112 983 1150 est
1008 1111 1221 1150 admodum
1241 1111 1504 1164 vituperanda.
1549 1111 1683 1163 Atque
1701 1110 1833 1155 etiam,

427 1184 454 1222 si
475 1183 602 1221 satiata
621 1181 780 1234 quaestu‚
801 1179 862 1217 vel
881 1187 1061 1217 contenta
1081 1178 1224 1231 potius,
1257 1186 1299 1215 ut
1320 1177 1414 1229 saepe
1435 1191 1481 1215 ex
1503 1176 1581 1215 alto
1602 1177 1642 1214 in
1662 1185 1834 1229 portum,

427 1250 478 1287 sic
498 1262 545 1286 ex
576 1248 656 1300 ipso
680 1255 793 1299 portu
825 1245 860 1283 se
891 1245 932 1282 in
962 1258 1071 1297 agros
1092 1242 1403 1296 poffeflionesque
1429 1242 1652 1287 contulerit,
1684 1242 1835 1280 videtur

401 1309 509 1368 ¹jure
539 1314 692 1367 optimo
723 1311 824 1365 posse
855 1311 1014 1349 laudari.
1060 1311 1255 1348 Omnium
1281 1318 1411 1347 autem
1443 1322 1586 1353 rerum,
1617 1321 1665 1346 ex
1691 1308 1834 1360 quibus

426 1380 575 1434 aliquid
606 1378 832 1431 acquiritur,
864 1375 963 1415 nihil
996 1375 1048 1413 est
1078 1369 1311 1428 agricultura
1341 1374 1496 1419 melius,
1532 1373 1632 1412 nihil
1664 1373 1833 1417 uberius,

428 1448 528 1487 nihil
549 1446 715 1490 dulcius,
747 1443 846 1482 nihil
865 1443 1040 1487 homine,
1071 1441 1170 1480 nihil
1202 1443 1322 1480 libero
1342 1441 1525 1494 dignius,
1557 1441 1604 1479 de
1623 1453 1712 1492 qua,
1734 1454 1834 1492 quo-

428 1514 534 1552 niam
556 1513 595 1551 in
617 1513 764 1550 Catone
785 1510 927 1562 majore
946 1508 1033 1549 satis
1054 1508 1179 1546 multa
1198 1508 1385 1551 diximus,
1419 1506 1528 1544 illinc
1548 1505 1723 1550 affumes,
1750 1519 1835 1558 quae

428 1580 474 1618 ad
497 1579 603 1618 hunc
623 1579 755 1617 locum
777 1577 1037 1630 pertinebunt.

455 1647 609 1685 XLIII.
633 1645 705 1684 Sed
720 1644 766 1682 ab
788 1644 833 1682 iis
853 1634 1042 1697 partibus,
1059 1657 1144 1696 quae
1157 1643 1244 1681 sunt
1264 1641 1484 1697 honestatis,
1502 1639 1836 1694 quemadmodum

427 1714 556 1752 officia
575 1713 819 1755 ducerentur,
851 1709 937 1749 satis
957 1710 1175 1763 expolitum
1196 1709 1360 1747 videtur.
1406 1709 1556 1746 Eorum
1577 1717 1706 1745 autem
1732 1705 1835 1759 ipso-

428 1795 514 1819 rum
535 1793 619 1832 quae
639 1777 795 1816 honesta
814 1776 914 1822 sunt,
948 1776 1069 1830 potest
1095 1776 1264 1814 incidere
1286 1775 1378 1828 saepe
1398 1774 1598 1812 contentio
1617 1782 1655 1811 et
1674 1786 1835 1825 compa-

428 1847 551 1890 rati03
583 1845 628 1882 de
649 1844 800 1881 duobus
821 1842 987 1880 honestis
1009 1852 1140 1880 utrum
1161 1841 1355 1880 honestius
1375 1856 1383 1879 ε
1412 1841 1479 1893 qui
1500 1840 1609 1879 loeus
1629 1853 1649 1877 a
1669 1839 1838 1878 Panaetio

428 1911 481 1950 est
501 1908 780 1964 praetermissus.
828 1908 934 1946 Nam
967 1921 1060 1945 cum
1087 1907 1214 1944 omnis
1245 1906 1418 1943 honestas
1451 1914 1581 1943 manet
1614 1919 1633 1942 a
1664 1904 1836 1956 partibus

428 1987 606 2030 quatuor,
647 1987 811 2028 quarum
848 1987 923 2011 una
956 1973 1000 2012 sit
1033 1972 1300 2026 cognitionis;
1346 1971 1473 2015 altera,
1513 1970 1834 2015 communitatis;

427 2044 552 2088 tertia,
584 2040 941 2094 magnanimitatis;
975 2049 1120 2092 quarta,
1155 2037 1455 2083 moderationis,
1487 2036 1545 2076 hae
1572 2037 1611 2074 in
1634 2035 1838 2089 deligendo

428 2111 558 2149 officio
580 2109 672 2162 saepe
694 2109 791 2146 inter
813 2107 847 2145 se
867 2116 1154 2159 comparentur,
1187 2104 1328 2143 neceffe
1349 2104 1414 2143 est.

487 2177 615 2215 Placet
648 2175 779 2228 igitur,
811 2174 955 2227 aptiora
989 2172 1060 2211 effe
1098 2182 1240 2210 natura:
1270 2185 1312 2209 ea
1346 2171 1487 2215 officia,
1524 2184 1608 2223 quae
1643 2183 1690 2208 cx
1723 2183 1835 2208 com·

429 2244 632 2286 munitate,
665 2255 782 2293 quam
814 2254 869 2284 ea,
907 2253 992 2292 quae
1023 2253 1069 2277 ex
1102 2238 1325 2292 cognitione
1356 2237 1572 2282 ducantur;
1616 2235 1731 2288 idque
1762 2234 1836 2273 hoc

428 2317 657 2361 argumento
691 2305 910 2344 confirmari
947 2305 1080 2358 potest,
1123 2304 1243 2357 quod,
1291 2304 1315 2342 fi
1347 2303 1554 2356 contigerit
1588 2315 1631 2339 ea
1668 2301 1744 2338 vita
1780 2300 1835 2338 sa-

430 2375 566 2428 pienti,
600 2383 639 2410 ut
670 2373 706 2410 in
732 2372 911 2409 omnium
943 2385 1069 2409 rerum
1103 2369 1349 2408 affluentibus
1370 2369 1508 2421 copiiS,
1538 2367 1714 2420 quamvis
1747 2381 1835 2404 om-

430 2442 505 2484 nia,
537 2454 621 2493 qum
649 2439 870 2491 cognitione
901 2438 1015 2491 digna
1048 2437 1147 2481 sunt,
1180 2436 1333 2475 summo
1359 2435 1440 2473 otio
1473 2433 1601 2473 secum
1634 2433 1708 2486 ipsc
1739 2446 1836 2472 con·

430 2507 563 2544 fideret
590 2515 625 2543 et
653 2504 968 2557 contempletur;
1002 2515 1145 2547 tamen,
1180 2503 1204 2540 si
1237 2501 1402 2540 solitudo
1423 2510 1526 2539 tanta
1547 2500 1603 2543 sit,
1641 2510 1682 2538 ut
1704 2498 1835 2537 homi-

428 2588 518 2613 nem
559 2573 685 2612 videre
719 2586 794 2610 nou
832 2571 955 2625 potiit,
987 2570 1143 2610 excedat
1171 2583 1191 2609 e
1227 2569 1316 2608 vita.
1370 2567 1626 2621 Princepsque
1657 2567 1835 2606 omnium
