2223 3003
434 209 513 264 346
807 208 910 247 DE
979 203 1455 243 AMICITIA.

431 306 608 352 venandi,
630 313 694 345 aut
714 304 800 358 pilae
820 302 971 341 studiofi
992 300 1151 346 fuerint,
1183 314 1247 339 eos
1267 299 1408 338 habere
1427 297 1646 338 necefl‘arios
1665 307 1831 352 oportet,

431 387 529 426 quos
564 382 649 410 tum
682 369 816 407 eodem
848 367 972 405 studio
998 366 1176 419 praeditos
1196 366 1429 404 dilexerunt.
1475 363 1550 403 Isto
1580 364 1686 402 enim
1716 364 1835 402 modo

433 438 600 476 nutrices
621 445 659 473 et
678 433 874 487 paedagogi
889 434 977 485 jure
996 431 1191 470 vetustatis
1211 431 1430 485 plurimum
1449 429 1724 468 benevolentiae
1743 428 1834 482 pos-

433 503 641 546 tulabunt3
684 500 754 552 qui
783 498 1005 551 negligendi
1038 498 1198 551 quidem
1228 511 1306 536 non
1337 497 1438 542 sunt,
1468 496 1531 535 sed
1559 495 1635 534 alio
1665 495 1837 548 quodam

433 567 552 607 modo
584 564 765 604 colendi:
797 563 908 602 aliter
936 563 1116 602 amicitiae
1136 562 1284 602 stabiles
1315 575 1536 616 permanere
1557 574 1635 600 non
1664 560 1834 614 pofl‘unt.

434 632 613 685 Dispares
632 630 739 669 enim
759 642 882 668 mores
903 628 1062 682 disparia
1080 629 1200 668 studia
1230 628 1456 681 sequuntur,
1483 640 1653 680 quorum
1672 624 1838 664 diffimi-

434 698 560 737 litudo
580 696 751 735 dissociat
770 695 957 733 amicitias
978 710 986 734 :
1019 708 1088 734 nec
1119 695 1170 734 ob
1190 695 1306 733 aliam
1325 694 1476 733 causam
1503 693 1624 731 ullam
1643 692 1737 731 boni
1756 691 1837 729 im-

434 764 580 817 probis,
601 761 773 815 improbi
792 761 904 799 bonis
924 760 1041 798 amici
1061 759 1133 798 effe
1153 773 1230 798 non
1251 759 1418 813 possunt,
1448 759 1516 798 nifi
1537 758 1643 812 quod
1662 765 1766 796 tanta
1785 755 1841 795 est

434 830 536 868 inter
556 841 634 874 eos,
656 835 798 881 quanta
817 825 987 864 maxima
1005 825 1129 878 potest
1147 823 1234 870 effe,
1265 838 1421 864 morum
1440 824 1732 877 studiorumque
1759 821 1841 861 dis-

435 895 571 935 tantia.

492 961 614 999 Reste
633 958 750 998 etiam
769 958 928 1012 praecipi
958 957 1079 1012 potest
1098 958 1142 996 in·
1158 958 1354 1002 amicitiis,
1389 971 1437 996 ne
1463 957 1715 1010 intemperata
1732 969 1841 1008 quae·

436 1027 527 1066 dam
547 1025 814 1065 benevolentia
835 1024 971 1078 (quod
989 1024 1152 1078 persaepe
1172 1023 1241 1077 fit)
1274 1024 1461 1077 impediat
1480 1035 1636 1076 magnas
1657 1021 1842 1061 utilitates

436 1094 669 1132 amicorum.
696 1091 784 1130 Nec
803 1091 909 1129 enim
932 1091 995 1143 (ut
1014 1091 1061 1129 ad
1079 1090 1228 1129 fabulas
1249 1091 1417 1142 redeam)
1439 1091 1603 1142 Trojam
1623 1087 1842 1142 Neoptole-

439 1173 527 1198 mus
548 1171 679 1212 capere
698 1156 895 1211 potuisset,
928 1157 955 1195 si
975 1156 1255 1208 Lycomedem,
1288 1156 1390 1209 apud
1410 1169 1527 1209 quem
1548 1164 1626 1194 erat
1644 1155 1841 1198 educatus,

439 1225 575 1264 multis
596 1238 688 1262 cum
722 1223 904 1274 lacrymis
932 1223 1005 1261 iter
1023 1222 1135 1261 suum
1169 1222 1464 1276 impedientem,
1494 1222 1623 1260 audire
1653 1220 1842 1259 voluiffet.

440 1292 493 1329 Et
523 1290 618 1342 saepe
651 1289 830 1327 incidunt
859 1301 1009 1340 magnae
1042 1302 1114 1333 res,
1145 1298 1189 1326 ut
1222 1287 1494 1326 discedendum
1528 1287 1573 1326 sit
1601 1288 1648 1325 ab
1677 1286 1841 1331 amicis,-

438 1355 634 1410 quasqui
664 1353 851 1407 impedire
877 1354 976 1398 vult,
1006 1353 1112 1406 quod
1131 1354 1359 1393 defiderium
1378 1368 1457 1394 non
1477 1353 1589 1393 facile
1614 1353 1725 1398 ferat,
1745 1353 1777 1392 is
1806 1361 1846 1390 et

438 1421 618 1461 infirmus
638 1420 690 1458 est
710 1418 916 1471 mollisque
936 1420 1084 1465 natura,
1099 1429 1151 1465 et,
1172 1420 1224 1458 ob
1243 1433 1328 1459 eam
1349 1420 1469 1473 ipsam
1489 1419 1654 1464 causam,
1682 1419 1724 1457 in
1744 1418 1845 1456 ami-

440 1488 532 1527 citia
550 1499 688 1540 parum
699 1484 837 1537 justus.
870 1485 1002 1536 Atque
1022 1485 1063 1522 in
1082 1485 1192 1523 omni
1213 1498 1251 1523 re
1270 1485 1589 1523 considerandum
1608 1484 1677 1529 est,
1692 1493 1731 1522 et
1750 1483 1847 1537 quid

441 1551 604 1606 postules
624 1550 671 1589 ab
691 1549 833 1593 amico,
863 1558 901 1586 et
921 1549 1015 1601 quid
1036 1549 1177 1602 patiare
1196 1563 1216 1588 a
1235 1559 1271 1588 te
1292 1550 1502 1603 impetrari.

496 1618 608 1657 XXI.
641 1615 708 1656 Est
727 1617 846 1654 etiam
875 1615 979 1669 quasi
999 1615 1175 1669 quaedam
1206 1616 1400 1655 calamitas
1430 1617 1470 1655 in
1497 1616 1678 1655 amicitiis
1708 1616 1846 1654 dimit-

441 1685 564 1724 tendis
584 1696 866 1736 nonnunquam
887 1682 1110 1722 neceffaria:
1137 1684 1221 1736 jam
1242 1683 1347 1721 enim
1380 1696 1400 1720 a
1419 1683 1649 1736 sapientium
1676 1682 1847 1721 familia-

441 1752 616 1790 ritatibus
636 1750 683 1789 ad
702 1750 875 1803 vulgares
895 1749 1084 1788 amicitias
1103 1750 1225 1788 oratio
1245 1749 1368 1788 nostra
1388 1749 1590 1788 delabitur.
1622 1750 1847 1802 Erumpunt

442 1818 536 1870 saepe
554 1817 647 1854 vitia
667 1817 883 1854 amicorum
903 1829 996 1854 cum
1017 1816 1057 1854 in
1078 1816 1177 1869 ipsos
1196 1816 1357 1860 amicos,
1389 1826 1474 1854 tum
1497 1816 1535 1854 in
1556 1816 1724 1860 alienos;
1747 1829 1847 1868 quo-

443 1897 530 1921 rum
554 1892 680 1920 tamen
701 1881 746 1918 ad
766 1881 912 1918 amicos
946 1881 1132 1918 redundet
1163 1881 1336 1919 infamia.
1368 1882 1483 1919 Tales
1518 1882 1638 1933 igitur
1668 1882 1848 1919 amicitiae

444 1949 530 1988 sunt
551 1946 766 1985 remiffione
785 1945 873 1983 usus
893 1946 1077 1991 eluendae,
1107 1955 1146 1984 et
1167 1947 1229 1997 (ut
1249 1947 1439 1985 Catonem
1457 1947 1581 1984 dicere
1601 1946 1747 1997 audivi)
1769 1947 1846 1984 dis-

444 2013 593 2053 suendae
624 2012 762 2065 magis,
792 2024 910 2063 quam
935 2011 1214 2050 discindendae:
1246 2012 1315 2050 nifi
1346 2012 1521 2064 quaedam
1542 2011 1753 2050 admodum
1785 2013 1847 2050 in·

444 2078 652 2119 tolerabilis
683 2076 822 2129 injuria
851 2076 1042 2122 exarserit,
1078 2086 1121 2115 ut
1152 2091 1276 2130 neque
1298 2079 1459 2122 rectum,
1496 2091 1618 2130 neque
1643 2077 1849 2117 honestum

444 2146 504 2191 sit,
526 2156 651 2197 neque
671 2141 751 2182 fieri
772 2140 899 2195 poffit‚
931 2151 975 2180 ut
994 2155 1071 2182 non
1091 2142 1219 2182 statim
1240 2143 1418 2182 alienatio
1444 2143 1729 2196 disjunetioquc
1751 2142 1847 2182 faci-

445 2211 541 2249 enda
560 2209 618 2248 slt.

503 2275 568 2314 Sin
600 2283 730 2313 autem
762 2287 933 2320 morum,
964 2285 1028 2314 aut
1059 2275 1272 2314 studiorum
1292 2276 1549 2316 commutatio
1579 2276 1768 2328 quaedam,
1805 2284 1847 2314 ut

446 2342 528 2382 fieri
548 2340 656 2386 solet,
683 2338 780 2378 facia
800 2342 886 2387 erit,
917 2350 981 2379 aut
1007 2342 1047 2380 in
1081 2343 1302 2396 reipublicae
1334 2343 1504 2396 partibus
1525 2342 1696 2381 diss‘enfio
1727 2343 1846 2379 inter-

445 2407 604 2452 cefferit,
641 2406 798 2458 (loquor
827 2406 948 2452 enim,
976 2417 1039 2446 aut
1071 2408 1186 2461 paulo
1205 2418 1292 2447 ante
1305 2409 1400 2452 dixi,
1421 2422 1497 2446 non
1529 2408 1574 2446 de
1604 2408 1846 2460 sapientium,

446 2475 509 2515 sed
542 2474 589 2512 de
622 2474 901 2513 communibus
935 2475 1137 2527 amicitiis)
1172 2475 1387 2514 cavendum
1417 2476 1502 2519 erit,
1539 2489 1584 2513 nc
1618 2489 1691 2513 non
1726 2474 1848 2514 solum

447 2539 629 2582 amicitiae
661 2539 852 2594 depofitae,
896 2539 958 2581 scd
992 2541 1208 2583 inimicitia:
1242 2542 1360 2582 etiam
1394 2541 1591 2596 susceptae,
1634 2540 1848 2580 videantur.
