2223 3003
519 367 560 427 ’ξε

521 681 558 712 29

528 2190 567 2220 30

775 259 1069 301 VARIAE
1152 257 1715 303 LECTIONES.

601 405 638 435 32
660 395 838 425 Etruseorum
854 397 877 426 E
892 407 1019 436 angurum
1031 404 1055 426 et
1066 397 1210 435 aruspicum

597 450 638 458 -—·
659 444 687 464 et
702 436 871 474 haruspicini
887 437 910 465 E
925 439 952 465 d.

601 485 638 512 33
662 475 815 512 fulgurales
831 476 983 514 Efrugales

597 529 640 537 —
659 514 774 542 rituales
790 515 813 543 E
825 516 855 544 U
868 517 989 544 trituales

598 567 639 575 ——
659 554 743 582 nostri
758 556 781 583 E
797 556 824 583 O
840 556 868 584 U
883 556 908 590 ψ
922 559 1005 595 vestri

598 607 640 615 —
659 594 744 622 etiam
762 595 785 623 E
800 602 885 624 autem
899 596 927 625 U
942 600 1022 625 eciam

597 647 640 655 -
660 641 753 662 autem
769 635 791 663 E
804 645 864 663 vero

624 682 633 701 1
662 682 692 702 ut
707 675 734 701 in
753 675 839 712 Syllae
852 676 874 703 E
889 675 983 713 infide

623 722 638 750 3
661 713 777 751 quidem
793 715 822 744 U
838 717 943 754 quidam

599 767 640 775 —
660 754 696 782 C.
712 755 735 782 E
750 754 795 791 Sp.

619 801 641 829 4
661 793 872 829 expeditionem
887 794 910 822 E
924 796 1080 833 expeditione

624 841 638 869 5
662 833 740 870 Sylla
755 834 777 861 F,
791 834 859 862 Silla

600 885 642 893 —
662 871 800 900 florentini
804 883 848 901 ma
862 873 1093 910 spflorennjffimum

622 911 640 938 6
663 911 830 940 Samnitium
846 912 870 940 E
884 914 1044 943 Sentarcium

599 963 641 972 —-
661 950 746 978 castra
761 952 789 979 O
803 954 918 990 castrare

624 992 640 1019 8
662 999 727 1018 cum
744 989 767 1018 E
780 992 839 1020 dum

620 1039 640 1068 9
660 1029 808 1059 demififfet
823 1032 846 1060 E
858 1032 985 1070 dimg'fiffi!

599 1084 641 1092 —
661 1069 825 1099 summersus
839 1071 864 1100 E
875 1071 1058 1109 Ufiabmerfiaer

605 1119 641 1138 1ο
661 1109 758 1138 extitit
773 1111 796 1138 E
809 1113 896 1150 exestie

600 1164 642 1172 —
662 1158 718 1177 non
732 1150 754 1178 E
769 1152 794 1178 d.

609 1198 620 1217 1
630 1198 640 1217 1
667 1189 797 1218 Philistus
813 1191 836 1219 E
850 1190 958 1226 Fihsm

600 1242 641 1252 -—
661 1228 871 1267 aliquantulum
886 1231 910 1259 E
920 1230 1055 1270 aliquanto
1066 1238 1121 1262 tam
1134 1232 1163 1262 0
1173 1232 1226 1263 ali-

701 1278 828 1310 quantun!¹

604 1316 641 1337 12
662 1309 812 1339 exaudivit
827 1310 850 1339 E
866 1312 979 1340 audivit

605 1357 640 1386 ¹3
663 1357 781 1377 examen
797 1359 884 1387 apum
899 1351 922 1378 E
937 1359 1015 1389 caput

602 1402 642 1411 —
663 1387 824 1418 consederat
838 1390 862 1418 E
878 1391 1016 1428 corfiderae

605 1436 642 1464 ¹4
663 1427 735 1456 hanc
750 1428 819 1463 rim,
833 1435 865 1458 ut
880 1429 903 1458 E
917 1431 977 1459 hinc
989 1432 1083 1461 indeet

605 1476 617 1496 1
626 1476 641 1505 ς
663 1469 782 1505 coeperit
797 1470 819 1497 E
834 1471 912 1507 coepit

605 1516 642 1546 ¹9
663 1507 846 1536 Callisthenes
862 1510 886 1537 E
902 1509 1031 1548 FiItstenn

602 1556 641 1576 20
662 1556 833 1584 aperuerunt
848 1548 871 1577 E
885 1557 1007 1587 aperuere

600 1601 642 1608 —-
661 1595 726 1624 quae
742 1586 764 1614 E
772 1588 860 1625 fiquae

603 1636 640 1655 22
663 1625 818 1655 Lebadiam
834 1627 858 1655 E
872 1628 901 1656 0
916 1629 946 1658 U
958 1629 984 1663 ᾧ
997 1627 1159 1658 Thebaida

600 1679 643 1688 -—
662 1665 832 1711 Trophonio
846 1677 889 1697 res
905 1669 927 1697 Ε
942 1668 1106 1708 Trofinigres

603 1715 619 1734 2
624 1716 638 1744 3
662 1706 882 1737 intermitterent
900 1709 923 1737 E
937 1711 1149 1739 intermitteretur

604 1755 642 1781 24
664 1745 788 1774 Boeotios
803 1748 826 1775 E
845 1750 932 1777 Boerio

602 1800 643 1808 -
664 1785 869 1816 Thebanorum
885 1790 908 1817 E
923 1787 1071 1818 Thebarum

605 1835 622 1854 2
627 1835 641 1864 ς
665 1833 813 1870 propterea
828 1827 852 1856 Ε
862 1838 992 1867 praterea

602 1879 644 1887 --
664 1865 738 1893 vista
752 1867 775 1894 E
789 1868 817 1894 d.

602 1917 646 1926 -·
665 1903 732 1932 solet
747 1905 872 1940 dafilem

606 1953 643 1981 27
667 1943 801 1982 Namque
829 1953 858 1974 et
879 1946 1016 1983 Lysandri
1039 1948 1062 1976 E
1077 1949 1148 1977 Nan
1174 1948 1229 1976 tbi·

695 1984 794 2019 sundri

607 2023 643 2051 28
666 2022 770 2057 stamae,
796 2034 861 2063 quae
887 2026 910 2054 E
930 2027 1071 2066 statuaque
1097 2027 1125 2055 Ο
1135 2028 1230 2066 statim

706 2075 765 2101 'U‘

608 2111 647 2141 34
669 2103 844 2132 Leussricam
859 2104 882 2133 Ε
898 2105 1031 2134 Leutern-

608 2153 643 2181 35
668 2143 816 2180 Spartiatis
832 2145 854 2172 E
871 2146 1058 2183 Sparehiatt'cir

629 2191 644 2219 3
668 2181 852 2211 Molossorum
867 2185 890 2213 Ε
906 2186 934 2213 Ο
948 2185 1020 2213 Molo
1032 2197 1103 2215 arun

627 2232 646 2260 9
669 2221 748 2249 clade
765 2223 787 2250 E
802 2222 878 2252 laude

612 2270 648 2289 ιο
670 2261 814 2290 Arretium
831 2264 855 2292 E
870 2266 989 2293 Arnim

613 2309 624 2328 1
635 2310 644 2328 1
670 2309 697 2329 et
712 2301 770 2339 ipse
786 2303 808 2330 E
822 2303 873 2341 ipsi

613 2342 648 2368 16
670 2350 703 2368 cx
720 2341 742 2368 E
755 2341 791 2369 ab

610 2395 650 2401 —
671 2380 688 2408 fi
706 2390 740 2407 ne
757 2381 775 2407 h:
783 2381 848 2418 five

615 2429 649 2488 ἒξ
671 2418 1091 2493 {¹3:235'15333'2223353525
1107 2423 1134 2450 ‘¹'

616 2509 651 2539 19
672 2500 767 2538 itaque
782 2499 804 2528 E
819 2505 860 2531 ita

1272 365 1303 394 p-

1277 405 1314 435 30

1283 1001 1317 1031 31

1288 1997 1325 2025 32

1358 405 1393 425 22
1415 394 1505 424 tribus
1524 396 1550 430 ψ
1563 394 1647 424 tribus
1659 394 1703 423 bis

1358 446 1394 473 23
1417 436 1475 473 ipse
1491 438 1517 463 Ο
1533 438 1560 464 d.

1359 485 1393 514 25
1418 476 1503 504 fue2it
1517 476 1625 512 defieret

1357 531 1398 538 —
1418 516 1546 553 praelium
1563 516 1588 543 F,
1599 515 1628 542 Ο
1641 514 1672 543 U
1686 513 1713 550 ψ
1724 514 1751 542 d.

1356 570 1398 578 —
1418 563 1510 584 tantos
1526 557 1548 584 E
1562 563 1585 583 et
1598 563 1683 583 unm

1362 605 1396 629 27
1420 594 1496 622 labe,
1512 596 1534 624 E
1545 595 1611 623 latae

1361 637 1396 664 28
1418 634 1575 663 desederint
1591 635 1613 662 E
1629 634 1799 672 desrenderine

1359 690 1399 697 —
1419 683 1502 712 atque
1516 676 1544 702 in
1560 674 1583 702 E
1598 674 1624 708 ψ
1637 682 1714 712 atque

1361 725 1398 752 30
1420 723 1435 742 a
1449 715 1546 752 periris
1562 715 1584 742 E
1599 718 1715 752 apertiu

1361 764 1393 792 3¹
1421 754 1546 793 Phrygio
1559 755 1656 792 Efagi
1669 753 1696 789 ψ
1711 753 1828 792 Pbryggt'

1359 809 1400 818 -—
1420 793 1505 822 tritici
1523 795 1545 822 E
1560 798 1652 822 eritica

1363 843 1399 872 32
1422 833 1594 862 Ditiffimum
1623 834 1646 862 E
1678 832 1879 870 Divimffimnn
1905 831 1933 860 Ο
1952 829 1982 861 U

1462 873 1682 910 Divinihffimam

1363 921 1397 950 35
1421 912 1449 940 in
1465 913 1488 940 E
1504 913 1532 940 Ο
1546 913 1576 940 U
1591 914 1618 940 d.

1360 967 1401 974 —-
1421 951 1531 980 infante
1545 951 1569 980 E
1583 954 1684 990 infanti

1386 1001 1396 1020 1
1421 1001 1454 1019 ac
1469 992 1491 1019 E
1504 1000 1530 1020 er

1361 1046 1402 1054 —
1422 1031 1582 1060 Lanuvium
1597 1031 1620 1059 E
1637 1030 1783 1060 Lavinium

1384 1080 1398 1108 3
1421 1071 1539 1099 Solonio
1552 1071 1574 1099 E
1590 1071 1617 1098 O
1633 1071 1661 1099 U
1677 1071 1702 1105 ψ
1717 1071 1815 1099 Selom·-

1361 1126 1403 1133 —
1423 1110 1566 1139 Lanuvini
1581 1110 1604 1138 E
1619 1112 1729 1140 Lavini

1384 1153 1400 1180 8
1423 1151 1576 1179 Praxiteles
1589 1150 1612 1178 E
1627 1149 1767 1188 Profitelis

1365 1200 1376 1220 ι
1387 1200 1397 1219 ι
1422 1191 1480 1218 vim
1497 1191 1521 1219 E
1534 1191 1592 1219 inde

1361 1246 1402 1253 —
1422 1229 1498 1258 suam
1513 1230 1622 1267 Efimm
1632 1233 1691 1258 vim

1361 1286 1404 1293 ·-
1423 1270 1590 1299 diffundunt
1604 1269 1628 1297 E
1643 1270 1783 1308 dffendunt

1365 1320 1376 1339 ι
1386 1320 1401 1339 2
1421 1319 1507 1349 quam
1522 1319 1586 1338 cum
1602 1309 1626 1337 E
1638 1311 1774 1347 Qanta-

1360 1365 1401 1373 —
1422 1349 1569 1378 hominum
1587 1349 1608 1377 E
1623 1350 1731 1377 hominie

1366 1399 1377 1419 1
1386 1399 1400 1428 3
1422 1389 1553 1428 Pythiam
1569 1388 1592 1417 E
1607 1390 1727 1418 tho-

1365 1439 1402 1499 :3
1423 1429 1638 1506 :¹:32ssAEss

1366 1518 1401 1544 ¹7
1423 1518 1554 1546 agrorum
1570 1509 1593 1536 E
1607 1517 1738 1546 aquam

1367 1549 1402 1577 18
1423 1547 1514 1577 retusa
1528 1547 1556 1575 Ο
1570 1546 1673 1584 retunsa

1361 1603 1403 1610 —
1422 1597 1451 1617 et
1466 1588 1488 1616 E
1504 1589 1532 1616 d.

1367 1638 1404 1666 ¹9
1425 1637 1460 1656 ex
1475 1628 1502 1654 O
1518 1629 1546 1655 d.

1365 1678 1402 1697 20
1423 1667 1513 1705 specie
1527 1667 1556 1696 O
1567 1668 1592 1695 d.
1614 1666 1741 1705 φθαίη

1362 1723 1402 1731 —-
1424 1707 1493 1745 saepe
1509 1708 1537 1735 Ο
1550 1706 1576 1742 ψ
1591 1709 1618 1735 d.

1366 1758 1401 1786 23
1424 1748 1589 1776 Flexanima
1602 1747 1630 1775 0
1647 1746 1725 1775 Flexa
1737 1749 1829 1776 anina

1364 1804 1406 1811 —
1427 1787 1529 1816 Bacehl
1546 1787 1569 1815 E
1584 1787 1612 1815 Ο
1628 1787 1656 1815 U
1671 1787 1755 1815 bacha

1367 1838 1405 1865 ²4
1425 1828 1577 1856 Commota
1592 1827 1615 1855 E
1629 1830 1738 1857 con-otis

1367 1879 1401 1903 23
1425 1867 1510 1896 etiarn
1527 1867 1550 1895 E
1564 1867 1590 1895 d.

1368 1910 1404 1937 23
1426 1907 1551 1945 appellet
1565 1906 1593 1943 ψ
1606 1905 1762 1944 appella-vus

1369 1957 1401 1985 3¹
1427 1955 1454 1974 et
1472 1948 1494 1975 E
1509 1948 1535 1974 d.

1392 1996 1402 2014 1
1429 1986 1521 2023 reapse
1537 1985 1559 2013 E
1573 1996 1612 2013 res
1626 1984 1698 2022 abst

1387 2036 1403 2055 2
1426 2025 1510 2065 Qod
1528 2026 1549 2054 E
1563 2025 1640 2062 Qu

1365 2081 1406 2088 —
1429 2065 1537 2093 Brenno
1551 2065 1574 2092 E
1590 2065 1702 2092 Bra-nio

1366 2121 1407 2129 —-
1427 2105 1541 2142 ejusque
1558 2105 1581 2133 E
1597 2108 1642 2143 qui

1386 2155 1406 2183 4
1426 2155 1460 2173 ex
1475 2145 1497 2173 E
1511 2145 1553 2172 hic
1567 2153 1600 2172 ex

1366 2200 1407 2208 —-
1429 2185 1487 2212 hirc
1504 2184 1590 2212 satam
1606 2184 1628 2211 E
1640 2183 1751 2220 phata
1765 2181 1794 2211 0
1808 2181 1836 2211 U
1853 2181 1992 2220 husiu-

1367 2241 1406 2248 —
1428 2223 1558 2262 Pythiam
1574 2224 1598 2252 E
1613 2224 1733 2252 Phaia-

1389 2267 1408 2294 6
1429 2273 1455 2292 ει
1473 2265 1495 2292 Ε
1513 2264 1542 2293 U
1555 2264 1582 2291 d.

1389 2314 1405 2341 7
1427 2312 1454 2332 et
1471 2304 1534 2331 nive
1549 2304 1572 2331 E
1586 2309 1668 2331 turne

1374 2354 1409 2373 ιο
1429 2352 1522 2372 aurem
1539 2342 1562 2370 Β
1575 2344 1605 2370 d.

1369 2399 1411 2407 —
1430 2392 1480 2411 nec
1497 2383 1519 2410 E
1534 2393 1562 2410 ne

1373 2426 1407 2454 18
1429 2422 1543 2461 quidem
1561 2423 1583 2451 E
1596 2422 1622 2450 1.

1369 2480 1407 2486 —
1431 2473 1484 2491 non
1503 2463 1524 2490 E
1540 2464 1567 2490 d.

1375 2514 1410 2542 ¹9
1432 2503 1577 2531 hominum
1593 2501 1616 2531 Ε
1629 2501 1739 2532 bum
