2223 3003
528 296 606 349 364
963 291 1484 331 PARADOXA.

523 408 616 432 cum
638 392 715 431 telo
735 390 880 429 fuerit?
911 399 997 428 ante
1016 389 1188 428 senatum
1210 400 1275 429 tua
1294 391 1367 429 fica
1385 389 1618 445 deprehensa
1635 390 1701 429 est.
1743 391 1826 443 Qi
1849 393 1925 433 ho-

522 462 671 498 minem
690 456 902 497 occiderit?
925 466 967 495 tu
988 457 1176 511 plurimos
1197 458 1384 497 occidisti.
1417 459 1499 510 Qi
1520 458 1747 497 incendium
1761 457 1924 498 fecerit?

522 526 616 563 aedes
637 523 916 578 Nympharum
948 537 1066 563 manu
1087 533 1151 562 tua
1171 524 1438 578 deflagrarunt.
1481 525 1563 577 Qi
1583 524 1729 578 templa
1747 525 1926 564 Deorum

519 589 790 644 occupaverit?
812 590 852 628 in
872 588 957 628 foro
975 590 1093 628 etiam
1113 591 1229 629 castra
1248 590 1416 644 posuisti.
1450 592 1521 629 Sed
1541 591 1635 644 quid
1654 603 1727 643 ego
1740 603 1924 630 commu-

519 671 586 696 nes
607 657 709 710 leges
729 655 896 710 profero,
917 657 1061 709 quibus
1080 657 1263 696 omnibus
1283 670 1321 695 es
1342 657 1462 696 exul?
1484 658 1515 696 F
1519 657 1815 695 amiliariffimus
1837 666 1925 696 tuus

520 723 565 761 de
588 732 624 762 te
642 723 892 777 privilegium
914 723 1019 767 tulit,
1051 732 1108 768 ut,
1141 723 1167 761 s1
1189 723 1229 761 in
1258 733 1438 777 opertum
1459 724 1574 762 Bonae
1594 723 1688 761 Deae
1708 722 1926 768 acceffiffes,

518 788 703 828 exulares.
735 790 805 834 At,
827 798 864 826 te
883 789 923 826 id
943 787 1084 834 fecisse,
1105 789 1222 827 etiam
1242 789 1396 842 gloriari
1416 789 1524 828 soles.
1556 788 1770 841 Qornodo
1788 789 1924 842 igitur,

518 865 577 895 tot
606 855 757 908 legibus
790 855 831 892 in
864 854 1026 892 exilium
1048 855 1206 906 eje&us‚
1234 868 1376 893 nomen
1396 855 1519 893 exulis
1540 869 1616 894 non
1637 854 1922 910 perhorrescis?

518 922 658 960 Romae
677 921 777 966 sum,
798 919 942 972 inquis.
974 920 1027 958 Et
1047 920 1209 973 quidem
1228 921 1270 959 in
1290 930 1424 974 operto
1443 919 1562 960 fuisti.
1584 922 1681 960 Non
1699 923 1832 975 igitur,
1855 922 1924 961 ubi

517 987 678 1040 quisque
697 987 784 1032 erit,
816 987 897 1039 ejus
918 986 995 1025 loci
1019 987 1084 1039 jus
1106 987 1269 1033 tenebit,
1303 987 1331 1026 fi
1360 987 1417 1026 ibi
1441 1000 1533 1026 eum
1562 986 1714 1041 legibus
1744 987 1815 1026 effe
1845 1001 1925 1028 non

517 1053 724 1107 oportebit.

948 1281 1376 1321 PARAnoxou
1437 1282 1488 1321 V.

697 1398 771 1441 '¹071
789 1404 882 1455 μένος
898 1405 911 1441 ὁ
933 1403 1027 1454 συφὶς
1044 1404 1234 1463 ἑλεόῇῑξΘη
1256 1406 1283 1463 ᾖ
1302 1405 1367 1447 mig
1387 1401 1499 1458 ἄφρων
1516 1403 1645 1450 ὃέλΘκ

653 1467 770 1505 Solum
774 1466 977 1520 fizpientem
996 1465 1056 1520 effi
1073 1467 1236 1513 liberum,
1257 1478 1293 1507 ct
1311 1483 1442 1508 omnem
1449 1468 1604 1523 stultum
1610 1469 1780 1521 strvum.

513 1594 545 1631 Ι,
637 1599 701 1625 Au
716 1599 776 1624 Dr:
791 1598 893 1624 TUR
928 1599 1016 1625 vero
1036 1584 1102 1624 hic
1122 1586 1344 1641 imperator,
1375 1596 1440 1626 aut
1459 1587 1576 1626 etiam
1597 1587 1823 1641 appelletur,
1855 1596 1922 1627 aut

660 1651 734 1691 hoc
756 1653 916 1691 nomine
935 1642 1076 1706 dignus
1098 1663 1268 1706 putetur.
1311 1655 1404 1706 Qo
1425 1654 1557 1700 modo,
1590 1663 1654 1692 aut
1679 1654 1742 1692 cui
1763 1654 1920 1692 tandem

510 1715 575 1755 hic
606 1717 729 1758 libero
763 1719 985 1772 imperabit,
1015 1719 1086 1772 qui
1120 1733 1199 1758 non
1234 1720 1354 1774 potest
1381 1720 1660 1774 cupiditatibus
1689 1719 1764 1759 suis
1790 1721 1919 1774 impe-

510 1785 617 1823 rare?
660 1785 845 1825 Refrenet
879 1786 1054 1839 primum
1088 1785 1285 1833 libidines,
1316 1787 1464 1841 spernat
1499 1787 1728 1840 voluptates,
1764 1787 1919 1825 iracun-

509 1849 614 1888 diam
645 1860 786 1896 teneat,
817 1860 990 1890 coerceat
1021 1853 1231 1898 avaritiam,
1264 1863 1414 1892 caeteras
1446 1853 1567 1892 animi
1598 1853 1701 1892 labes
1733 1853 1915 1906 repellat:

509 1925 595 1955 tum
627 1917 787 1970 incipiat
818 1917 901 1955 aliis
932 1918 1134 1970 imperare,
1174 1932 1267 1957 cum
1299 1919 1377 1972 ipse
1408 1920 1698 1972 improbiffimis
1733 1920 1917 1965 dominis,

509 1983 687 2022 dedecori
709 1997 751 2022 ac
773 1983 1021 2037 turpitudini,
1053 1997 1181 2038 parere
1209 1984 1369 2023 desierit.
1413 1986 1523 2024 Dum
1544 1985 1704 2038 quidem
1735 1984 1797 2022 his
1822 1985 1918 2023 obe-

509 2050 614 2095 diet,
648 2064 724 2089 non
758 2050 878 2089 modo
907 2051 1140 2104 imperator,
1187 2051 1249 2090 sed
1280 2052 1377 2090 liber
1410 2050 1609 2090 habendus
1642 2051 1806 2090 omnino
1841 2065 1917 2090 non

508 2117 592 2155 erit.
626 2116 808 2155 Praeclare
841 2116 948 2155 enim
982 2116 1036 2155 est
1065 2116 1141 2156 hoc
1174 2117 1398 2171 usurpatum
1419 2131 1440 2155 a
1469 2118 1708 2163 doCfissimis,
1748 2131 1918 2170 quorum

508 2183 730 2222 auctoritate
767 2196 845 2221 non
877 2191 1016 2228 uterer,
1047 2182 1073 2221 s1
1103 2182 1204 2221 mihi
1236 2184 1336 2236 apud
1363 2183 1513 2236 aliquos
1546 2183 1704 2236 agrestes
1730 2182 1812 2222 hmc
1845 2183 1917 2222 ha-

509 2250 631 2288 benda
651 2249 738 2288 effet
758 2250 892 2288 oratio.
936 2251 1042 2288 Cum
1062 2263 1152 2288 vero
1182 2249 1284 2303 apud
1304 2249 1615 2303 prudentissimos
1642 2250 1789 2302 loquar,
1825 2251 1916 2302 qui-

509 2317 581 2355 bus
601 2316 682 2355 haec
719 2316 887 2355 inaudita
922 2329 999 2355 non
1035 2316 1150 2363 sunt;
1182 2330 1250 2355 cur
1276 2331 1348 2370 ego
1368 2317 1560 2361 simulem,
1592 2330 1669 2361 me,
1704 2317 1843 2369 siquid
1877 2318 1916 2355 in

508 2382 567 2422 his
605 2383 735 2421 studiis
767 2397 890 2436 operae
920 2383 1127 2436 posuerim,
1164 2382 1393 2438 perdidisse?
1435 2383 1599 2421 Distum
1632 2383 1684 2420 cst
1718 2383 1835 2435 igitur
1869 2384 1916 2421 ab

507 2448 768 2488 eruditissimis
789 2449 893 2493 viris,
918 2449 983 2487 nisi
1007 2449 1230 2503 sapientem,
1261 2448 1429 2487 liberum
1454 2447 1525 2486 effe
1546 2448 1759 2486 neminem.
1806 2448 1916 2500 Qid

507 2516 559 2555 est
579 2516 684 2554 enim
708 2515 892 2553 libertas?
926 2515 1084 2568 potestas
1118 2515 1286 2560 vivendi,
1319 2524 1360 2553 ut
1382 2515 1488 2553 velis.
1533 2515 1634 2566 Qis
1666 2515 1784 2567 igitur
1804 2515 1913 2559 vivit,

507 2593 549 2620 ut
571 2583 667 2627 vult,
696 2582 762 2620 nis·
785 2583 851 2635 qui
875 2584 972 2620 resta
992 2582 1176 2635 sequitur,
1191 2581 1258 2635 qui
1279 2582 1419 2634 gaudet
1441 2581 1584 2626 officio,
1604 2582 1667 2619 cui
1682 2582 1834 2620 vix-endi
1856 2582 1915 2619 via

506 2649 735 2688 considerata
756 2659 869 2701 atquc
891 2649 1036 2701 provisa
1067 2649 1147 2687 est?
1180 2649 1247 2702 qui
1279 2649 1429 2702 legibus
1461 2649 1619 2701 quidem
1653 2661 1728 2686 non
1761 2657 1914 2701 propter
