2223 3003
453 239 530 290 184
847 232 951 272 DE
1023 231 1452 270 OFFICIIS

444 339 606 383 oblivio,
629 347 720 375 cum
752 333 792 370 in
812 330 1083 383 imperiorum,
1113 328 1326 374 honorum,
1353 327 1486 381 gloriae
1505 325 1759 380 cupiditatem
1784 329 1850 370 in.

446 405 625 444 ciderint.
658 398 777 450 Qod
797 397 903 434 enim
923 395 975 434 est
995 395 1095 448 apud
1117 396 1308 440 Ennium,

585 462 1018 518 A⁷ullafhn51asbcietas‚
1049 477 1111 501 nec
1115 461 1211 515 fides
1229 461 1336 515 regni
1350 460 1409 515 est,

447 536 487 574 id
508 534 621 572 latius
643 540 759 586 patet.
791 529 899 569 Nam
921 529 1114 582 quidquid
1133 528 1321 581 ejusmodi
1339 528 1406 574 est,
1436 528 1479 567 in
1504 540 1584 581 quo
1610 541 1689 567 non
1714 525 1854 580 possint

446 601 574 654 plures
595 597 794 642 excellere,
825 597 865 634 in
885 609 932 634 eo
952 595 996 634 fit
1016 596 1248 649 plerumque
1267 604 1372 634 tanta
1390 595 1605 640 contentio,
1631 604 1675 633 ut
1694 594 1853 633 difficil-

446 667 594 706 limum
615 666 659 705 sit
680 664 846 703 sanctam
865 661 1006 701 servare
1025 663 1260 701 societatem.
1293 661 1512 701 Declaravit
1532 662 1571 700 id
1593 661 1712 700 modo
1729 671 1853 699 teme-

449 734 538 771 ritas
561 733 608 770 C.
633 729 802 773 effaris,
833 730 900 781 qui
921 729 1053 767 omnia
1068 729 1156 781 jura
1175 728 1304 766 divina
1323 737 1438 780 atque
1468 727 1640 765 humana
1658 727 1855 779 pervertit,

448 807 605 853 propter
624 810 729 840 eum,
762 807 881 847 quem
901 794 971 832 fibi
991 794 1070 846 ipse
1089 793 1284 846 opinionis
1303 806 1428 831 errore
1448 793 1623 837 finxerat,
1660 793 1855 845 principa-

449 875 553 903 tum.
586 863 653 901 Est
673 870 803 899 autem
825 860 865 897 in
886 858 962 897 hoc
981 872 1120 912 genere
1140 858 1361 904 molestum,
1381 859 1488 911 quod
1508 859 1550 897 in
1572 859 1754 897 maximis
1771 860 1856 897 ani-

449 931 541 974 mis,
564 925 947 981 splendidiffimisque
967 925 1132 978 ingeniis
1154 925 1384 978 plerumque
1400 925 1569 964 existunt
1583 924 1756 971 honoris,
1778 927 1857 964 im-

450 995 562 1050 perii,
584 992 781 1047 potentiae,
801 991 933 1044 gloriae
953 992 1208 1044 cupiditates:
1240 1005 1320 1044 quo
1339 992 1462 1045 magis
1481 991 1696 1031 cavendum
1716 991 1782 1038 est,
1811 1005 1858 1030 ne

450 1061 548 1115 quid
568 1063 608 1099 in
628 1073 672 1098 eo
692 1071 830 1111 genere
852 1067 1044 1110 peccetur.

509 1127 582 1166 Sed
602 1126 644 1164 in
673 1124 784 1163 omni
804 1124 990 1176 injustitia
1024 1123 1268 1177 permultum
1302 1123 1471 1170 interest,
1504 1132 1637 1162 utrum
1657 1123 1859 1177 perturba-

452 1194 559 1233 tione
580 1192 708 1244 aliqua
728 1190 864 1235 animi,
886 1203 971 1243 quae
990 1191 1223 1243 plerumque
1244 1190 1368 1228 brevis
1388 1189 1455 1234 est,
1477 1199 1515 1228 et
1534 1189 1580 1228 ad
1601 1199 1781 1243 tempus;
1815 1202 1861 1227 an

453 1259 645 1302 consulto,
667 1266 705 1294 et
724 1256 891 1309 cogitata
910 1255 977 1294 fiat
997 1257 1149 1308 injuria.
1181 1256 1344 1295 Leviora
1366 1256 1473 1293 enim
1492 1255 1594 1300 sunt,
1617 1269 1702 1308 quae
1723 1268 1860 1308 repen—

455 1327 540 1364 tino
560 1325 692 1377 aliquo
713 1332 824 1361 motu
845 1322 1040 1367 accidunt,
1063 1336 1180 1375 quam
1201 1336 1257 1368 ea,
1278 1336 1364 1375 quae
1391 1322 1575 1361 meditata
1594 1331 1633 1360 et
1658 1331 1863 1375 praeparata

455 1390 688 1430 inferuntur.
722 1391 782 1428 Ac
803 1388 850 1426 de
871 1387 1069 1427 inferenda
1088 1388 1249 1441 quidem
1270 1389 1410 1440 injuria
1429 1387 1514 1426 satis
1531 1389 1680 1427 dictum
1700 1388 1767 1426 est.

512 1459 586 1496 IX.
628 1454 968 1495 Praetermittendae
999 1464 1128 1493 autem
1160 1453 1403 1499 defenfionis,
1445 1454 1716 1506 deserendique
1746 1453 1866 1491 officii

458 1525 585 1577 plures
607 1522 728 1561 solent
747 1520 819 1559 esse
839 1520 971 1560 causae.
1003 1521 1126 1566 Nam,
1149 1530 1214 1559 aut
1234 1521 1474 1565 inimicitias,
1507 1529 1572 1558 aut
1592 1520 1780 1564 laborem,
1801 1527 1867 1557 aut

458 1591 635 1642 sumptus
657 1587 842 1640 suscipere
863 1587 1027 1637 nolunt;
1061 1596 1126 1626 aut
1156 1587 1275 1625 etiam
1296 1587 1545 1640 negligentia,
1572 1586 1741 1640 pigritizi,
1763 1586 1866 1624 iner-

458 1656 536 1700 tia,
568 1664 633 1693 aut
654 1653 728 1692 suis
759 1653 892 1691 studiis
923 1652 1155 1706 quibusdam
1175 1652 1543 1706 occupationibusve
1570 1653 1620 1691 s1e
1640 1652 1866 1706 impediun-

457 1732 536 1768 tur,
568 1730 610 1759 ut
630 1734 707 1766 eos,
738 1733 835 1773 quos
857 1720 972 1758 tutari
993 1719 1170 1765 debeant,
1202 1719 1365 1758 desertos
1385 1718 1456 1758 effe
1475 1719 1684 1772 patiantur.
1730 1719 1866 1771 Itaque

459 1787 673 1827 videndum
705 1786 772 1831 est,
804 1800 852 1825 ne
883 1800 962 1825 non
982 1785 1068 1825 satis
1090 1786 1135 1825 fit
1165 1786 1219 1831 id,
1251 1785 1357 1839 quod
1391 1785 1493 1839 apud
1520 1785 1723 1824 Platonem
1744 1785 1797 1823 est
1827 1785 1868 1823 in

462 1851 711 1907 philosophos
733 1852 906 1895 dictum5
929 1852 1035 1902 quod
1051 1853 1091 1888 in
1113 1852 1191 1888 veri
1212 1852 1501 1903 investigatione
1514 1852 1720 1896 versentur,
1740 1851 1868 1903 quod-

461 1932 539 1970 que
570 1930 624 1961 ea,
656 1929 741 1968 quae
775 1915 950 1967 plerique
970 1914 1220 1953 vehementer
1245 1924 1448 1967 expetunt,
1479 1916 1525 1952 de
1545 1916 1688 1967 quibus
1715 1916 1814 1953 inter
1835 1915 1870 1953 se

462 1982 663 2036 digladiari
698 1981 833 2026 solent,
865 1990 1131 2026 contemnant,
1162 1990 1199 2018 et
1226 1994 1296 2033 pro
1330 1979 1454 2019 nihilo
1485 1980 1642 2025 ducant,
1674 1990 1872 2034 propterea

457 2050 581 2104 justos
602 2047 686 2087 ess‘c.
730 2048 836 2086 Nam
857 2061 950 2086 cum
970 2047 1134 2085 alterum
1150 2047 1306 2100 justitia:
1326 2061 1448 2100 genus
1469 2046 1732 2100 assequuntur,
1769 2046 1870 2086 infc—

464 2116 582 2154 rendssi
603 2128 648 2153 ne
668 2114 731 2152 cui
755 2122 914 2152 noceant
933 2113 1098 2167 injuriai,
1122 2114 1161 2152 in
1179 2113 1341 2151 alterum
1358 2113 1560 2152 incidunt:
1584 2113 1751 2151 discendi
1765 2113 1872 2151 enim

465 2183 591 2222 studio
622 2181 814 2235 impediti,
859 2194 956 2234 quos
989 2182 1087 2219 tueri
1128 2181 1283 2226 debent,
1314 2179 1504 2219 deserunt.
1567 2181 1700 2233 Itaque
1731 2194 1795 2220 eos
1826 2180 1872 2217 ad

463 2249 753 2302 rempublicam
776 2261 822 2286 ne
842 2247 1049 2286 accessuros
1069 2247 1228 2301 quidem
1250 2256 1401 2301 putant,
1430 2247 1498 2286 nifi
1517 2250 1667 2287 coaetos
1682 2265 1695 2292 ς
1726 2247 1872 2298 oequius

468 2325 598 2354 autem
619 2324 698 2353 crat
729 2314 768 2352 id
789 2314 984 2353 voluntate
1018 2314 1114 2353 fieri.
1161 2315 1267 2354 Nam
1287 2313 1363 2353 hoc
1385 2313 1512 2367 ipsum
1544 2313 1598 2352 ita
1623 2313 1775 2365 justum
1805 2313 1873 2358 cst,

468 2381 575 2436 quod
597 2383 694 2420 reete
715 2380 772 2426 tit,
796 2381 819 2419 li
837 2381 890 2419 est
911 2380 1188 2420 voluntarium.

509 2450 607 2488 Sunt
627 2448 759 2493 etiam,
781 2448 848 2500 qui
870 2458 933 2486 aut
955 2448 1080 2487 studio
1100 2448 1152 2487 rei
1173 2446 1372 2487 familiaris
1395 2446 1557 2492 tuendae,
1579 2456 1642 2485 aut
1663 2446 1754 2485 odio
1773 2458 1874 2499 quo-

470 2515 561 2554 dam
583 2513 805 2559 hominum,
838 2513 947 2552 suum
971 2515 1005 2553 se
1038 2515 1237 2568 negotium
1267 2527 1376 2567 agere
1396 2514 1538 2558 dicant,
1573 2527 1618 2551 nc
1640 2512 1762 2552 facere
1787 2511 1874 2550 cui-

470 2590 591 2631 quam
613 2576 813 2616 videantur
832 2575 1013 2628 injuriam
1031 2592 1038 2616 :
1062 2577 1130 2630 qui
1146 2576 1265 2616 altero
1286 2575 1478 2628 injustitiae
1493 2589 1632 2629 genere
1652 2583 1809 2619 vacant,
1833 2573 1874 2611 in
