2223 3003
436 257 512 311 148
843 254 948 293 DE
1019 251 1422 292 LEGIBUS

433 359 577 401 Heleni
594 366 745 397 tantum
765 367 907 394 nomen
927 352 1068 398 fuisset,
1096 365 1222 405 neque
1241 360 1299 390 tot
1319 351 1491 390 nationes
1506 349 1546 389 id
1566 349 1613 389 ad
1630 349 1707 390 hoc
1726 361 1829 393 tem-

430 439 502 479 pus
540 422 775 463 retinuissent
788 449 800 466 ,
836 419 1012 458 Arabum
1027 449 1039 464 ,
1080 417 1295 472 Phrygum,
1335 419 1564 470 Lycaonum
1583 447 1595 463 ,
1629 418 1803 458 Cilicum
1817 447 1831 465 ,

431 491 678 541 maximeque
709 487 935 532 Pifidarum,
967 486 1035 525 nisi
1055 485 1216 524 vetustas
1235 499 1278 524 ea
1297 495 1398 524 certa
1428 484 1499 523 effe
1518 484 1728 524 docuisset:
1760 499 1832 524 nec

429 569 519 594 vero
540 553 737 594 Romulus
768 553 893 592 noster
925 552 1116 606 auspicato
1149 552 1287 590 urbem
1313 551 1552 596 condidiffet,
1585 564 1710 604 neque
1729 551 1833 590 Attii

430 622 550 661 Navii
582 633 726 660 nomen
745 619 935 658 memoria
953 618 1102 657 floreret
1123 627 1201 657 tam
1222 619 1304 663 diu,
1336 618 1405 657 nisi
1424 617 1467 656 hi
1486 631 1622 656 omnes
1642 617 1768 656 multa
1785 617 1833 656 ad

429 687 630 726 veritatem
649 685 891 724 admirabilia
918 684 1109 723 dixissent.
1141 684 1214 724 Sed
1234 684 1399 723 dubium
1425 697 1503 722 non
1523 683 1588 729 est,
1619 683 1716 736 quin
1748 682 1832 722 haec

429 754 633 807 disciplina
650 761 688 791 et
707 765 764 791 ars
784 765 976 805 augurum
995 752 1190 790 evanuerit
1204 753 1288 804 jam
1307 761 1345 790 et
1365 750 1546 790 vetustate
1570 759 1609 789 et
1629 750 1833 803 negligen-

428 821 496 860 tia.
519 821 654 873 Itaque
674 832 800 871 neque
820 818 879 856 illi
898 817 1087 863 affentior,
1105 817 1174 870 qui
1193 816 1293 856 hanc
1309 817 1507 856 scientiam
1524 825 1637 870 negat
1657 829 1833 869 unquam

428 887 471 926 in
490 887 617 925 nostro
636 885 803 938 collegio
822 884 931 922 fuisse
943 902 956 930 ς
987 898 1112 937 neque
1142 884 1215 929 illi,
1242 884 1312 937 qui
1332 883 1403 922 effe
1421 885 1540 923 etiam
1559 898 1664 923 nunc
1692 892 1803 937 putat
1819 897 1830 922 ε

429 966 516 1005 quae
535 951 637 990 mihi
656 951 807 990 videtur
822 950 923 1003 apud
946 951 1108 1002 majores
1121 949 1231 988 fuiffe
1246 950 1465 1004 dupliciter,
1487 959 1531 989 ut
1548 950 1594 989 ad
1610 949 1833 1004 reipublicae

427 1027 583 1071 tempus
603 1029 901 1069 nonnunquam,
922 1017 968 1055 ad
984 1016 1120 1069 agendi
1138 1015 1344 1055 confilium
1364 1016 1574 1070 saepisfime,
1592 1016 1814 1069 pertineret.

482 1085 710 1123 ATT1cus.
743 1083 883 1128 Credo,
914 1081 1058 1128 hercle,
1088 1082 1142 1120 ita
1159 1081 1244 1126 effe,
1276 1081 1414 1134 istique
1434 1081 1572 1120 rationi
1591 1080 1835 1134 potiffimum

426 1148 631 1188 affentior:
653 1148 716 1188 sed
735 1148 850 1187 redde
869 1158 1016 1187 caetera.
1043 1149 1257 1187 MARcus.
1280 1147 1459 1189 Reddam
1477 1161 1580 1193 vero,
1601 1156 1652 1193 et,
1673 1146 1701 1186 fi
1720 1155 1834 1201 pote-

428 1215 801 1328 ro’JiDIrSilbequitur
818 1274 924 1312 enim
939 1273 1082 1325 dejure
1099 1272 1194 1311 belli
1208 1291 1220 1317 ;
1242 1273 1283 1311 in
1303 1286 1382 1325 quo
1401 1283 1439 1311 et
1455 1272 1693 1326 suscipiendo
1709 1281 1747 1310 et
1762 1285 1833 1326 ge·

428 1341 559 1386 rendo,
581 1349 619 1380 et
639 1339 879 1393 deponendo,
895 1339 960 1391 jus
981 1348 1018 1376 et
1038 1338 1255 1391 plurimum
1272 1338 1386 1383 valet,
1403 1348 1440 1377 et
1459 1338 1577 1383 fides3
1611 1337 1833 1391 horumque

427 1416 472 1446 ut
489 1407 639 1461 publici
658 1407 884 1459 interpretes
904 1404 1032 1450 efflent,
1060 1404 1144 1458 lege
1165 1404 1370 1443 sancimus.
1407 1406 1495 1456 jam
1515 1404 1562 1443 de
1582 1403 1833 1458 haruspicum

426 1473 627 1526 religione,
641 1472 688 1511 de
703 1471 988 1525 expiationibus
1000 1479 1038 1509 et
1052 1471 1387 1524 procurationibus
1404 1471 1488 1509 satis
1502 1471 1689 1523 superque
1702 1470 1741 1508 in
1755 1469 1835 1523 ipsa

425 1539 510 1592 lege
530 1539 679 1578 dietum
699 1548 810 1592 puto.
860 1540 1086 1576 AT'rlcth.
1109 1536 1314 1582 Affentior,
1336 1537 1522 1590 quoniam
1543 1536 1670 1575 omnis
1691 1534 1772 1575 haec
1792 1536 1834 1575 in

426 1605 611 1658 religione
629 1604 793 1642 versatur
812 1604 952 1643 oratio.
970 1603 1182 1641 MARcus.
1201 1604 1256 1640 At
1276 1616 1379 1646 vero,
1396 1602 1502 1655 quod
1522 1602 1708 1654 sequitur,
1730 1615 1833 1654 quo-

425 1670 544 1710 modo
563 1679 627 1709 aut
648 1678 690 1708 tu
710 1668 917 1714 ass‘entiare,
939 1677 1005 1707 aut
1024 1682 1096 1723 ego
1116 1667 1408 1722 reprehendam,
1425 1667 1510 1707 sane
1531 1682 1675 1721 quaero,
1695 1669 1803 1707 Tite.

470 1739 700 1776 ATT1cus.
718 1735 828 1787 Qid
848 1735 1001 1774 tandem
1018 1735 1093 1773 est?
1116 1735 1328 1774 MARCUS.
1351 1734 1414 1773 De
1425 1734 1621 1773 nocturnis
1639 1733 1832 1773 sacrificiis

426 1803 652 1842 mulierum.
688 1804 917 1841 ATTlcus.
942 1802 1028 1854 Ego
1047 1815 1136 1840 vero
1155 1801 1355 1847 affentior;
1386 1810 1548 1853 excepto
1567 1799 1773 1853 praesertim
1789 1800 1831 1838 in

426 1869 504 1921 ipsa
525 1869 608 1920 lege
629 1868 790 1906 sollenni
810 1867 994 1904 sacrificio
1013 1881 1055 1904 ac
1078 1868 1249 1919 publico.
1274 1868 1491 1906 MARCUS.
1511 1867 1621 1919 Qid
1641 1880 1731 1919 ergo
1747 1875 1833 1919 aget

428 1932 588 1971 Iacchus
618 1931 941 1984 Eumolpidaeque
963 1931 1087 1975 vestri,
1115 1941 1151 1968 et
1172 1931 1327 1984 augusta
1347 1932 1411 1969 illa
1433 1931 1620 1982 mysteria,
1643 1931 1832 1983 liquidem

427 2000 525 2038 sacra
546 2000 732 2037 nocturna
759 1997 963 2036 tollimus?
996 2011 1072 2036 non
1093 1998 1198 2035 enim
1220 1998 1365 2051 populo
1386 1998 1580 2041 Romano,
1614 1996 1673 2035 sed
1697 1997 1830 2035 omni·

427 2066 498 2104 bus
513 2065 623 2103 bonis
637 2063 834 2115 firmisque
848 2063 1127 2116 populis,lcgcs
1142 2064 1292 2102 damus.
1312 2066 1539 2102 AT‘rlcus.
1556 2063 1732 2116 Excipis,
1745 2076 1830 2102 cre-

425 2132 488 2175 do,
512 2130 743 2183 illa,quibus
764 2129 832 2182 ipfi
852 2129 993 2167 initiati
1010 2130 1155 2168 sumus.
1182 2130 1398 2169 mancus.
1415 2131 1502 2183 Ego
1517 2144 1605 2168 vero
1620 2130 1828 2182 excipiam.

426 2197 532 2235 Nam
553 2195 652 2234 mihi
670 2209 762 2233 cum
779 2195 902 2233 multa
918 2196 1060 2234 eximia
1075 2195 1280 2248 divinaque
1297 2196 1475 2235 videntur
1491 2194 1655 2234 Athena·
1672 2205 1747 2234 tuae
1761 2209 1830 2247 pe-

425 2261 573 2315 periss‘c,
604 2271 718 2314 atquc
749 2262 787 2299 in
809 2262 886 2299 vita
907 2261 1116 2301 hominum
1147 2261 1325 2308 anuline,
1359 2272 1444 2301 tum
1466 2261 1564 2301 nihil
1584 2262 1725 2301 melius
1752 2260 1829 2299 illis

426 2328 630 2379 mysteriis,
661 2328 802 2379 quibus
824 2341 869 2365 cx
891 2328 1023 2380 agresti
1045 2328 1287 2381 immanique
1308 2328 1386 2366 vita
1409 2328 1555 2367 exculti
1576 2327 1622 2365 ad
1643 2326 1827 2365 humani-

426 2403 561 2438 tatem,
592 2402 630 2431 ct
658 2394 825 2446 mitigati
848 2393 1005 2439 sumus;
1038 2395 1228 2447 Initiaque
1260 2404 1302 2433 ut
1322 2394 1575 2447 appellantur,
1609 2394 1660 2431 ita
1686 2408 1722 2431 re
1743 2394 1831 2431 vcra.

425 2459 614 2513 principia
636 2459 720 2497 vitae
737 2461 1017 2512 cognovimus5
1050 2474 1172 2513 neque
1193 2460 1316 2499 solum
1336 2473 1429 2498 cum
1447 2459 1577 2498 laetitia
1594 2460 1748 2498 vivendi
1769 2473 1830 2498 ra-

426 2526 573 2566 tionem
594 2526 828 2579 accepimus,
852 2525 910 2564 scd
931 2526 1048 2566 ctiam
1073 2540 1167 2565 cum
1196 2525 1257 2579 spe
1288 2525 1446 2565 meliore
1474 2525 1679 2565 moriendi.
1719 2524 1829 2578 Qid
