2223 3003
1088 262 1319 317 [256]

1151 473 1255 509 DE

679 649 1728 725 OFFICIIS‚

826 876 1103 917 LIBER
1159 876 1581 918 TERTIUS.

501 1107 537 1146 Ῑ,
668 1097 923 1137 UBLIUM
954 1097 1190 1152 Scipionem,
1235 1097 1370 1136 Marce
1407 1096 1478 1142 fili,
1510 1110 1615 1142 eum,
1655 1096 1724 1150 qui
1757 1096 1906 1150 primus

562 1099 666 1233 P
695 1163 902 1202 Africanus
936 1164 1146 1217 appellatus
1179 1163 1246 1208 est,
1279 1163 1403 1202 dicere
1433 1162 1590 1202 solitum
1622 1161 1766 1215 scripsit
1793 1163 1906 1205 Cato,

694 1230 763 1282 qui
783 1229 859 1268 fuit
878 1228 956 1268 fere
974 1231 1055 1282 ejus
1075 1230 1244 1282 aequalis,
1267 1231 1465 1283 Nunquam
1470 1230 1516 1282 st
1533 1229 1648 1267 minus
1672 1229 1814 1283 otiqfiem
1833 1226 1906 1280 effi,

503 1309 611 1348 quam
630 1310 707 1334 cum
725 1297 874 1349 oticfits3
905 1310 967 1335 nec
985 1297 1100 1335 minus
1104 1297 1234 1349 filum,
1257 1310 1361 1349 quam
1380 1309 1458 1334 cum
1464 1295 1565 1349 Jo'lus
1583 1294 1672 1348 qfflt.
1695 1293 1911 1347 Magnifica

502 1374 595 1399 vero
614 1374 704 1406 vox,
734 1370 773 1399 et
794 1375 935 1414 magno
954 1362 1050 1406 viro,
1082 1374 1124 1399 ac
1144 1361 1309 1414 sapiente
1330 1361 1460 1414 digna,
1482 1375 1568 1414 quae
1587 1361 1765 1405 declarat,
1794 1359 1909 1397 illum

505 1436 544 1465 et
565 1427 604 1465 in
625 1428 706 1466 otio
727 1427 773 1465 de
792 1428 956 1479 negotiis
976 1428 1157 1480 cogitare,
1189 1437 1227 1465 et
1247 1428 1287 1466 in
1308 1427 1512 1466 solitudine
1532 1427 1661 1466 secum
1681 1426 1790 1478 loqui
1817 1425 1909 1463 soli-

502 1502 593 1530 tum
611 1511 621 1537 ;
655 1503 697 1531 ut
718 1506 840 1545 neque
860 1492 1011 1531 cessaret
1031 1506 1219 1545 unquam,
1251 1502 1289 1531 et
1308 1493 1504 1530 interdum
1530 1492 1729 1544 colloquio
1757 1491 1909 1528 alterius

503 1572 583 1596 non
614 1567 753 1611 egeret.
805 1559 939 1611 Itaque
967 1558 1050 1597 duae
1081 1572 1152 1604 res,
1185 1572 1271 1611 quae
1301 1558 1525 1611 languorem
1557 1556 1721 1596 afferunt
1749 1556 1910 1601 caeteris,

503 1623 622 1662 -illum
642 1624 842 1669 acuebant,
863 1625 991 1663 otium
1010 1634 1048 1662 et
1068 1624 1247 1664 solitudo.
1280 1624 1434 1663 Vellem
1454 1624 1565 1663 nobis
1585 1623 1661 1663 hoc
1690 1623 1795 1662 idem
1825 1635 1912 1661 vere

505 1690 631 1728 dicere
649 1689 805 1728 liceretz
838 1690 914 1736 sed,
948 1691 974 1729 s1
995 1691 1125 1729 minus
1152 1691 1370 1730 imitatione
1400 1699 1545 1730 tantam
1566 1690 1712 1744 ingenii
1731 1688 1910 1743 praestan-

502 1756 601 1794 tiam
633 1755 816 1808 consequi
847 1756 1057 1809 possumus,
1093 1757 1291 1796 voluntate
1320 1765 1422 1795 certe
1453 1757 1631 1809 proxime
1662 1755 1907 1794 accedimus:

506 1834 597 1859 nam
618 1830 669 1864 et,
697 1835 717 1858 a
737 1821 947 1873 republica,
978 1820 1266 1875 forensibusque
1287 1823 1464 1875 negotiis,
1486 1823 1600 1861 armis
1623 1822 1768 1874 impiis,
1795 1821 1912 1873 vique

507 1883 710 1937 prohibiti,
742 1886 867 1922 otium
889 1886 1181 1937 persequimur,
1213 1896 1251 1924 et
1271 1888 1322 1924 ob
1342 1901 1426 1924 eam
1447 1888 1611 1931 causam,
1643 1887 1737 1925 urbe
1768 1886 1910 1929 relicta,

508 1963 593 1987 rura
611 1958 865 2002 peragrantes,
887 1950 980 2002 saepe
1001 1950 1067 1988 soli
1085 1950 1230 1989 sumus.
1263 1951 1334 1989 Sed
1356 1964 1424 1989 nec
1445 1952 1572 1989 otium
1593 1951 1667 1990 hoc
1687 1964 1779 1989 cum
1801 1949 1912 1988 Afri-

508 2015 595 2053 cani
617 2015 711 2060 otio,
743 2028 811 2053 nec
832 2013 914 2053 haec
936 2015 1101 2054 solitudo
1120 2030 1213 2054 cum
1245 2016 1311 2054 illa
1334 2017 1589 2070 comparanda
1607 2017 1672 2055 est.
1715 2017 1786 2055 Ille
1806 2017 1912 2054 enim

510 2081 746 2133 requiescens
778 2095 798 2118 a
819 2081 1038 2134 reipublicae
1061 2082 1331 2134 pulcherrimis
1352 2084 1578 2122 muneribus
1605 2085 1730 2122 otium
1759 2083 1825 2121 fibi
1849 2082 1912 2121 su-

508 2146 638 2184 mebat
658 2145 876 2199 aliquandO,
898 2155 935 2184 et
957 2159 976 2183 a
996 2158 1100 2185 coetu
1123 2146 1346 2193 hominum,
1380 2148 1670 2202 frequentiaque
1701 2148 1910 2193 interdum,

511 2222 693 2264 tanquam
717 2213 754 2250 in
786 2222 957 2265 portum,
982 2212 1015 2250 se
1045 2213 1084 2251 iu
1115 2213 1361 2252 solitudinem
1383 2215 1602 2267 recipiebat.
1636 2215 1823 2254 Nostrum
1843 2227 1912 2252 au-

511 2288 588 2316 tem
611 2279 735 2316 otium
759 2279 902 2330 negotii
924 2279 1068 2331 inopi-51,
1103 2293 1179 2318 non
1203 2280 1462 2332 requiescendi
1490 2281 1626 2325 studio,
1659 2281 1912 2319 constitutum

510 2343 576 2381 cst.
627 2344 810 2381 Extincto
840 2345 944 2381 enim
978 2345 1118 2390 scu-atu,
1151 2346 1360 2398 deletisque
1381 2347 1554 2398 judiciis‘,
1587 2347 1681 2399 quid
1711 2347 1776 2391 est,
1809 2347 1913 2399 quod

509 2409 674 2461 dignum
698 2409 806 2446 nobis
828 2420 890 2446 aut
913 2410 950 2447 in
973 2412 1090 2455 curia,
1123 2420 1187 2449 aut
1208 2412 1246 2449 in
1269 2410 1352 2449 soro
1372 2425 1478 2464 agere
1500 2412 1681 2465 pollimus
1703 2413 1713 2448 ἓ
1750 2414 1817 2457 Ita,
1846 2413 1914 2465 qui

511 2476 551 2514 in
575 2475 743 2513 maxima
763 2475 994 2520 celebritate,
1013 2487 1127 2529 atquc
1149 2477 1186 2515 in
1209 2477 1331 2515 oculis
1352 2478 1497 2516 civium
1516 2479 1711 2531 quondam
1730 2479 1911 2523 viximus.

509 2554 614 2579 nunc
637 2539 826 2593 fugientes
860 2541 1107 2594 conspectum
1131 2542 1411 2588 sceleratorum,
1448 2545 1590 2596 quibus
1623 2546 1752 2583 omnia
1772 2545 1911 2583 redun-

509 2608 616 2652 dmt,
651 2607 828 2646 abdimus
861 2621 944 2652 nos,
976 2618 1164 2661 quantum
1197 2609 1301 2654 licet,
1332 2619 1369 2648 ct
1403 2609 1493 2663 [cpe
1526 2611 1592 2650 soli
1625 2611 1766 2650 sumus·
1826 2610 1911 2654 Sed,
