2223 3003
323 396 354 424 p.

577 294 868 335 VARIAE
953 292 1506 335 LECTIONES.

414 385 435 413 1.

323 435 364 464 94
408 425 442 453 18
465 424 540 453 enim
556 425 579 453 E
593 428 676 463 igilur

324 790 361 820 95

320 1893 360 1932 96

409 473 443 501 19
465 464 522 502 ipse
536 466 559 493 E
575 467 600 495 d.
620 463 724 500 Uinse

405 513 442 532 20
464 504 616 533 informata
630 506 652 533 E
664 506 693 534 U
709 507 867 544 (efformata

406 553 441 572 22
465 544 583 572 Homeri
596 546 618 572 E
631 547 735 573 Homini

403 598 440 605 —-
464 583 558 620 imago
573 584 595 612 E
610 583 637 619 ψ
651 587 765 622 cogitata
778 587 862 622 imago

406 632 446 659 24
465 623 541 650 enim
555 623 578 650 E
593 624 618 651 d.

406 664 443 690 26
464 663 569 699 majore
581 663 604 690 E
617 663 708 700 majori

405 711 438 738 3¹
465 702 600 740 languore
615 703 637 729 E
652 703 756 740 langore

406 751 444 778 34
465 741 560 769 animo
574 741 598 768 E
609 741 636 769 d.-

428 790 438 809 1
464 780 651 818 cogitavimus
673 780 696 808 E
711 783 847 818 cogitantes
863 782 977 809 vidimus
998 778 1025 816 ψ

503 823 677 857 cogita-vimus
690 821 808 848 vidimus

422 868 438 896 7
462 859 520 887 sum
536 860 558 888 E
573 861 601 888 d.

401 913 443 921 ·—
462 909 478 927 e
490 899 519 927 U
533 911 564 927 ex

423 941 440 967 8
462 939 667 977 cogitationum
686 939 708 967 E
723 941 937 978 ergitantiumque

407 989 416 1007 1
428 988 437 1006 1
464 979 587 1007 futuram
603 979 626 1006 E
641 981 668 1008 d.

406 1028 441 1055 ¹4
462 1029 559 1047 verum
576 1019 599 1047 E
613 1028 636 1047 et
651 1031 741 1047 ‘verum

400 1073 441 1080 —
463 1067 557 1086 utrum
572 1059 595 1087 E
609 1066 744 1098 utrumque

400 1113 441 1120 —
463 1108 518 1126 non
534 1099 571 1127 est
586 1100 609 1128 E
623 1101 656 1136 est

400 1153 441 1160 ——
463 1137 632 1167 Alexandro
644 1139 667 1167 E
678 1137 827 1167 Alexander

406 1187 441 1216 19
463 1179 571 1206 Frustra
677 1179 766 1207 Nunc
779 1177 894 1216 quidem
910 1177 939 1207 U
954 1183 982 1207 d.

403 1227 435 1246 21
463 1219 673 1247 lucubrationes
687 1220 710 1247 E
724 1218 914 1256 lugubrationes

401 1267 438 1286 22
459 1258 668 1286 meridiationes
683 1259 705 1286 E
719 1260 890 1287 mitidationes

399 1312 440 1320 —-
460 1307 512 1325 nec
527 1299 550 1326 E
565 1299 632 1326 Haec

401 1347 438 1375 23
463 1337 547 1366 tantis
561 1338 584 1366 E
597 1345 654 1367 tam

400 1387 440 1414 24
460 1377 550 1416 magis
575 1377 690 1416 usquam
711 1378 735 1407 E
750 1387 862 1416 unquam
882 1388 978 1418 magna
997 1375 1026 1414 ψ

501 1422 584 1456 magis
598 1429 710 1456 unquam

402 1466 438 1494 25
462 1457 549 1485 video
565 1458 588 1486 E
603 1459 696 1486 videor

403 1498 441 1525 26
463 1496 598 1525 divisione
615 1498 637 1524 E
652 1497 678 1531 ψ
691 1497 858 1526 divinatione

402 1546 440 1574 29
461 1536 642 1564 advenientes
657 1538 680 1565 E
694 1538 859 1565 advenientis

401 1590 443 1598 -—
463 1575 615 1604 crescentes
629 1576 651 1604 E
665 1577 793 1613 crefierm's

402 1625 442 1653 30
463 1616 612 1645 nonnullas
627 1617 652 1650 ψ
667 1616 795 1645 nonnullae

398 1670 439 1678 —
460 1656 676 1694 significationes
692 1657 714 1685 E
723 1657 993 1696 fignificationesfimt

401 1710 442 1718 —
463 1704 493 1723 ut
506 1696 529 1724 E
543 1705 566 1724 et

405 1745 438 1773 31
463 1735 637 1764 somniorum

503 1777 551 1812 29)
569 1775 597 1804 U
611 1777 637 1811 ψ
648 1779 675 1805 d.

402 1824 439 1852 32
461 1814 561 1844 dicunt
576 1816 599 1844 E
613 1817 702 1845 debent

403 1864 442 1891 34
462 1855 492 1883 in
506 1855 609 1884 somnis
625 1857 763 1892 Esomniis

422 1894 441 1922 6
460 1894 562 1923 somnis
579 1897 718 1933 Esomniis

400 1948 440 1955 —
461 1935 512 1962 effe
526 1935 548 1962 E
564 1937 589 1963 d.

397 1988 437 1995 —
459 1974 582 2004 amiculo
595 1976 618 2005 E
633 1975 769 2005 aminiculo

421 2015 437 2041 8
459 2013 487 2042 in
504 2015 527 2042 E
541 2015 567 2043 d.

401 2067 443 2076 —-
462 2061 490 2082 et
503 2054 528 2082 E
541 2062 575 2083 ut

747 1736 805 1766 fere
825 1737 933 1770 animos
955 1741 964 1775 (
976 1747 1025 1777 97.

1082 395 1122 464 ¹9²5

1081 1070 1118 1099 97

1183 436 1201 464 9
1222 426 1345 456 habebat
1360 427 1383 455 E
1399 429 1505 458 [valeret

1166 474 1201 493 10
1221 466 1313 494 effic-It
1331 468 1351 494 E
1367 470 1441 505 efflat

1167 514 1199 540 ¹3
1223 506 1323 533 lomnis
1339 506 1476 543 Efimm'iae

1163 553 1200 611 23
1219 545 1534 621 {3322‘023222‘1‘ffl

1387 598 1474 615 cmmu

1159 638 1201 645 —
1221 623 1295 651 enirn
1312 624 1356 652 avi
1373 627 1394 653 E
1409 629 1443 664 est
1455 630 1520 654 avi!

1164 671 1196 690 21
1223 663 1354 700 Antipho
1372 665 1393 692 E
1409 667 1542 703 Anaphen

1163 712 1197 739 23
1221 710 1248 729 et
1263 704 1373 740 agitans
1390 706 1411 733 E
1427 707 1455 733 d.

1158 755 1200 763 —·
1219 740 1277 778 ipsa
1293 743 1315 770 E
1332 743 1358 770 d.

1161 789 1200 817 24
1220 780 1321 809 essetne
1336 783 1359 810 E
1373 784 1447 820 cffine

1162 830 1196 857 23
1220 820 1395 858 obfignatam

1163 869 1198 896 27
1221 869 1285 887 nam
1302 862 1323 889 E
1339 874 1397 890 nam
1411 871 1435 890 e!

1158 916 1199 921 —
1217 899 1359 938 obsignari
1374 902 1504 941 Efigrmti

1160 949 1174 977 3
1181 949 1195 977 3
1218 939 1385 969 exsultantes
1399 944 1422 970 E
1436 943 1590 979 exfidtamis

1160 990 1198 1017 34
1219 978 1368 1016 delphinos
1386 982 1407 1009 E
1421 983 1545 1020 delphines

1160 1034 1201 1042 —
1221 1019 1404 1055 conjicientes
1419 1022 1441 1050 E
1456 1026 1599 1052 conicientes

1181 1069 1199 1095 4
1221 1058 1288 1088 fecit
1303 1060 1325 1088 E
1330 1064 1408 1098 facit

1165 1109 1195 1128 11
1222 1099 1334 1127 tandem
1350 1102 1373 1129 E
1387 1111 1470 1130 tamen

1162 1146 1195 1168 21
1221 1138 1241 1166 ii
1256 1139 1279 1167 E
1294 1140 1323 1167 hi

1163 1189 1178 1207 2
1182 1189 1197 1217 5
1221 1178 1287 1207 duci
1303 1180 1326 1207 E
1340 1180 1393 1208 dici
1593 1213 1604 1224 ·

1159 1234 1199 1241 —
1219 1220 1372 1248 contrarias
1387 1220 1410 1248 E
1424 1224 1579 1250 contrarium

1162 1258 1199 1288 26
1221 1259 1253 1287 fit
1268 1259 1290 1287 E
1305 1262 1332 1288 d.

1163 1308 1198 1335 27
1221 1299 1279 1327 haec
1295 1300 1318 1327 E
1333 1302 1366 1329 id

1163 1348 1201 1377 29
1222 1340 1352 1377 oppreffit
1367 1339 1494 1368 omnium
1510 1341 1568 1369 sere
1581 1341 1689 1371 animos
1704 1341 1727 1372 E
1742 1344 1772 1374 d.

1161 1388 1197 1417 33
1218 1379 1294 1407 enirn
1308 1380 1332 1407 E
1346 1380 1372 1408 d.

1181 1429 1195 1455 3
1219 1419 1347 1448 confiteri
1362 1420 1392 1448 U
1407 1417 1435 1454 ψ
1445 1421 1561 1458 profiteri

1179 1467 1200 1495 4
1219 1459 1256 1486 est
1267 1459 1366 1495 juncta
1382 1460 1507 1497 EjunHa

1182 1509 1195 1536 5
1219 1507 1332 1535 cunque
1347 1499 1370 1526 E
1387 1498 1414 1526 U
1432 1498 1458 1534 ψ
1471 1501 1568 1537 Qinte

1183 1546 1201 1574 7
1223 1537 1241 1565 fi
1258 1537 1431 1575 haruspicem
1447 1540 1470 1567 E
1476 1540 1541 1577 five
1554 1539 1712 1579 haruspicem

1183 1578 1199 1605 8
1221 1578 1327 1605 tafkum
1340 1578 1366 1612 ψ
1377 1586 1477 1607 tantum

1166 1626 1200 1646 12
1220 1616 1334 1646 videtur
1346 1618 1369 1646 E
1384 1628 1448 1646 vero

1161 1672 1202 1679 —
1223 1657 1275 1685 effe
1291 1658 1313 1685 E
1329 1660 1363 1695 est

1166 1706 1199 1734 13
1223 1695 1283 1734 ipso
1306 1698 1329 1725 E
1337 1699 1424 1734 somno

1166 1737 1201 1766 16
1223 1744 1251 1765 et
1266 1737 1454 1775 repugnantia
1470 1738 1492 1765 E
1508 1749 1540 1766 ατ
1554 1742 1729 1778 repugnanda

1166 1786 1199 1813 ¹7
1222 1777 1271 1813 qui
1287 1785 1374 1815 prope
1388 1778 1411 1806 E
1425 1781 1516 1815 quippe

1163 1826 1198 1845 22
1221 1817 1367 1853 proprium
1384 1818 1411 1846 U
1428 1818 1452 1852 ψ
1467 1819 1494 1846 d.

1165 1867 1199 1893 ²3
1223 1864 1255 1883 ea
1271 1856 1292 1883 E
1307 1865 1331 1884 e!

1164 1911 1202 1918 -
1224 1895 1366 1924 fimillima
1380 1897 1518 1935 Ustmilia

1162 1951 1203 1958 -
1222 1934 1371 1964 videantur
1385 1938 1408 1965 E
1423 1939 1549 1966 videntur

1166 1985 1201 2014 ²5
1225 1974 1282 2002 dici
1298 1976 1320 2004 E
1335 1978 1428 2005 adduci

1162 2030 1203 2084 -8-
1223 2024 1388 2085 εκρῐοέῃῗε
1402 2018 1426 2046 E
1440 2019 1583 2055 exprimere

1166 2065 1182 2084 2
1224 2063 1290 2083 vero
1363 2078 1370 2086 ,

1503 823 1637 862 quoniam
1655 826 1716 863 Est
