2223 3003
504 294 579 349 258
899 288 1004 329 DE
1078 286 1506 327 OFFICIIS

558 392 745 433 Panaetius
767 390 899 442 igitur,
931 389 1000 442 qui
1034 387 1110 427 fine
1143 388 1393 427 controverfia
1421 389 1468 427 de
1501 387 1638 428 officiis
1673 388 1904 429 accuratim-

503 475 565 499 me
604 458 825 511 disputavit,
874 469 1072 510 quemque
1110 469 1195 501 nos,
1243 457 1478 495 correffione
1517 456 1684 509 quadam
1719 455 1905 500 adhibita,

501 525 742 578 potiffimum
763 523 880 562 secuti
900 523 1046 568 sumus,
1077 523 1200 561 tribus
1220 523 1423 576 generibus
1443 523 1662 576 propositis,
1692 523 1734 561 in
1764 522 1907 576 quibus

501 591 708 629 deliberare
733 589 927 634 homines,
949 599 987 628 et
1006 589 1220 628 consultare
1251 589 1298 628 de
1323 590 1454 628 officio
1474 589 1649 635 solerent,
1682 590 1794 642 (uno,
1814 602 1908 627 curn

501 657 736 702 dubitarent,
767 655 1022 695 honestumne
1056 656 1096 694 id
1129 655 1230 701 esset,
1276 656 1322 694 de
1352 670 1432 709 quo
1466 665 1652 709 ageretur,
1683 670 1730 694 an
1765 665 1906 708 turpe3

501 724 633 770 altero,
665 724 823 769 utilene,
852 737 898 761 an
920 723 1085 768 inutile;
1118 723 1246 768 tertio,
1279 723 1304 762 fi
1328 723 1382 768 id,
1419 724 1525 776 quod
1555 724 1719 777 speciem
1751 721 1909 761 haberet

500 789 664 836 honesti,
687 799 874 843 pugnaret
893 803 985 828 cum
1006 803 1065 834 eo,
1088 789 1194 841 quod
1213 790 1307 827 utile
1327 789 1532 835 videretur,
1554 789 1754 843 quomodo
1768 802 1811 826 ea
1830 787 1907 826 dis-

501 857 608 894 cerni
634 856 848 908 oporteret)
880 855 926 893 de
953 855 1104 892 duobus
1139 854 1344 907 generibus
1374 855 1526 907 primis,
1557 855 1682 894 tribus
1707 855 1817 893 libris
1838 867 1907 893 ex-

501 923 660 975 plicavit
675 941 686 967 ;
720 922 766 960 de
787 921 902 959 tertio
935 930 1065 959 autem
1088 933 1226 973 genere
1253 920 1434 973 deinceps
1464 921 1500 959 se
1530 922 1676 975 scripsit
1694 922 1907 966 dicturum,

499 1002 572 1027 nec
593 989 633 1027 id
653 988 827 1033 exsolvit,
858 988 963 1041 quod
988 987 1226 1041 promiserat.
1270 987 1389 1040 Qod
1420 1001 1466 1026 eo
1495 989 1619 1041 magis
1649 989 1784 1034 miror,
1818 989 1911 1041 quia

501 1055 688 1109 scriptum
719 1069 739 1093 a
768 1054 957 1108 discipulo
987 1056 1067 1107 ejus
1103 1054 1308 1093 Pofidonio
1337 1054 1404 1100 est,
1446 1055 1605 1107 triginta
1636 1055 1745 1094 annis
1778 1054 1910 1094 vixisse

500 1122 731 1168 Panaetium,
751 1121 999 1176 posteaquam
1025 1135 1088 1160 eos
1120 1120 1239 1160 libros
1270 1120 1465 1159 edidiffet:
1497 1135 1614 1174 quem
1634 1121 1768 1160 locum
1789 1121 1913 1161 miror

500 1202 522 1228 a
541 1189 744 1229 Posidonio
778 1189 944 1228 breviter
974 1188 1045 1227 effe
1076 1190 1222 1227 tastum
1254 1189 1294 1227 in
1325 1188 1556 1241 quibusdam
1583 1189 1874 1227 commentariis
1894 1206 1909 1234 ς

499 1255 708 1309 praesertim
738 1270 832 1295 cum
863 1255 1014 1301 scribat,
1047 1255 1203 1295 nullum
1232 1254 1304 1294 effe
1334 1255 1468 1294 locum
1496 1255 1538 1293 in
1567 1263 1648 1293 tota
1665 1253 1911 1308 philosophia

499 1331 581 1362 tam
602 1322 865 1362 necessarium.

555 1390 730 1428 Minime
764 1403 853 1428 vero
881 1388 1057 1428 assentior
1076 1389 1138 1434 iis,
1170 1389 1238 1442 qui
1261 1397 1416 1442 negant,
1447 1401 1538 1427 eum
1559 1389 1694 1428 locum
1725 1401 1745 1426 a
1774 1389 1908 1427 Panae-

499 1456 557 1495 tio
583 1455 891 1510 praetermiffum,
922 1455 984 1493 sed
1014 1455 1192 1494 consulto
1219 1456 1411 1501 relictum,
1443 1469 1513 1494 nec
1548 1455 1712 1494 omnino
1738 1455 1907 1493 scriben-

500 1522 596 1560 dum
617 1521 740 1568 fuisse,
772 1523 863 1575 quia
890 1535 1091 1574 nunquam
1113 1521 1235 1574 posset
1262 1522 1408 1560 utilitas
1429 1535 1521 1560 curn
1541 1520 1737 1560 honestate
1756 1534 1908 1575 pugna-

499 1602 538 1628 re
557 1603 566 1627 τ
598 1589 644 1627 de
664 1603 742 1641 quo
773 1588 937 1627 alterum
968 1588 1090 1641 potest
1109 1587 1250 1627 habere
1269 1589 1568 1635 dubitationem,
1594 1587 1910 1627 adhibendumne

498 1656 614 1696 fuerit
656 1655 733 1695 hoc
763 1669 899 1710 genus,
935 1655 1042 1709 quod
1072 1656 1112 1694 in
1153 1655 1338 1694 divifione
1368 1656 1526 1695 Panaetii
1559 1657 1718 1695 tertium
1753 1656 1818 1701 est,
1861 1670 1910 1695 an

497 1725 609 1778 plane
629 1723 892 1763 omittendum
911 1738 920 1762 z
953 1722 1118 1762 alterum
1139 1722 1305 1761 dubitari
1327 1737 1404 1762 non
1425 1723 1561 1776 potest,
1583 1724 1679 1776 quin
1699 1737 1719 1761 a
1740 1723 1909 1762 Panaetio

498 1791 715 1844 susceptum
737 1791 796 1837 fit,
827 1790 889 1829 sed
921 1791 1115 1829 relietum.
1147 1791 1255 1829 Nam
1276 1791 1343 1843 qui
1364 1804 1384 1828 e
1405 1790 1588 1829 divisione
1609 1791 1797 1844 tripartita
1814 1790 1907 1828 duas

496 1867 620 1911 partes
641 1857 857 1901 absolverit,
888 1856 982 1894 huic
1014 1856 1158 1895 necesse
1188 1857 1240 1895 est
1267 1857 1398 1895 restare
1427 1858 1594 1895 tertiam.
1656 1858 1837 1896 Praeterea
1867 1858 1908 1895 in

498 1933 672 1962 extremo
703 1922 804 1961 libro
840 1922 952 1961 tertio
982 1921 1028 1959 de
1060 1921 1132 1959 hac
1158 1931 1263 1975 parte
1297 1923 1518 1975 pollicetur,
1555 1923 1590 1960 se
1616 1923 1796 1975 deinceps
1838 1922 1909 1961 esse

496 1990 708 2028 dicturum.

552 2055 717 2095 Accedit
744 2055 881 2094 eodem
919 2055 1020 2094 testis
1052 2055 1241 2109 locuple&
1275 2056 1511 2100 Pofidonius,
1544 2056 1611 2109 qui
1638 2055 1755 2093 etiam
1778 2054 1907 2093 scribit

497 2125 536 2162 in
569 2123 732 2176 quadam
769 2122 944 2176 epistola,
989 2123 1034 2161 P.
1059 2123 1256 2161 Rutilium
1294 2123 1446 2161 Rufum
1486 2123 1611 2161 dicere
1652 2122 1791 2167 solere,
1838 2122 1906 2174 qui

499 2190 711 2229 Panaetium
743 2189 932 2233 audierat,
970 2199 1013 2227 ut
1048 2202 1163 2227 nemo
1197 2190 1319 2242 pistor
1347 2189 1435 2227 essct
1471 2190 1664 2233 inventus,
1711 2190 1779 2241 qui
1815 2190 1906 2226 Coae

498 2257 658 2294 Veneris
678 2270 761 2294 eam
795 2265 958 2309 partem,
989 2269 1107 2308 quam
1139 2255 1295 2307 Apelles
1329 2254 1548 2294 inchoatam
1583 2254 1804 2307 reliquiffet,
1835 2255 1905 2292 ab-

499 2323 668 2366 solveret,
703 2323 796 2373 (oris
817 2323 922 2360 enim
956 2321 1208 2375 pulchritudo
1240 2321 1375 2375 reliqui
1397 2323 1566 2375 corporis
1590 2321 1767 2359 imitandi
1801 2319 1906 2373 spem

497 2389 687 2428 auferebat
706 2391 737 2440 ;)
771 2389 817 2427 sic
839 2403 894 2433 ca,
926 2403 1010 2441 qum
1034 2389 1222 2428 Panaetius
1244 2388 1543 2441 praetermitili'ct,
1562 2397 1598 2426 ct
1628 2401 1702 2426 non
1727 2386 1905 2439 perfecis-

499 2456 564 2500 set,
598 2465 748 2508 propter
768 2469 916 2500 corum,
945 2470 1031 2509 qua·
1052 2453 1276 2509 perfeciffct,
1308 2455 1577 2507 praestantiam.
1609 2454 1807 2491 neminem
1835 2452 1906 2491 ess‘e

497 2521 752 2576 persecutum.

553 2589 626 2627 111.
669 2590 936 2640 Qamobrcm
977 2589 1023 2627 dc
1052 2589 1203 2642 judicio
1234 2589 1391 2627 l‘ana‘tii
1430 2588 1596 2626 ‹hnbimri
1637 2601 1713 2625 non
1752 2585 1904 2639 potest:

496 2658 642 2693 rcc‘tcnc
678 2666 807 2694 autem
843 2655 941 2694 hanc
978 2657 1129 2695 tertiam
1161 2665 1309 2710 partem
1339 2656 1385 2694 ud
1411 2654 1694 2708 exquirendum
1728 2652 1906 2692 officium
