2223 3003
363 173 413 212 30
645 156 747 195 DE
804 153 1447 194 DIVINATIONE

358 253 448 300 fuit,
470 252 587 307 quod,
617 266 708 291 cum
726 252 924 291 oraculum
943 250 990 288 ab
1010 251 1104 301 J0ve
1121 250 1319 289 Dodonaeo
1338 249 1566 302 petivissent,
1587 249 1634 287 de
1652 249 1733 288 vic-

359 319 455 357 toria
484 318 722 361 sciscitantes,
743 315 954 367 Legatique
974 314 1085 357 illud,
1115 313 1156 350 in
1187 326 1266 363 quo
1290 314 1435 351 inerant
1454 313 1582 358 sortes,
1612 313 1734 352 collo-

358 383 558 427 caviss‘ent5
590 382 707 425 fimia,
739 392 854 431 quam
879 391 945 415 rex
964 375 1220 415 Molossorum
1250 376 1290 414 in
1311 376 1457 414 deliciis
1488 375 1664 422 habebat,
1698 386 1736 415 et

358 449 472 487 sortes
502 447 609 499 ipsas,
643 454 681 482 et
710 453 854 489 caetera,
884 457 969 495 quae
987 452 1092 481 erant
1110 443 1156 480 ad
1175 442 1313 480 sortem
1333 452 1470 495 parata,
1500 442 1735 487 disturbavit,

357 523 395 550 et
414 511 514 550 aliud
534 511 608 548 alio
627 509 826 562 diffipavit.
868 509 978 546 Tum
997 521 1052 552 ea,
1083 521 1167 559 quae
1186 507 1378 560 praepofita
1394 516 1471 546 erat
1489 507 1658 552 oraculo,
1679 507 1734 545 sa·

357 576 485 614 cerdos
505 575 636 614 dixiffe
655 574 808 619 dicitur,
829 573 876 612 de
894 573 1009 612 salute
1029 572 1328 612 Lacedaemoniis
1349 572 1434 618 effe,
1455 587 1532 612 non
1551 573 1597 612 de
1612 573 1733 611 visto-

355 642 422 687 ria,
443 641 704 694 cogitandum.

410 707 579 745 XXXV.
611 705 745 758 Qid?
777 705 879 744 bello
909 705 1058 744 Punico
1076 705 1253 751 secundo,
1283 719 1410 744 nonne
1433 706 1481 744 C.
1504 704 1733 750 Flaminius,

356 772 500 811 Consul
520 773 674 816 iterum,
691 771 858 824 neglexit
872 771 974 824 figna
993 785 1118 810 rerum
1131 770 1347 810 futurarum
1366 784 1503 824 magna
1518 784 1610 809 cum
1629 770 1737 808 clade

355 837 600 890 reipublicae?
623 836 718 892 Qi,
748 837 918 875 exercitu
938 836 1104 881 lustrato,
1136 849 1228 874 cum
1247 837 1445 875 Arretium
1469 835 1592 874 versus
1621 835 1736 873 castra

354 902 541 946 movisset,
571 910 608 939 et
645 910 777 939 contra
812 901 1047 940 Annibalem
1085 901 1252 954 legiones
1290 901 1458 946 duceret,
1496 910 1534 938 et
1567 900 1658 953 ipse,
1697 909 1735 937 et

354 980 475 1020 equus
494 968 574 1018 ejus
605 975 690 1004 ante
709 966 858 1018 signum
877 966 982 1017 Jovis
1009 967 1164 1005 Statoris
1184 967 1260 1005 fine
1290 967 1398 1005 causa
1421 975 1572 1020 repente
1600 965 1734 1004 conci-

353 1032 437 1076 dit;
479 1044 549 1069 nec
579 1044 662 1069 eam
695 1044 776 1069 rem
800 1029 936 1069 habuit
973 1031 1162 1084 religioni,
1196 1031 1345 1083 objedto
1378 1032 1497 1084 signo,
1532 1041 1575 1069 ut
1603 1030 1734 1083 peritis

352 1097 564 1142 videbatur,
594 1109 642 1135 ne
672 1096 932 1134 committeret
950 1097 1140 1148 praelium.
1172 1096 1280 1135 Idem
1305 1095 1396 1135 cum
1421 1095 1590 1149 tripudio
1609 1095 1734 1148 auspi-

352 1171 511 1207 caretur,
552 1161 734 1214 pullarius
765 1162 867 1199 diem
901 1161 1020 1214 praelii
1053 1162 1323 1200 committendi
1357 1161 1565 1200 differebat.
1624 1163 1735 1200 Tum

352 1227 566 1266 Flaminius
587 1240 634 1265 ex
653 1240 697 1265 eo
717 1226 897 1278 quaefivit,
924 1227 950 1265 fi
977 1240 1025 1265 ne
1044 1227 1168 1280 postea
1187 1227 1345 1280 quidem
1363 1227 1461 1280 pulli
1480 1227 1732 1280 pascerentur,

350 1292 448 1345 quid
476 1291 696 1330 faciendum
729 1291 906 1330 censeret.
953 1293 1057 1330 Cum
1076 1293 1142 1330 ille
1169 1292 1442 1345 quiescendum
1462 1291 1731 1345 respondisset,

352 1358 582 1403 Flaminius,
614 1357 792 1396 Praeclara
811 1371 897 1396 vero
916 1358 1092 1411 auspicia,
1127 1359 1154 1397 fi
1173 1358 1421 1397 esurientibus
1441 1359 1558 1412 pullis
1578 1372 1633 1397 res
1654 1358 1733 1410 geri

348 1423 502 1477 poterit,
525 1423 654 1461 saturis
688 1422 785 1461 nihil
814 1433 987 1476 geretur:
1019 1424 1146 1476 itaque
1164 1423 1266 1477 signa
1295 1424 1474 1469 convelli,
1504 1433 1542 1461 et
1572 1423 1607 1461 se
1627 1423 1733 1474 sequi

343 1489 464 1541 juffit.
491 1490 582 1541 Qo
602 1498 784 1541 tempore,
805 1502 897 1527 cum
917 1487 1069 1540 signifer
1087 1490 1203 1542 primi
1224 1488 1357 1527 hastati
1377 1490 1528 1542 signum
1548 1501 1624 1526 non
1645 1487 1732 1541 pos-

349 1554 403 1592 set
421 1567 571 1592 movere
592 1554 691 1598 loco,
723 1567 791 1592 nec
811 1554 1022 1605 quidquam
1055 1554 1311 1606 proficeretur,
1342 1555 1468 1607 plures
1498 1568 1589 1592 cum
1622 1567 1732 1591 acce-

349 1619 503 1662 derent,
535 1618 762 1662 Flaminius,
794 1631 831 1655 re
858 1619 1042 1663 nuntiata,
1076 1619 1141 1656 suo
1159 1632 1264 1657 more
1284 1619 1480 1670 neglexit:
1512 1619 1641 1670 itaque
1661 1619 1731 1656 tri-

349 1683 418 1721 bus
439 1681 540 1720 horis
561 1681 732 1719 concisus
753 1683 954 1726 exercitus,
976 1691 1088 1734 atque
1109 1683 1184 1735 ipse
1205 1682 1422 1721 interfectus
1442 1682 1508 1720 est.
1537 1683 1730 1734 Magnum

347 1748 445 1786 illud
463 1749 591 1791 etiam,
611 1747 717 1798 quod
737 1747 881 1784 addidit
901 1747 1056 1791 Caelius,
1077 1760 1122 1784 eo
1143 1755 1314 1799 tempore
1334 1746 1428 1799 ipso,
1459 1760 1551 1785 cum
1570 1746 1646 1786 hoc
1665 1761 1729 1786 ca-

347 1812 567 1852 lamitosum
598 1811 712 1850 fuerit
745 1811 933 1863 praelium,
974 1820 1096 1849 tantos
1131 1820 1235 1849 terrae
1270 1821 1398 1849 motus
1430 1812 1470 1850 in
1504 1813 1729 1865 Liguribus,

348 1879 489 1922 Gallia,
521 1875 859 1929 compluribusque
890 1876 1035 1920 insulis,
1069 1885 1222 1928 totaque
1253 1877 1291 1914 in
1313 1876 1421 1914 Italia
1439 1875 1556 1915 factos
1575 1878 1658 1922 esse,
1687 1888 1729 1916 ut

348 1944 469 1981 multa
488 1943 627 1996 oppida
646 1943 870 1986 corruerint,
906 1942 1038 1979 multis
1059 1942 1152 1980 locis
1184 1942 1283 1979 labes
1305 1940 1408 1980 faetae
1432 1942 1517 1986 sint,
1550 1952 1729 1996 teri-:eque

347 2009 567 2053 desederint,
603 2008 836 2061 fluminaque
866 2009 904 2046 in
935 2009 1137 2046 contrarias
1171 2017 1292 2061 partes
1324 2007 1515 2054 fluxerint,
1550 2019 1662 2062 atque
1688 2011 1727 2048 in

346 2088 475 2113 amnes
496 2088 597 2112 mare
617 2073 824 2112 influxerit.

400 2140 589 2178 XXXVI.
623 2140 740 2178 Fiunt
760 2149 859 2177 certe
880 2140 1159 2179 divinationum
1180 2142 1403 2193 conjecturae
1423 2153 1443 2179 a
1462 2141 1605 2194 peritis.
1641 2141 1726 2180 Mi-

345 2206 400 2244 dae
421 2205 478 2243 illi
501 2205 681 2258 Phrygio,
714 2219 804 2243 cum
825 2219 917 2259 puer
937 2205 1038 2251 effet,
1071 2206 1277 2245 dormienti
1298 2206 1467 2245 formica:
1487 2207 1525 2245 in
1546 2221 1587 2245 os
1610 2207 1728 2245 tritici

344 2285 457 2323 grana
476 2271 750 2324 congesserunt.
792 2271 1033 2310 Ditiffimum
1055 2271 1147 2317 fore,
1169 2272 1391 2325 praedit‘tum
1407 2273 1482 2317 cst;
1515 2273 1618 2325 quod
1638 2273 1726 2310 eve-

345 2338 416 2375 nit.
449 2339 501 2375 At
524 2337 685 2381 Platoni,
707 2351 798 2375 cum
822 2338 859 2375 in
880 2339 987 2375 cunis
1010 2338 1165 2391 parvulo
1184 2339 1389 2377 dormienti
1412 2353 1496 2391 apes
1518 2339 1558 2376 in
1581 2339 1726 2376 labellis

342 2402 601 2447 consedilsent,
639 2403 855 2455 responsum
886 2403 951 2448 est,
992 2404 1166 2456 singulari
1198 2404 1310 2442 illum
1344 2404 1519 2442 suavitate
1545 2404 1724 2443 orationis

343 2467 449 2506 sore:
481 2469 532 2507 ita
551 2468 677 2508 futura
706 2470 922 2522 eloquentia
953 2470 1097 2523 provisa
1117 2471 1155 2508 in
1186 2469 1328 2509 infante
1347 2470 1411 2509 est.
1455 2471 1561 2524 Qid
1582 2482 1724 2508 amores
