2223 3003
410 230 464 272 34
699 215 802 255 DE
859 213 1515 254 DIVINATIONE

409 315 535 356 solum
555 315 695 369 sapere,
720 320 875 352 caeteros
890 313 1115 351 umbrarum
1135 312 1263 363 vagari
1283 312 1416 350 modo.
1437 309 1722 363 Amphiaraum
1734 325 1808 352 au-

410 391 489 420 tem
510 381 559 419 fic
579 377 782 418 honoravit
800 375 904 414 fama
923 375 1097 420 Graeciae,
1129 376 1237 414 Deus
1256 384 1301 414 ut
1318 374 1538 422 haberetur,
1562 385 1677 430 atque
1696 386 1742 417 ut
1757 378 1807 417 ab

407 447 488 500 ejus
507 446 600 490 solo,
621 445 661 482 in
677 455 756 496 quo
776 441 830 480 est
846 440 1047 487 humatus,
1066 442 1218 480 oracula
1234 450 1467 495 peterentur.

462 511 572 562 Qid
591 509 688 549 Asiae
707 522 773 548 rex
787 507 979 554 Priamus,
999 521 1129 547 nonne
1147 517 1187 547 et
1206 508 1408 548 Helenum
1427 508 1570 555 filium,
1593 516 1632 547 et
1649 507 1806 548 Cafl‘an-

408 578 514 616 dram
535 576 657 615 filiam
677 576 890 615 divinantes
910 574 1090 621 habebat,
1116 575 1280 615 alterum
1299 576 1483 630 auguriis,
1509 575 1667 614 alteram
1692 587 1807 614 men-

407 645 456 683 tis
475 643 702 683 incitatione
733 653 771 682 et
789 643 1031 697 permotione
1064 642 1221 681 divina?
1271 643 1364 695 Qo
1399 643 1440 681 in
1472 656 1610 696 genere
1639 641 1806 681 Martios

407 710 592 763 quosdam
612 709 760 755 fratres,
787 709 911 748 nobili
941 709 1028 748 loco
1056 718 1179 755 natos,
1213 708 1315 762 apud
1344 709 1505 761 majores
1530 707 1674 746 nostros
1696 706 1809 746 fujffe

407 776 593 830 scriptum
622 776 811 815 videmus.
857 775 996 828 Qid?
1028 774 1236 827 Polyidum
1264 773 1518 814 Corinthium
1551 786 1680 812 nonne
1713 773 1806 811 Ho-

407 856 535 882 merus
566 851 604 881 et
632 842 715 881 aliis
750 841 886 888 multa,
916 850 956 880 et
985 840 1068 880 filio
1095 841 1142 880 ad
1161 842 1324 893 Trojam
1343 840 1602 894 proficiscenti
1636 847 1807 878 mortem

405 908 616 962 praedixiffe
635 908 944 947 commemorat?
977 907 1154 946 Omnino
1183 907 1283 960 apud
1311 916 1467 953 veteres,
1497 907 1566 960 qui
1586 919 1715 944 rerum
1734 916 1806 957 po·

406 975 612 1019 tiebantur,
634 974 753 1012 iidem
773 974 931 1027 auguria
951 973 1145 1012 tenebant.
1189 975 1246 1011 Ut
1265 974 1371 1012 enim
1391 973 1530 1027 sapere,
1551 973 1602 1011 fic
1620 971 1807 1014 divinare,

404 1041 530 1094 regale
548 1041 754 1086 ducebant,
776 1050 820 1079 ut
840 1040 941 1079 testis
959 1040 1012 1079 est
1030 1040 1155 1079 nostra
1172 1040 1306 1078 civitas
1321 1058 1335 1085 ς
1366 1040 1407 1078 in
1426 1053 1503 1092 qua
1521 1048 1560 1077 et
1585 1051 1705 1092 reges,
1735 1050 1804 1075 au-

403 1121 528 1161 gures,
563 1118 601 1146 et
630 1107 758 1160 postea
786 1107 924 1159 privati
954 1106 1090 1145 eodem
1121 1106 1328 1146 sacerdotio
1346 1105 1497 1160 praediti
1522 1104 1807 1158 rempublicam

404 1173 637 1226 religionum
657 1173 880 1212 auctoritate
899 1181 1094 1212 rexerunt.

457 1240 568 1278 XLI.
601 1240 735 1292 anue
764 1239 1048 1278 divinationum
1079 1238 1174 1277 ratio
1200 1251 1248 1275 ne
1277 1238 1320 1276 in
1338 1237 1505 1276 barbaris
1525 1236 1686 1290 quidem
1705 1248 1803 1289 gen-

403 1305 507 1345 tibus
529 1306 700 1359 neglecta
718 1305 797 1344 est:
829 1306 1018 1359 siquidem
1048 1313 1086 1343 et
1122 1305 1162 1342 in
1192 1304 1320 1342 Gallia
1348 1294 1639 1348 Druidae'sunn
1670 1316 1690 1340 e
1710 1301 1803 1355 qui·

403 1371 475 1410 bus
501 1371 579 1424 ipse
612 1372 854 1410 Divitiacum
875 1372 1065 1416 AEduum,
1095 1369 1290 1423 hospitem
1324 1379 1438 1409 tuum
1472 1370 1802 1421 laudatoremque,

401 1438 594 1490 cognovi,
626 1438 695 1490 qui
723 1446 762 1476 et
791 1446 934 1477 naturae
968 1437 1169 1481 rationem,
1211 1450 1329 1489 quam
1363 1435 1643 1490 physiologiam
1674 1433 1803 1473 Graeci

401 1503 609 1556 appellant,
640 1513 774 1542 notam
797 1503 869 1542 effe
888 1504 958 1542 sibi
978 1502 1244 1556 profitebatur,
1276 1512 1315 1540 et
1334 1503 1475 1555 partim
1496 1502 1679 1554 auguriis,
1714 1513 1802 1553 par-

401 1568 475 1606 tim
504 1569 736 1621 conjectura,
771 1583 857 1622 quae
887 1569 1002 1608 essent
1021 1568 1163 1613 futura,
1195 1568 1362 1606 dicebat.
1405 1569 1457 1606 Et
1478 1569 1517 1605 in
1539 1567 1657 1605 Persis
1677 1579 1803 1619 augu-

400 1643 531 1672 rantur
561 1643 600 1672 et
630 1633 804 1673 divinant
834 1635 960 1687 Magi,
992 1635 1060 1687 qui
1090 1643 1372 1687 congregantur
1401 1634 1442 1672 in
1476 1632 1566 1672 fano
1597 1645 1802 1672 commen-

400 1700 505 1739 tandi
525 1700 648 1745 causa,
680 1710 794 1753 atque
824 1701 924 1739 inter
943 1701 978 1738 se
1004 1701 1281 1752 colloquendi3
1315 1699 1420 1750 quod
1449 1699 1566 1736 etiam
1597 1698 1702 1735 idem
1735 1710 1800 1736 vos

399 1766 598 1820 quondam
631 1765 755 1804 facere
784 1768 896 1805 nonis
931 1765 1120 1804 solebatis.
1166 1765 1254 1803 Nec
1283 1764 1487 1817 quisquam
1516 1777 1582 1803 rex
1604 1764 1800 1803 Persarum

400 1832 521 1885 potest
555 1831 639 1877 effe,
674 1833 741 1885 qui
773 1845 851 1871 non
885 1840 971 1870 ante
1004 1832 1217 1884 Magorum
1248 1830 1491 1883 disciplinam
1526 1830 1802 1884 scientiamque

398 1899 622 1951 perceperit.

457 1964 568 2003 Licet
606 1972 736 2002 autem
768 1963 895 2002 videre
938 1973 975 2001 et
1019 1976 1156 2015 genera
1185 1961 1375 2015 quaedam,
1423 1971 1462 2000 et
1494 1962 1664 2000 nationes
1706 1960 1799 2000 huic

402 2030 563 2069 scientiae
583 2030 742 2068 deditas.
788 2030 1003 2069 Telmessus
1031 2031 1069 2067 in
1103 2030 1213 2069 Caria
1233 2030 1314 2075 est,
1350 2043 1425 2082 qua
1455 2029 1495 2067 in
1526 2029 1619 2068 urbe
1646 2029 1800 2067 excellit

401 2097 645 2151 haruspicum
679 2096 892 2150 disciplina.
959 2098 1138 2149 Itemque
1165 2097 1247 2135 Elis
1289 2097 1328 2135 in
1369 2096 1603 2150 Peloponeso
1634 2095 1799 2135 familias

400 2165 491 2202 duas
531 2174 650 2202 certas
689 2163 831 2208 habet,
874 2164 1113 2215 Jamidarum
1149 2177 1280 2209 unam,
1326 2164 1482 2202 alteram
1523 2163 1797 2208 Cluditarum,

401 2229 652 2283 haruspicium
673 2230 874 2268 nobilitate
901 2229 1129 2283 praestantes.
1178 2230 1220 2268 In
1250 2230 1353 2281 Syria
1374 2229 1545 2269 Chaldaei
1577 2229 1800 2282 cognitione

399 2295 598 2340 astrorum,
622 2295 844 2347 solertiaque
864 2295 1107 2348 ingeniorum
1129 2295 1375 2334 antecellunt.
1418 2296 1570 2334 Etruria
1589 2304 1717 2332 autem
1752 2294 1799 2332 de

399 2360 492 2398 cmlo
528 2364 622 2398 tatia
657 2361 899 2399 scientissime
933 2361 1229 2406 animadvertit,
1267 2362 1478 2414 cademque
1512 2362 1795 2415 interpretatur,

398 2427 491 2479 quid
527 2427 743 2480 quibusque
773 2428 987 2466 ostendatur
1009 2428 1185 2466 monstris
1217 2439 1329 2481 atque
1350 2429 1551 2481 portentis.
1603 2428 1798 2481 roirca

399 2493 495 2530 bene
526 2494 624 2546 apud
658 2495 816 2546 majores
844 2494 986 2533 nostros
1008 2494 1154 2533 senatus
1187 2504 1285 2539 tum,
1321 2509 1413 2534 cum
1446 2495 1601 2533 florebat
1635 2495 1796 2547 imperi·

399 2570 480 2603 um,
502 2558 684 2604 decrevit,
708 2568 748 2598 ut
769 2560 815 2598 dc
836 2559 1056 2614 principum
1078 2560 1168 2600 filiis
1190 2561 1249 2600 sex
1282 2561 1437 2614 lingulis
1459 2561 1622 2600 Etruriae
1641 2559 1795 2614 populis
