2223 3003
663 158 942 199 LIBER
999 157 1502 198 SECUNDUS.
1713 173 1793 215 247

383 267 588 314 antepono.
633 259 732 298 Haec
747 259 805 297 ‘est
835 258 1011 312 gravium
1039 257 1266 304 hominum,
1298 268 1412 311 atque
1433 271 1691 312 magnorum3
1723 261 1790 299 illa

382 327 486 380 quasi
506 326 776 365 assentatorum
795 325 949 379 populi,
969 324 1234 364 multitudinis
1253 325 1449 364 levitatem
1469 325 1666 379 voluptate
1685 327 1791 379 quasi

382 393 646 431 titillantium.

438 459 656 497 Conveniet
674 466 804 496 autem
823 470 916 495 cum
945 457 986 494 in
1005 456 1130 495 dando
1151 456 1386 496 munificum
1405 457 1490 504 effe,
1522 466 1608 497 tum
1635 457 1675 495 in
1704 458 1790 497 exi-

383 525 510 577 gendo
535 538 615 563 non
648 524 832 562 acerbum
847 541 864 567 5
892 523 933 559 in
964 523 1153 575 omnique
1184 537 1223 560 re
1260 523 1532 569 contrahenda,
1573 524 1791 571 vendendo,

382 591 560 636 emendo,
582 588 849 632 conducendo,
870 587 1049 633 locando,
1070 588 1334 627 vicinitatibus
1354 599 1392 627 et
1418 590 1611 636 confiniis,
1633 604 1792 643 aequum

382 666 420 694 et
438 656 595 694 facilem
607 673 622 699 5
653 655 778 692 multa
797 653 934 691 multis
964 653 1012 691 de
1036 654 1124 705 jure
1142 653 1209 692 suo
1230 655 1432 694 cedentem
1447 674 1460 700 ;
1491 670 1511 694 a
1530 657 1666 695 litibus
1687 671 1790 703 vero,

382 730 573 774 quantum
593 720 721 766 liceat,
741 729 780 758 et
799 719 926 758 nescio
945 733 993 757 an
1016 719 1133 772 paulo
1152 719 1240 773 plus
1261 721 1394 766 etiam,
1426 735 1544 773 quam
1564 722 1692 768 liceat,
1719 724 1790 762 ab-

380 786 616 826 horrentem.
658 786 728 824 Est
746 787 853 824 enim
872 800 951 824 non
977 785 1096 824 modo
1116 785 1286 831 liberale,
1316 786 1478 840 paulum
1508 801 1794 840 nonnunquam·

381 853 428 891 de
446 853 514 891 suo
527 853 615 905 jure
635 852 831 898 decedere,
861 852 924 890 sed
949 852 1148 891 interdum
1167 853 1284 891 etiam
1304 852 1558 891 frustuosum.
1600 853 1794 892 Habenda

379 928 510 958 autem
532 920 586 958 est
604 920 700 958 ratio
730 920 783 958 rei
803 918 1020 977 familiariS,
1056 933 1174 973 quam
1193 920 1355 972 quidem
1375 920 1495 958 dilabi
1515 920 1645 965 finere,
1677 920 1797 974 flagi-

380 986 522 1024 tiosum
543 986 624 1032 est;
653 986 717 1024 sed
747 987 813 1031 ita,
849 995 893 1024 ut
923 985 1196 1024 illiberalitatis
1216 987 1456 1038 avaritiaeque
1487 986 1582 1024 absit
1612 986 1789 1040 suspicio.

380 1052 487 1091 Posse
506 1054 613 1091 enim
633 1052 860 1091 liberalitate
879 1053 951 1097 uti,
982 1066 1061 1090 non
1082 1052 1310 1106 spoliantem
1330 1052 1367 1090 se
1386 1053 1634 1105 patrimonio,
1669 1053 1790 1090 nimi-

380 1132 469 1156 rum
488 1119 520 1156 is
540 1118 593 1157 est
613 1119 786 1172 pecuniae
805 1117 952 1156 frustus
973 1118 1182 1156 maximus.
1215 1119 1335 1156 Recte
1354 1118 1460 1156 enirn
1481 1132 1502 1155 a
1521 1116 1800 1171 Theophrasto·

380 1184 432 1222 est
452 1184 605 1222 laudata
621 1183 873 1237 hospitalitas.
898 1184 967 1222 Est
986 1185 1107 1229 enim,
1129 1193 1174 1222 ut
1193 1183 1294 1222 mihi
1313 1184 1473 1236 quidem
1494 1183 1660 1229 videtur,
1681 1184 1791 1222 valde

379 1250 579 1296 decorum,
599 1260 726 1303 patere
757 1250 893 1288 domos
913 1248 1123 1289 hominum
1143 1250 1352 1289 illustrium
1379 1250 1591 1288 illustribus
1622 1249 1793 1302 hospiti«

379 1315 452 1354 bus
467 1334 480 1361 ς
512 1316 630 1369 idque
660 1315 777 1355 etiam
797 1315 1019 1369 reipublicae
1049 1315 1103 1354 est
1132 1325 1373 1361 ornamento,
1400 1314 1581 1354 homines
1611 1324 1789 1354 externos

378 1380 456 1421 hoc
477 1383 715 1422 liberalitatis
731 1396 869 1436 genere
884 1383 925 1420 in
942 1382 1036 1420 urbe
1052 1381 1176 1420 nostra
1194 1396 1273 1421 non
1294 1396 1418 1435 egere.
1441 1382 1509 1420 Est
1525 1392 1655 1420 autem
1671 1383 1789 1421 etiam

379 1449 628 1489 vehementer
646 1450 742 1488 utile
761 1449 823 1495 iis,
848 1449 917 1502 qui
935 1447 1093 1487 honeste
1111 1449 1213 1502 poffe
1231 1449 1413 1487 multum*
1425 1449 1577 1494 volunt,
1609 1463 1678 1502 per
1697 1448 1793 1487 hos-

379 1517 478 1569 pites
498 1516 603 1568 apud
619 1525 795 1554 externos
822 1516 987 1568 populos
1006 1516 1130 1554 valere
1149 1516 1288 1569 opibus
1315 1525 1353 1553 et
1371 1516 1506 1568 gratia.
1537 1515 1787 1568 Theophras-

380 1592 443 1620 t-us
474 1581 634 1634 quidem
668 1581 814 1627 scribit,
848 1582 1058 1620 Cimonem
1089 1581 1256 1620 Athenis
1289 1582 1406 1620 etiam
1437 1583 1478 1619 in
1509 1581 1594 1620 suos
1626 1582 1788 1619 curiales

381 1648 564 1686 Laciadas
584 1647 815 1700 hospitalem
831 1646 941 1685 fuiffe
957 1666 969 1692 ς
992 1649 1044 1685 ita
1056 1648 1162 1685 enim
1175 1646 1389 1692 instituisse,
1403 1656 1441 1684 et
1457 1647 1596 1685 villicis
1616 1647 1787 1699 impera-

380 1713 483 1759 visse,
517 1722 560 1751 ut
580 1714 710 1752 omnia
730 1713 1000 1766 praeberentur,
1022 1713 1247 1765 quicunque
1267 1712 1448 1751 Laciades
1467 1713 1509 1751 in
1527 1712 1661 1751 villam
1680 1712 1788 1751 suam

380 1779 603 1818 divertisset.

435 1847 549 1884 XIX.
573 1847 672 1898 Qae
692 1854 820 1883 autem
841 1845 967 1898 opera,
990 1858 1068 1883 non
1088 1845 1306 1898 largitione,
1329 1844 1516 1883 beneficia
1535 1845 1687 1890 dantur,
1704 1844 1788 1883 haec

378 1922 465 1951 tum
487 1914 527 1950 in
549 1912 760 1950 universam
781 1912 1080 1965 rempublicam,
1097 1921 1183 1949 tum
1203 1912 1243 1948 in
1264 1911 1434 1964 singulos
1453 1911 1555 1949 cives
1576 1909 1786 1949 conferun-

379 1988 456 2017 tur.
489 1979 596 2018 Nam
617 1979 657 2017 in
671 1980 758 2031 jure
779 1992 923 2024 cavere,
944 1978 1104 2017 consilio
1117 1979 1264 2031 juvare,
1293 1987 1405 2031 atque
1425 1977 1501 2016 hoc
1522 1977 1687 2016 scientiae
1718 1990 1786 2030 ge-

379 2059 467 2083 nere
499 2045 665 2098 prodeffe
696 2059 815 2098 quam
846 2045 1040 2098 plurimis,
1077 2044 1324 2083 vehementer
1353 2054 1391 2082 et
1422 2045 1467 2082 ad
1487 2057 1577 2097 opes
1598 2044 1790 2096 augendas>

380 2112 558 2163 pertinet,
575 2121 613 2149 et
625 2112 670 2149 ad
683 2112 860 2164 gratiam.
877 2113 1025 2165 Itaque,
1041 2125 1132 2149 cum
1147 2111 1272 2148 multa
1284 2110 1460 2162 praeclara
1476 2110 1683 2161 majorum,
1699 2119 1786 2147 tum

379 2176 484 2228 quod
505 2177 653 2229 optime
674 2177 872 2214 constituti
886 2177 985 2228 juris
1006 2176 1131 2214 civilis
1150 2176 1306 2213 summo
1321 2174 1469 2227 semper
1485 2175 1525 2212 in
1544 2173 1690 2212 honore
1709 2173 1786 2213 fuit

379 2243 554 2295 cognitio
575 2251 686 2294 atque
708 2242 994 2294 interpretatio,
1027 2242 1162 2293 (quam
1183 2241 1344 2292 quidem
1363 2251 1449 2278 ante
1469 2239 1568 2278 hanc
1589 2239 1784 2279 confusio-

380 2323 470 2347 nem
491 2319 711 2362 temporum
733 2309 772 2346 in
793 2307 1014 2360 poffessione
1033 2306 1097 2344 sua
1113 2307 1304 2359 principes
1325 2307 1580 2359 retinuerunt)
1603 2320 1719 2351 nunc,
1742 2316 1786 2344 ut

381 2374 560 2420 honores,
593 2385 635 2413 ut
655 2388 789 2413 omnes
811 2374 1009 2426 dignitatis
1029 2373 1182 2426 gradus,
1213 2373 1262 2411 sic
1288 2371 1403 2425 hujus
1424 2373 1587 2412 scientiae
1607 2373 1787 2426 splendor

381 2440 529 2481 deletus
549 2441 625 2488 est,
657 2441 775 2495 idque
801 2454 846 2479 eo
865 2440 1078 2493 indignius,
1107 2439 1213 2492 quod
1231 2452 1276 2479 eo
1297 2449 1470 2494 tempore
1499 2439 1576 2479 hoc
1603 2439 1785 2491 contigit,
