2223 3003
434 223 508 249 102
904 205 1006 243 DE
1091 205 1341 244 FATO.

430 321 451 345 a
472 316 601 345 natura
621 306 743 348 distat,
774 302 869 354 quid
888 302 1034 339 mirum
1053 301 1119 345 est,
1144 300 1210 339 has
1231 300 1554 340 diffimilitudines
1568 314 1616 341 ex
1635 302 1817 343 differen-

430 373 534 409 tibus
555 371 670 408 causls
691 368 760 406 effe
780 367 894 404 fastas
913 367 926 403 ?

486 437 536 473 V.
572 437 669 473 Haec
690 432 879 478 differens,
900 445 976 485 qua
995 432 1041 470 de
1062 445 1101 470 re
1118 441 1262 486 agatur,
1283 441 1320 470 et
1340 432 1380 470 in
1401 447 1478 486 quo
1507 432 1614 471 causa
1632 434 1818 479 consistat,

429 514 506 539 non
524 500 640 537 videt.
664 499 756 537 Non
776 499 897 542 enim,
913 497 940 535 fi
955 497 1019 534 alii
1035 497 1080 535 ad
1098 498 1169 535 alia
1188 498 1445 550 propensiores
1466 499 1538 536 fint
1554 508 1707 551 propter
1726 511 1818 536 cau-

430 567 482 604 sas
514 565 698 603 naturales
730 573 767 601 et
800 562 1077 608 antecedentes,
1106 563 1250 601 idcirco
1269 563 1384 601 etiam
1405 564 1614 602 nostrarum
1640 564 1820 602 volunta-

430 641 517 669 tum
536 640 649 682 atque
678 629 959 681 appetitionum
981 627 1066 666 sunt
1098 628 1214 666 causae
1245 628 1430 666 naturales
1463 638 1502 666 et
1527 629 1818 673 antecedentes;

429 709 520 734 nam
539 695 639 734 nihil
658 694 746 732 effet
765 695 804 732 in
826 693 949 733 nostra
973 692 1168 747 potestate,
1205 694 1229 732 si
1250 707 1305 732 res
1339 694 1391 731 ita
1422 694 1457 731 se
1486 693 1655 731 haberet.
1701 694 1820 732 Nunc

430 775 518 800 vero
537 760 716 805 fatemur,
746 761 849 798 acuti
878 759 1092 806 hebetesne,
1122 759 1289 798 valentes
1316 759 1555 798 imbecilline
1581 758 1711 802 fimus,
1742 771 1822 796 non

431 828 502 866 effe
523 828 560 866 id
581 828 619 864 in
638 826 762 864 nobis.
813 827 894 876 Qi
928 834 1057 863 autem
1088 837 1135 863 ex
1155 839 1200 863 eo
1219 826 1307 877 cogi
1337 835 1459 878 putat,
1492 838 1540 863 ne
1565 834 1609 862 ut
1629 824 1820 862 sedeamus

431 893 603 944 quidem,
621 900 685 929 aut
699 890 958 935 ambulemus,
976 890 1181 928 voluntatis
1197 889 1267 928 effe
1276 908 1287 935 ς
1309 890 1341 928 is
1358 903 1434 928 non
1450 890 1567 934 videt,
1580 903 1665 941 quae
1681 901 1821 940 quam-

432 972 507 1010 que
524 971 602 995 rem
617 969 673 994 res
690 956 954 1008 consequatur.
975 956 1033 993 Ut
1049 956 1154 993 enim
1174 965 1211 994 et
1227 956 1410 1008 ingeniofi
1423 965 1460 994 et
1479 955 1577 993 tardi
1594 956 1647 993 ita
1665 954 1821 992 nascan-

432 1034 495 1062 tur
510 1022 821 1061 antecedentibus
842 1021 974 1067 caufis,
995 1021 1168 1074 itemque
1186 1021 1353 1059 valentes
1373 1030 1412 1059 et
1431 1021 1621 1059 imbecilli
1636 1039 1648 1065 ς
1670 1034 1746 1058 non
1766 1020 1821 1058 se-

432 1091 564 1143 quitur
581 1098 722 1133 tamen,
737 1097 780 1126 ut
796 1088 914 1125 etiam
928 1087 1064 1131 sedere,
1081 1096 1119 1125 et
1133 1087 1389 1132 ambulare,et
1408 1100 1491 1126 rem
1511 1099 1619 1139 agere
1638 1085 1822 1138 aliquam,

432 1154 709 1207 principalibus
730 1152 847 1191 causis
860 1152 1073 1190 definitum
1091 1162 1130 1190 et
1149 1152 1403 1190 constitutum
1422 1153 1482 1191 fit.

490 1220 720 1271 Stilponem,
751 1219 980 1270 Megareum
1013 1216 1303 1270 philosophum,
1332 1227 1492 1256 acutum
1511 1218 1595 1255 sane
1620 1217 1825 1256 hominem

433 1295 471 1323 ct
503 1285 707 1338 probatum
737 1283 974 1336 temporibus
995 1282 1070 1320 illis
1091 1283 1324 1335 accepimus.
1367 1283 1488 1321 Hunc
1509 1282 1679 1321 scribunt
1709 1282 1825 1335 ipsius

434 1351 639 1389 familiares
659 1359 697 1388 et
716 1349 907 1388 ebriosum
927 1357 964 1386 et
985 1348 1231 1387 mulierosum
1254 1348 1363 1386 fuiffe
1379 1368 1391 1394 ;
1423 1363 1546 1402 neque
1566 1348 1641 1387 hoc
1654 1349 1826 1387 scribunt

434 1419 704 1470 vituperantes,
739 1414 800 1453 sed
821 1415 948 1467 potius
979 1415 1024 1452 ad
1054 1414 1219 1453 laudem.
1252 1415 1438 1454 Vitiosam
1459 1416 1564 1453 enim
1583 1424 1759 1452 naturam
1778 1414 1825 1451 ab

434 1497 480 1521 eo
500 1484 549 1521 fic
569 1482 778 1520 edomitam
809 1489 846 1517 et
868 1479 1117 1532 compressam
1146 1479 1217 1518 esse
1237 1480 1421 1524 dostrina,
1454 1489 1497 1517 ut
1517 1492 1632 1517 nemo
1652 1491 1826 1530 unquam

434 1549 677 1586 vinolentum
698 1547 825 1591 illum,
842 1559 956 1584 nemo
977 1546 1016 1583 in
1035 1558 1080 1583 eo
1099 1545 1272 1584 libidinis
1286 1545 1501 1598 vestigium,
1518 1544 1669 1583 viderit.
1692 1543 1824 1596 Qid?

435 1616 630 1652 Socratem
646 1625 776 1650 nonne
806 1611 970 1663 legimus
990 1610 1320 1663 quemadmodum
1341 1611 1481 1648 notarit
1501 1611 1694 1662 Zopyrus,
1723 1608 1827 1662 phy-

435 1679 674 1732 fiognomon,
707 1675 830 1729 quise
860 1675 1108 1729 profitebatur
1136 1674 1345 1713 hominum
1371 1688 1497 1713 mores
1526 1675 1750 1726 naturasque
1779 1687 1827 1712 ex

434 1758 606 1798 corpore,
637 1743 774 1787 oculis,
804 1743 929 1787 vultu,
960 1741 1086 1779 fronte
1121 1740 1368 1794 pernoscere?
1414 1741 1621 1792 Stupidum
1654 1739 1725 1778 effe
1755 1741 1825 1778 So-

435 1821 580 1848 cratem
600 1810 711 1853 dixit,
733 1819 770 1846 et
790 1808 966 1851 bardum,
987 1807 1092 1859 quod
1105 1808 1243 1859 jugula
1261 1820 1425 1844 concava
1445 1820 1522 1844 non
1543 1805 1696 1844 haberet
1715 1820 1724 1844 :
1752 1805 1826 1844 ob-

438 1875 590 1914 structas
610 1887 668 1911 eas
690 1883 810 1925 partes
831 1882 869 1910 et
886 1873 1079 1910 obturatas
1100 1872 1170 1910 effe
1198 1872 1362 1910 dicebat.
1394 1872 1557 1910 Addidit
1576 1873 1706 1915 etiam,
1735 1885 1826 1910 mu-

438 1940 644 1984 lierosum;
675 1939 714 1976 in
736 1952 813 1991 quo
833 1937 1051 1976 Alcibiades
1077 1936 1312 1976 cachinnum
1346 1937 1488 1975 dicitur
1517 1936 1711 1975 sustuliss‘e.
1757 1937 1826 1975 Sed

437 2005 519 2045 haec
539 2019 585 2044 ex
607 2004 839 2044 naturalibus
860 2003 976 2042 causis
997 2004 1087 2042 vitia
1108 2003 1205 2042 nasci
1222 2002 1371 2056 poss‘unt
1389 2018 1397 2041 :
1429 2003 1621 2056 exstirpari
1641 2012 1769 2041 autem
1790 2011 1828 2040 et

439 2071 613 2110 funditus
635 2071 733 2114 tolli,
769 2079 812 2108 ut
833 2070 862 2107 is
885 2070 974 2123 ipse,
1003 2070 1069 2122 qui
1092 2070 1137 2107 ad
1155 2083 1196 2107 ea
1217 2069 1422 2122 propensus
1443 2068 1573 2113 fuerit,
1594 2083 1615 2106 a
1636 2069 1748 2106 tantis
1768 2069 1827 2106 vi-

439 2140 502 2176 tiis
523 2147 713 2181 avocetur,
746 2151 820 2175 non
851 2136 903 2174 est
937 2136 975 2174 id
1006 2135 1169 2188 positum
1205 2137 1244 2174 in
1270 2135 1506 2176 naturalibus
1534 2135 1666 2179 causis,
1699 2134 1758 2172 sed
1788 2134 1828 2172 in

437 2205 648 2249 voluntate,
680 2203 816 2247 studio,
838 2202 1063 2255 disciplina:
1096 2216 1181 2254 quae
1202 2202 1391 2241 tolluntur
1410 2202 1554 2247 omnia,
1579 2201 1607 2240 fi
1628 2201 1683 2240 vis
1703 2210 1740 2239 et
1760 2213 1828 2238 na-

439 2280 523 2307 tura
541 2269 606 2307 fati
623 2283 669 2306 cx
687 2269 933 2306 divinationis
955 2268 1096 2306 ratione
1116 2268 1345 2307 firmabitur.

491 2336 560 2373 VI.
594 2335 747 2372 Etenim
768 2335 790 2372 ¹⁴1
809 2335 861 2372 cst
881 2334 1078 2377 divinatio,
1099 2335 1364 2386 qualibusnam
1385 2334 1609 2387 aaeperceptis
1630 2334 1717 2371 artis
1739 2347 1827 2385 pro·

443 2400 650 2439 ficiscitur?
676 2401 855 2451 Pei-cepta
875 2398 1039 2451 appello,
1056 2412 1140 2450 quae
1160 2399 1339 2436 dicuntur
1360 2400 1492 2437 Groecc
1513 2399 1711 2447 prmaru.
1737 2399 1827 2436 Non

439 2467 544 2504 enim
565 2465 677 2503 credo
715 2465 822 2503 nullo
854 2473 1031 2517 percepto
1064 2474 1127 2501 aut
1148 2474 1300 2502 ccctcros
1330 2464 1492 2502 artifices
1528 2464 1657 2501 versari
1693 2465 1730 2501 in
1764 2463 1829 2501 suo

436 2545 612 2577 munere,
634 2541 697 2570 aut
716 2545 792 2576 cos,
815 2531 881 2584 qui
902 2530 1134 2570 divinatione
1159 2539 1327 2576 utantur,
1349 2529 1476 2569 futura
1495 2530 1708 2584 praedicere.
1746 2529 1829 2568 Sint
