2223 3003
351 231 399 267 14
632 212 734 251 DE
792 207 1439 249 DIVINATIONE

345 313 482 352 eodem
515 310 632 349 modo
664 308 791 348 evenit
817 305 1127 360 Agamemnoni:
1160 305 1255 357 Qi,
1291 318 1382 343 cum
1413 302 1556 342 Achivi
1589 303 1727 356 coepis-

348 379 430 417 sent

482 444 586 481 Inter
589 441 634 493 st
639 439 812 491 strepere,
841 444 1031 487 aperteque
1049 442 1165 472 artem
1184 433 1341 472 obterere
1360 432 1578 485 cxtgspicum‚

484 507 624 545 Solvere
642 504 793 554 imperat
798 499 951 554 ficundo
970 513 1123 543 rumore,
1152 499 1369 551 adverstzque
1386 499 1464 536 avi.

350 573 419 612 Sed
452 570 545 622 quid
571 567 722 606 vetera?
753 566 817 605 M.
840 563 970 604 Crasso
998 564 1094 617 quid
1121 564 1314 608 acciderit,
1349 563 1537 608 videmus,
1565 561 1732 603 dirarum

347 634 638 676 obnuntiatione
670 631 853 685 neglecta.
903 630 948 668 In
983 643 1062 683 quo
1096 630 1260 682 Appius,
1289 628 1436 681 collega
1468 638 1569 673 tuus,
1610 628 1734 666 bonus

349 715 481 755 augur,
516 709 559 738 ut
588 712 635 738 ex
665 707 702 736 te
732 696 859 735 audire
878 696 993 741 soleo,
1023 708 1100 734 non
1131 694 1215 733 satis
1247 694 1402 732 scienter
1428 695 1556 732 virum
1587 693 1734 732 bonum

348 778 386 806 et
418 767 543 806 civem
577 763 777 817 egregium
814 762 945 801 censor
976 762 1025 800 C.
1055 761 1216 800 Ateium
1261 760 1418 805 notavit,
1462 759 1568 812 quod
1600 772 1733 797 emen-

350 834 467 872 titum
486 831 650 884 auspicia
669 827 936 881 subscripserit.
985 826 1077 866 Esto
1091 845 1104 872 ς
1135 825 1250 864 fuerit
1268 825 1343 865 hoc
1376 825 1555 870 censoris,
1586 824 1735 876 fijudi-

350 899 460 937 cabat
486 896 731 935 ementitum.
790 895 845 932 At
863 892 962 931 illud
996 891 1160 930 minime
1192 891 1359 944 auguris,
1391 891 1496 943 quod
1529 889 1735 942 adscripsit,

350 964 401 1002 ob
434 976 518 1001 eam
558 960 708 999 causam
745 959 936 1012 populum
967 958 1191 996 Romanum
1226 957 1484 996 calamitatem
1524 955 1736 994 maximam

349 1028 499 1081 cepifl'e.
544 1027 581 1064 Si
601 1025 705 1063 enim
732 1037 774 1062 ea
802 1022 910 1062 causa
929 1023 1154 1061 calamitatis
1173 1021 1249 1060 fuit
1266 1040 1277 1067 3
1310 1035 1386 1060 non
1415 1023 1455 1060 in
1475 1035 1520 1060 eo
1538 1021 1590 1059 est
1608 1020 1735 1072 culpa,

349 1093 420 1145 qui
438 1090 706 1135 obnuntiavit3
737 1089 800 1127 sed
819 1089 860 1127 in
879 1101 938 1133 eo,
968 1088 1036 1140 qui
1056 1101 1132 1126 non
1152 1086 1290 1140 paruit.
1326 1087 1467 1124 Veram
1495 1086 1601 1124 enim
1628 1085 1738 1124 fuiffe

350 1157 700 1200 obnuntiationem,
744 1163 787 1192 ut
816 1154 869 1191 ait
914 1153 1018 1191 idem
1048 1166 1167 1206 augur
1194 1162 1232 1191 et
1261 1151 1406 1197 censor,
1441 1151 1566 1189 exitus
1597 1163 1736 1203 appro-

351 1224 469 1262 bavit.
528 1223 626 1274 Qae
654 1221 682 1258 fi
711 1218 801 1258 falsa
817 1218 986 1264 fuiffent,
1017 1219 1165 1257 nullam
1194 1217 1325 1256 afferre
1354 1215 1560 1272 potuiss‘ent
1588 1215 1737 1254 causam

349 1287 589 1327 calamitatis.
648 1285 806 1324 Etenim
837 1285 955 1329 dirae,
999 1284 1095 1322 ficut
1130 1293 1261 1322 caetera
1292 1283 1470 1337 auspicia,
1516 1291 1559 1320 ut
1592 1281 1737 1326 omina,

351 1363 395 1392 ut
424 1354 539 1406 ligna,
570 1365 648 1391 non
681 1350 806 1389 causas
841 1349 1018 1395 afferunt,
1048 1363 1117 1388 cur
1142 1350 1237 1403 quid
1269 1350 1430 1395 eveniat,
1465 1348 1527 1387 sed
1559 1349 1740 1387 nuntiant

351 1429 544 1463 eventura,
574 1417 642 1456 nisi
676 1415 897 1470 provideris.
944 1416 1038 1454 Non
1057 1416 1176 1468 igitur
1198 1415 1442 1454 obnuntiatio
1461 1414 1566 1453 Ateii
1589 1413 1739 1452 causam

352 1485 465 1523 finxit
501 1483 742 1527 calamitatis,
790 1481 851 1521 sed
895 1481 1001 1534 figno
1042 1482 1192 1533 objecto
1226 1482 1379 1520 monuit
1421 1479 1608 1525 emmim,
1643 1479 1738 1531 quid

350 1559 578 1588 eventurum
612 1548 713 1593 effet,
756 1547 823 1585 nisi
852 1546 1015 1585 cavifl‘et.
1075 1548 1133 1586 Ita
1165 1556 1230 1586 aut
1263 1547 1329 1585 illa
1362 1546 1605 1586 obnuntiatio
1638 1543 1739 1583 nihil

351 1615 499 1659 valuit;
530 1623 596 1652 aut
627 1614 666 1658 si,
698 1622 740 1651 ut
760 1612 910 1665 Appius
935 1612 1098 1664 judicat,
1129 1612 1262 1657 valuit,
1293 1612 1333 1650 id
1363 1612 1498 1656 valuit,
1529 1621 1572 1649 ut
1601 1623 1738 1663 pecca-

352 1689 439 1718 tum
458 1678 608 1722 haereat,
639 1691 716 1715 non
736 1678 776 1714 in
807 1690 864 1721 eo,
895 1677 964 1728 qui
993 1678 1186 1715 monuerit
1204 1695 1217 1721 ς
1249 1676 1311 1714 sed
1329 1677 1370 1715 in
1388 1689 1448 1721 eo,
1480 1675 1550 1727 qui
1567 1688 1647 1713 non
1665 1673 1740 1713 ob-

353 1743 584 1796 temperarit.

407 1808 540 1847 XVII.
573 1804 711 1856 Qid?
742 1804 860 1842 lituus
881 1804 947 1842 iste
973 1804 1104 1848 vester,
1134 1804 1238 1856 quod
1257 1804 1504 1842 clariffimum
1523 1803 1577 1842 est
1597 1803 1740 1857 infigne

353 1871 570 1926 auguratus,
593 1870 692 1909 unde
713 1869 820 1908 vobis
840 1869 892 1907 est
912 1869 1070 1907 traditus
1089 1870 1102 1906 ?
1131 1882 1272 1922 nempe
1291 1883 1336 1908 eo
1356 1869 1550 1908 Romulus
1571 1870 1739 1922 regiones

353 1939 492 1977 direxit
513 1947 612 1981 tum,
642 1948 733 1973 cum
755 1933 890 1973 urbem
910 1934 1096 1972 condidit.
1142 1935 1223 1985 Qi
1244 1934 1402 1987 quidem
1423 1934 1586 1973 Romuli
1606 1934 1738 1978 lituus,

356 2003 413 2054 (id
434 2003 499 2047 est,
532 2003 736 2040 incurvum
756 2009 794 2037 et
814 1999 946 2037 leviter
966 2013 986 2037 a
1005 1999 1157 2038 summo
1187 1999 1372 2038 inflexum
1403 1999 1601 2044 bacillum,
1636 1999 1739 2052 quod

353 2068 401 2107 ab
419 2069 500 2119 ejus
520 2067 622 2111 litui,
640 2079 718 2118 quo
736 2065 899 2109 canitur.
929 2064 1178 2103 similitudine
1194 2078 1335 2103 nomen
1356 2065 1518 2116 invenit)
1539 2076 1630 2103 cum
1650 2064 1739 2103 situs

353 2134 442 2173 effet
462 2134 499 2171 in
521 2134 624 2171 curia
657 2132 858 2176 Saliorum,
890 2145 974 2184 qua:
993 2131 1044 2169 est
1070 2131 1110 2169 in
1131 2131 1289 2176 Palatio,
1320 2145 1437 2184 eaque
1456 2130 1738 2184 deflagraviffet‚

355 2200 531 2238 inventus
551 2198 602 2236 est
623 2199 781 2250 integer.

416 2265 523 2317 Qid
545 2265 678 2303 multis
697 2263 804 2301 annis
836 2262 918 2315 post
943 2263 1176 2308 Romulum,
1214 2263 1339 2302 Prisco
1370 2273 1549 2318 regnante
1569 2263 1738 2316 Tarqui-

356 2331 450 2369 nio?
482 2330 567 2382 quis
597 2338 768 2367 veterum
800 2327 1027 2381 scriptorum
1061 2342 1137 2367 non
1158 2328 1342 2382 loquitur,
1373 2343 1457 2382 quoe
1488 2329 1532 2368 fit
1562 2329 1609 2367 ab
1630 2328 1740 2367 Attio

356 2395 484 2434 Navio
506 2408 570 2448 per
590 2394 730 2433 lituum
753 2393 953 2445 regionum
974 2392 1069 2432 sassn
1100 2393 1302 2447 descriptio
1321 2395 1333 2431 ?
1365 2395 1446 2446 qui,
1477 2408 1568 2433 cum
1588 2403 1740 2447 propter

358 2471 614 2514 paupertatem
636 2461 714 2498 sues
747 2473 837 2512 puer
867 2459 1044 2512 pasceret.
1075 2473 1149 2498 una
1180 2473 1226 2499 ex
1261 2459 1320 2499 his
1340 2460 1481 2505 mniffa,
1512 2459 1648 2499 voviss‘e
1678 2460 1738 2497 di-

355 2528 468 2572 citur,
499 2527 526 2566 si
546 2526 803 2580 recuperass'ct,
835 2539 947 2565 uvam
966 2524 1001 2564 se
1022 2527 1109 2565 Deo
1127 2526 1321 2573 daturum,
1343 2541 1427 2580 quae
1452 2527 1622 2567 maxima
1651 2523 1738 2563 ess'ct
