2223 3003
361 293 411 322 20
645 280 749 319 DE
806 278 1458 318 DIVINATIONE

359 380 544 425 Platonis,
574 378 690 417 visam
723 377 794 416 efi‘e
820 378 946 415 videre
979 376 1019 414 in
1041 375 1198 415 somniis
1229 375 1428 414 simulacra
1447 376 1638 421 Deorum,
1666 389 1755 429 quae

359 447 437 499 ipsa
467 444 635 484 Phalaris
665 443 772 481 domi
805 441 1112 487 consecraviffet;
1144 455 1191 481 ex
1215 441 1277 480 his
1297 442 1542 481 Mercurium
1564 455 1585 479 e
1613 450 1753 495 patera,

359 525 475 564 quam
496 511 629 548 dextra
646 521 764 547 manu
786 517 943 554 teneret,
971 507 1340 561 sanguinemvisum
1360 507 1432 547 effe
1450 507 1610 547 fundere
1625 525 1637 553 3
1669 507 1754 560 qui,

358 590 451 614 cum
482 585 619 614 terram
639 573 833 628 attigisset,
864 573 1106 612 refervescere
1126 573 1317 612 videretur
1337 573 1400 619 fic,
1441 584 1485 613 ut
1515 583 1594 613 tota
1613 573 1752 612 domus

359 641 539 695 sanguine
559 641 798 680 redundaret.
820 640 940 693 Qod
961 640 1092 678 matris
1108 639 1302 681 somnium
1321 640 1503 679 immanis
1523 639 1596 678 filii
1613 639 1753 678 crude-

360 707 445 746 litas
465 707 745 762 comprobavit.
791 707 900 759 Qid
923 719 1010 760 ego,
1041 720 1125 759 quae
1147 707 1258 759 Magi
1278 707 1384 758 Cyro
1402 706 1461 745 illi
1490 705 1659 760 principi
1687 706 1752 744 in-

361 775 553 827 terpretati
572 774 672 819 sunt,
703 787 750 812 ex
771 773 938 812 Dinonis
960 773 1116 812 Perficis
1147 773 1255 811 libris
1274 772 1466 826 proferam
1485 773 1499 811 ?
1530 772 1638 812 Nam
1661 784 1755 810 cum

360 839 567 879 dormienti
586 840 621 878 ei
639 839 692 878 sol
713 839 758 877 ad
778 839 893 892 pedes
911 839 1011 878 visus
1031 839 1134 885 esset,
1151 849 1208 877 ter
1225 852 1316 878 eum
1337 839 1469 878 scribit
1487 837 1623 877 frustra
1637 850 1755 890 appe-

360 905 481 943 tiviffe
502 905 695 950 manibus,
725 918 817 943 cum
837 904 874 942 se
897 905 1129 944 convolvens
1150 905 1204 944 sol
1223 905 1448 950 elaberetur,
1477 912 1517 942 et
1540 904 1688 942 abiret:
1719 901 1756 940 ei

361 971 502 1024 Magos
522 970 666 1015 dixiffe,
690 970 812 1022 (quod
831 983 952 1023 genus
971 970 1186 1024 sapientum
1205 980 1244 1010 et
1262 971 1465 1011 doctorum
1484 969 1696 1009 habebatur
1714 969 1756 1006 in

361 1037 504 1090 Perfis)
536 1051 583 1076 ex
604 1037 746 1090 triplici
766 1037 1000 1090 appetitione
1018 1037 1120 1084 solis,
1152 1051 1241 1076 xxx
1264 1049 1384 1076 annos
1404 1039 1554 1089 Cyrum
1574 1044 1756 1089 regnatu-

361 1116 449 1140 rum
467 1101 553 1147 esse,
583 1102 759 1155 portendi
774 1119 787 1146 ς
818 1101 931 1154 quod·
952 1102 1006 1140 ita
1034 1102 1225 1155 contigit:
1258 1115 1348 1141 nam
1374 1101 1421 1140 ad
1440 1101 1758 1155 septuagesimum

361 1169 547 1221 pervenit,
567 1181 661 1206 cum
680 1181 736 1206 XL
758 1175 869 1206 natus
889 1180 1009 1206 annos
1028 1180 1184 1220 regnare
1200 1167 1387 1222 coepiffet.

415 1234 485 1273 Est
500 1233 672 1288 profecto
701 1233 887 1288 quiddam
911 1233 1030 1273 etiam
1053 1234 1094 1272 in
1120 1234 1286 1274 barbaris
1306 1235 1486 1288 gentibus
1516 1232 1758 1288 praesentiens

360 1310 476 1354 atque
504 1301 676 1340 divinans
692 1319 705 1346 ;
737 1301 924 1354 siquidem
957 1301 1004 1340 ad
1037 1311 1205 1341 mortem
1238 1302 1481 1356 proficiscens
1502 1301 1667 1340 Calanus
1689 1300 1756 1338 In-

360 1367 446 1413 dus,
476 1381 569 1406 cum
598 1367 839 1406 adscenderet
872 1368 913 1407 in
946 1381 1085 1422 rogum
1110 1369 1322 1415 ardentem,
1354 1370 1392 1408 Ο
1423 1367 1648 1423 praeclarum
1679 1365 1758 1404 dis-

359 1433 517 1480 cessum,
549 1434 690 1487 inquit,
720 1447 741 1472 e
759 1434 851 1481 vita,
880 1448 988 1481 cum,
1019 1444 1063 1474 ut
1082 1435 1248 1474 Herculi
1276 1435 1459 1489 contigit,
1490 1433 1644 1473 mortali
1670 1445 1757 1470 cor-

359 1513 450 1553 pore
469 1509 652 1546 cremato,
682 1501 722 1539 in
753 1501 883 1541 lucem
913 1502 1065 1541 animus
1084 1501 1305 1543 excesserit!
1338 1503 1522 1555 Cumque
1542 1498 1760 1539 Alexander

359 1579 451 1605 eum
484 1576 644 1619 rogaret,
675 1567 701 1605 fi
723 1567 819 1620 quid
848 1568 977 1614 vellet,
1006 1577 1051 1607 ut
1078 1569 1246 1614 diceret;
1279 1569 1456 1621 Optime,
1478 1566 1635 1618 inquit3
1667 1577 1758 1617 pro·

359 1631 514 1685 pediem
534 1639 571 1668 te
589 1631 742 1669 videbo.
774 1633 895 1683 Qod
915 1630 967 1670 ita
986 1633 1152 1685 contigit
1169 1648 1178 1671 t
1202 1646 1292 1671 nam
1312 1632 1507 1684 Babylone
1526 1630 1657 1684 paucis
1676 1629 1760 1683 post

358 1697 440 1751 post
458 1697 594 1735 diebus
615 1697 832 1736 Alexander
861 1697 914 1736 est
934 1707 1123 1736 mortuus.
1174 1697 1344 1736 Discedo
1370 1708 1576 1748 parumper
1604 1709 1625 1733 a
1654 1695 1758 1733 som-

361 1764 434 1802 niis
450 1780 463 1808 ;
485 1761 531 1800 ad
550 1775 636 1814 quae
655 1775 748 1800 mox
770 1771 942 1800 revertar.
975 1762 1065 1813 Qa
1090 1763 1199 1799 noete
1216 1760 1410 1815 ternplum
1431 1759 1604 1813 Ephesia:
1625 1760 1759 1799 Dianae

360 1829 596 1882 deflagravit,
613 1828 746 1866 eadem
758 1827 903 1866 constat
917 1841 963 1866 ex
978 1827 1212 1880 Olympiade
1226 1837 1358 1866 natum
1377 1827 1449 1865 ess‘e
1463 1827 1726 1866 Alexandrum
1745 1845 1757 1872 ς

361 1904 475 1947 atque
496 1895 564 1933 ubi
584 1894 711 1932 lucere
726 1892 911 1946 coepiss‘et,
931 1891 1138 1931 clamitasse
1160 1893 1300 1946 Magos
1320 1892 1461 1946 pestem
1483 1906 1525 1930 ac
1546 1893 1757 1945 perniciem

361 1961 459 1999 Afiae
479 1961 655 2013 proxima
674 1960 784 1997 nocte
803 1967 947 1997 natam.
979 1959 1077 1997 Haec
1097 1958 1143 1996 de
1162 1959 1282 2003 Indis,
1306 1967 1344 1996 et
1364 1958 1508 2012 Magis.
1540 1957 1758 1996 Redeamus

363 2026 409 2065 ad
430 2026 589 2065 somnia.

418 2093 570 2131 XXIV.
603 2091 839 2130 Annibalem
870 2092 1012 2131 Caelius
1050 2091 1193 2137 scribit,
1223 2105 1314 2131 cum
1341 2078 1566 2130 c'olumnam
1592 2104 1757 2136 auream,

364 2172 448 2211 quae
466 2158 555 2197 esset
574 2158 614 2196 in
635 2156 725 2196 fano
743 2158 908 2209 Junonis
930 2158 1111 2203 Laciniae,
1143 2157 1287 2196 auferre
1316 2158 1447 2202 vellet,
1478 2157 1759 2210 dubitat-etque,

364 2235 495 2263 utrum
529 2238 571 2262 ea
604 2223 719 2262 solida
751 2223 854 2268 esset,
885 2237 930 2262 an
964 2224 1198 2263 extrinsecus
1218 2224 1399 2269 inaurata,
1429 2222 1758 2278 perterebraviffe;

364 2304 533 2344 cumque
554 2289 710 2329 solidam
733 2290 945 2336 invenisset,
976 2290 1138 2329 statuisse
1159 2290 1292 2329 tollere
1310 2306 1320 2330 :
1352 2292 1386 2329 ei
1419 2289 1627 2329 secundum
1647 2290 1759 2342 quic-

364 2365 443 2395 tem
475 2356 591 2395 visam
622 2355 693 2394 css‘c
713 2357 906 2407 Junonem
941 2357 1156 2410 praedicere,
1188 2371 1234 2395 ne
1270 2357 1308 2395 id
1341 2357 1495 2402 faceret,
1528 2355 1759 2407 minarique,

365 2423 390 2461 sl
412 2423 451 2461 id
472 2420 627 2466 fecisset,
660 2421 694 2460 se
715 2431 947 2468 curaturam,
978 2432 1020 2461 ut
1051 2436 1142 2461 eum
1161 2434 1316 2476 quoque
1347 2423 1522 2467 oculum,
1559 2436 1637 2475 quo
1665 2421 1761 2458 bene

363 2487 523 2533 videret,
553 2487 744 2526 amitteret
760 2506 772 2533 5
805 2488 921 2541 idque
951 2489 998 2527 ab
1019 2487 1176 2527 homine
1195 2498 1307 2527 acuto
1328 2503 1403 2528 non
1425 2488 1495 2527 esse
1525 2488 1759 2540 neglcc‘lum.

367 2554 498 2606 ltaque
517 2567 563 2593 ex
584 2567 630 2593 co
648 2567 752 2599 auro,
783 2555 887 2607 quod
904 2556 1185 2594 exterebratum
1205 2554 1308 2600 essct,
1339 2555 1521 2593 buculam
1542 2551 1681 2592 curasse
1699 2550 1758 2591 fa·

364 2619 554 2667 ciendam,
585 2629 623 2660 et
641 2634 726 2660 cam
748 2620 786 2659 in
808 2620 958 2661 summa
977 2621 1159 2661 columna
1179 2620 1429 2661 collocaviss'c.
