2223 3003
430 209 507 250 228
826 209 930 248 DE
1003 205 1434 246 OFFICIIS

484 311 714 351 Occurritur
750 317 879 346 autem
919 306 1046 351 nobis,
1090 314 1129 344 et
1162 305 1324 358 quidem
1357 318 1378 343 a
1415 305 1536 344 dostis
1582 313 1628 344 et>
1654 307 1835 354 eruditis,

427 377 699 432 quaerentibuS,
749 373 881 411 satisne
927 371 1142 410 constanter
1183 370 1306 410 facere
1344 371 1557 418 videamur,
1605 373 1688 425 qui,
1736 387 1836 413 cum.

425 445 573 498 percipi
606 440 704 479 nihil
734 439 836 492 poss‘e
866 438 1056 484 dicamus,
1087 447 1217 477 tamen
1243 447 1281 476 et
1309 437 1391 476 aliis
1421 438 1470 476 de
1506 438 1618 477 rebus
1657 438 1838 477 disserere

427 510 627 551 soleamus,
672 514 710 543 et
743 503 820 543 hoc
858 505 941 558 ipso
969 513 1143 558 tempore
1176 513 1365 558 praecepta
1394 505 1515 543 officii
1543 504 1828 558 persequamur.

427 574 581 623 Qibus
615 572 757 611 vellem
789 571 876 610 satis
905 572 1062 624 cognita
1093 570 1184 610 effet
1213 570 1336 610 nostra
1365 570 1579 609 sententia:
1610 584 1689 610 non
1722 572 1832 610 enim

425 639 556 678 sumus
586 639 628 685 ii,
661 651 830 691 quorum
850 647 1009 691 vagetur
1041 638 1192 676 animus
1223 650 1362 682 errore,
1393 650 1463 675 nec
1484 636 1622 675 habeat
1641 650 1844 690 unquam,.

425 705 522 758 quid
541 705 732 758 sequatur.
779 705 878 757 Qae
897 704 1003 742 enim
1033 703 1122 742 effet
1140 703 1207 742 ista
1239 717 1362 748 mens,
1394 703 1453 741 vel
1474 717 1559 756 quoe
1579 703 1656 741 vita
1684 703 1842 756 potius,

424 784 504 809 non
534 771 654 810 modo
672 769 906 823 disputandi,
937 769 1000 808 sed
1031 771 1147 807 etiam
1170 769 1335 814 vivendi,
1368 770 1513 807 ratione
1535 768 1711 808 sublata?
1743 769 1831 807 Nos

423 847 569 883 autem,
605 846 648 876 ut
667 837 793 875 caeteri
822 836 895 874 alia
914 845 1029 881 certa,
1059 836 1131 873 alia
1160 836 1318 881 incerta,
1348 835 1419 874 effe
1438 836 1589 881 dicunt,
1627 835 1676 873 fic
1707 835 1754 873 ab
1782 835 1830 873 iis

423 904 696 947 diffentientes,
726 901 799 939 alia
830 901 1058 954 probabilia,
1090 901 1161 939 alia
1187 914 1264 939 non
1294 901 1522 954 probabilia,
1553 901 1625 940 effe
1644 901 1831 940 dicimus.

425 970 534 1021 Qid
567 969 620 1007 est
652 968 785 1021 igitur,
822 967 928 1019 quod
961 980 1026 1005 me
1061 967 1260 1019 impediat,
1294 980 1349 1012 ea,
1390 981 1477 1020 quae
1511 966 1611 1006 mihi
1645 967 1834 1021 probabi-

425 1036 475 1074 lia
493 1035 705 1079 videantur,
740 1033 845 1086 sequi
860 1051 873 1078 ς
905 1046 990 1086 quae
1015 1031 1163 1078 contra,
1194 1033 1410 1085 improbare
1432 1051 1442 1078 ;
1479 1043 1595 1086 atque
1614 1033 1833 1072 affirmandi

424 1102 679 1155 arrogantiam
722 1100 930 1145 vitantem,
976 1098 1109 1152 fugere
1143 1099 1414 1145 temeritatem,
1460 1113 1545 1152 quae
1589 1113 1610 1137 a
1652 1099 1834 1153 sapientia

424 1170 573 1209 diffidet
605 1167 856 1221 plurimum?
888 1167 1035 1205 Contra
1064 1175 1194 1205 autem
1229 1167 1361 1204 omnia
1393 1166 1608 1219 disputatur
1639 1180 1659 1204 a
1679 1165 1831 1212 nostris,

424 1235 529 1289 quod
559 1234 636 1274 hoc
669 1233 796 1286 ipsum
827 1232 1026 1286 probabile
1045 1232 1194 1271 elucere
1224 1245 1302 1271 non
1322 1231 1455 1285 posset,
1484 1233 1567 1277 nisi,
1602 1246 1650 1271 ex
1671 1242 1833 1285 utraque

423 1311 542 1355 parte,
573 1299 770 1338 causarum
804 1297 894 1336 effet
923 1297 1022 1336 faeta
1041 1299 1255 1336 contentio.
1292 1297 1365 1336 Sed
1397 1296 1480 1336 haec
1511 1298 1709 1351 explanata
1744 1297 1833 1337 sunt

424 1369 464 1406 in
485 1366 730 1406 Academicis
763 1364 897 1404 nostris
917 1364 1018 1411 satis,
1039 1374 1083 1403 ut
1102 1365 1277 1410 arbitror,
1299 1364 1517 1418 diligenter.
1566 1365 1664 1402 Tibi
1684 1374 1830 1411 autem,

424 1435 480 1472 mi
497 1435 650 1478 Cicero,
669 1445 891 1485 quanquam
910 1431 952 1469 in
968 1430 1226 1483 antiquiffima
1242 1430 1551 1483 nobilissimaque
1571 1429 1830 1483 philosophia,

425 1500 612 1553 Cratippo
632 1499 797 1542 auctore,
819 1495 987 1541 versaris,
1019 1497 1065 1534 iis
1085 1496 1299 1540 fimillimo,
1321 1496 1390 1548 qui
1421 1496 1489 1533 ista
1517 1495 1694 1548 praeclara
1711 1509 1829 1549 pepe-

423 1575 579 1610 rerunt,
623 1573 752 1603 tamen
782 1561 864 1600 haec
895 1562 1032 1607 nostra,
1062 1561 1232 1601 finitima
1261 1561 1406 1607 vestris,
1437 1563 1570 1615 ignota
1600 1560 1671 1599 effe
1707 1562 1830 1601 nolui.

424 1631 495 1669 Sed
510 1632 594 1683 jam
614 1629 660 1668 ad
681 1628 854 1667 instituta
873 1642 1092 1682 pergamus.

478 1698 551 1736 111.
585 1695 772 1748 Qinque
806 1695 926 1747 igitur
957 1694 1170 1733 rationibus
1190 1694 1389 1748 propositis
1417 1694 1537 1734 officii
1563 1694 1831 1748 persequendi,

423 1777 589 1816 quarum
620 1762 704 1800 duae
734 1761 780 1799 ad
809 1761 926 1799 decus
955 1760 1271 1813 honestatemque
1292 1761 1488 1814 pertinent
1503 1779 1515 1806 3
1547 1761 1631 1799 duae
1650 1761 1697 1799 ad
1717 1774 1830 1799 com·

423 1829 539 1868 moda
557 1830 658 1873 vitae,
676 1829 819 1880 copias,
838 1841 943 1880 opes,
965 1827 1164 1866 facultates
1177 1846 1189 1872 ;
1213 1828 1351 1880 quinta
1365 1828 1411 1866 ad
1426 1827 1593 1881 eligendi
1607 1828 1803 1880 judicium
1817 1845 1830 1873 ;

422 1896 448 1934 fi
470 1894 623 1949 quando
643 1907 699 1937 ea,
730 1907 814 1945 quae
834 1893 930 1937 dixi,
954 1906 1125 1945 pugnare
1156 1895 1256 1930 inter
1282 1893 1317 1930 se
1344 1894 1565 1931 viderentur
1580 1913 1591 1938 ς
1624 1893 1830 1932 honestatis

424 1975 507 2015 pars
529 1959 702 1999 confecta
722 1959 788 2004 est,
811 1973 927 2012 quam
949 1959 1108 2011 quidem
1130 1959 1201 1997 tibi
1223 1960 1340 2012 cupio
1359 1958 1430 1997 effe
1452 1959 1701 1998 notiffimam.
1740 1961 1832 1999 Hoc

424 2037 568 2073 autem,
601 2027 647 2064 de
668 2040 747 2079 quo
768 2040 871 2064 nunc
902 2027 1067 2078 agimus,
1099 2026 1137 2064 id
1168 2025 1293 2079 ipsum
1315 2026 1380 2071 est,
1415 2026 1519 2079 quod
1547 2026 1641 2064 utile
1661 2027 1832 2080 appella-

426 2104 499 2132 tur.
562 2094 606 2131 In
650 2107 728 2145 quo
763 2092 863 2145 lapsa
892 2091 1130 2131 consuetudo
1161 2092 1317 2131 deflexit
1346 2093 1393 2131 de
1423 2094 1496 2138 via,
1539 2093 1750 2145 senfimque
1785 2093 1833 2132 εὸ

425 2161 585 2199 deducta
605 2160 670 2205 est,
703 2169 760 2204 ut,
782 2158 1019 2198 honestatem
1040 2159 1087 2197 ab
1108 2159 1273 2197 utilitate
1293 2159 1502 2206 secernens,
1533 2170 1569 2198 et
1585 2160 1833 2199 constitueret

426 2226 629 2264 honestum
664 2225 735 2264 effe
766 2225 928 2278 aliquid,
973 2225 1077 2278 quod
1112 2225 1206 2263 utile
1241 2239 1317 2264 non
1351 2226 1467 2272 ess‘et5
1513 2235 1551 2264 et
1586 2226 1694 2271 utile,
1725 2225 1832 2279 quod

427 2306 503 2331 non
525 2292 728 2331 honestum
749 2308 757 2331 :
790 2306 865 2346 qua
884 2292 989 2331 nulla
1008 2293 1194 2346 pernicies
1215 2294 1337 2346 major
1359 2293 1568 2332 hominum
1596 2293 1682 2331 vitm
1702 2293 1831 2346 potuit

426 2358 564 2398 afferri.

481 2426 641 2463 Summa
678 2425 838 2478 quidem
888 2426 1110 2465 auctoritate
1142 2424 1363 2479 philosophi
1404 2425 1525 2464 severe
1571 2425 1668 2469 sanc,
1718 2434 1832 2478 atque

426 2491 593 2537 honeste,
626 2491 707 2529 lia-c
730 2493 799 2529 tria
819 2506 956 2544 genera
975 2491 1146 2536 confusa,
1167 2493 1401 2545 cogitatione
1417 2493 1672 2545 distinguunt.
1698 2491 1830 2544 Qid·

423 2558 521 2611 quid
554 2559 658 2598 enim
681 2559 829 2612 justum
864 2560 920 2605 sit,
968 2560 1007 2598 id
1038 2560 1156 2600 ctiam
1187 2560 1280 2599 utile
1311 2559 1382 2598 csse
1420 2560 1606 2606 censent,
1658 2559 1830 2610 itemque
