2223 3003
438 237 512 277 186
829 232 934 270 DE
1006 229 1432 269 OFFICIIS

432 345 610 389 :egrotare
630 332 732 371 filius
752 329 927 382 coeperit‚
948 342 1026 367 non
1046 328 1090 366 fit
1109 337 1243 366 contra
1261 327 1452 373 officium,
1482 340 1560 366 non
1580 325 1703 366 facere
1721 329 1831 382 quod

432 402 569 441 dixeris
585 418 597 444 ;
630 396 826 449 magisque
846 395 926 440 ille,
947 395 1013 433 cui
1031 394 1260 448 promiffum
1279 393 1338 440 fit,
1368 394 1415 433 ab
1441 394 1572 433 officio
1591 393 1769 440 discedat,
1799 396 1831 435 fi

432 468 467 505 sc
487 466 712 504 destitutum
732 470 926 516 queratur.
972 462 1076 513 Jam,
1108 461 1186 499 illis
1216 459 1404 514 promiffis
1436 460 1612 499 standum
1642 474 1721 499 non
1740 459 1830 506 esse,

431 533 518 584 quis
539 544 616 568 non
636 528 755 574 videt,
775 542 860 582 quae
880 530 1032 566 coactus
1053 528 1141 580 quis
1162 537 1284 574 metu,
1304 541 1388 580 quae
1408 527 1590 580 deceptus
1609 526 1714 573 dolo,
1735 539 1831 580 pro-

430 596 607 635 miserit?
639 596 739 647 Qae
758 594 918 648 quidem
937 594 1116 648 pleraque
1143 595 1230 648 jure
1263 593 1442 648 praetorio
1471 593 1695 639 liberantur,
1727 604 1831 631 non-

430 663 537 702 nulla
555 662 723 715 legibus.

486 729 670 768 Existunt
688 727 806 767 etiam
825 727 918 780 saepe
939 727 1088 780 injuriae
1106 727 1302 766 calumnia
1320 727 1501 781 quadam,
1521 735 1560 764 et
1579 725 1698 764 nimis
1717 724 1833 764 calli-

432 796 494 841 da,
525 795 586 834 sed
612 793 816 839 malitios-A,
835 794 934 846 juris
957 794 1283 846 interpretatione.
1315 795 1378 832 Ex
1397 807 1476 846 quo
1505 792 1618 837 illud,
1650 793 1833 831 Summum

419 862 499 914 jus,
507 863 651 914 summa
670 860 818 912 injuria,
848 858 995 897 facium
1015 859 1067 897 est
1095 860 1179 911 jam
1199 860 1336 898 tritum
1363 859 1536 898 sermone
1565 858 1830 912 proverbium.

433 930 526 980 Qo
545 928 584 965 in
604 939 741 979 genere
760 925 878 963 etiam
897 926 936 963 in
958 925 1155 978 republica
1173 926 1298 964 multa
1315 935 1521 979 peccantur
1538 940 1547 964 ε
1579 935 1623 964 ut
1642 925 1722 970 ille,
1745 925 1831 978 qui,

432 1006 525 1031 cum
545 992 704 1044 triginta
723 991 875 1029 dierum
895 989 1012 1029 essent
1030 1004 1124 1029 cum
1149 989 1256 1029 hoste
1274 993 1391 1044 pactae
1407 991 1586 1036 induciae,
1614 992 1731 1029 noctu
1756 1003 1834 1043 po-

431 1058 635 1112 pulabatur
654 1069 776 1109 agros,
806 1055 913 1108 quod
932 1055 1083 1094 dierum
1103 1056 1219 1095 effent
1238 1058 1370 1109 pactae,
1399 1070 1477 1094 non
1498 1056 1688 1101 noctium,
1711 1055 1833 1093 indu-

432 1125 513 1163 ciae.
536 1125 623 1162 Nec
638 1123 762 1162 noster
782 1122 942 1175 quidem
962 1122 1198 1175 probandus,
1214 1123 1240 1161 fi
1261 1137 1394 1162 verum
1411 1123 1477 1169 est,
1496 1122 1736 1177 QFabiurn
1752 1122 1834 1160 La-

431 1191 611 1236 beonem,
641 1189 704 1228 seu
730 1202 850 1242 quem
880 1189 1003 1227 alium
1036 1188 1154 1242 (nihil
1180 1190 1286 1228 enim
1317 1198 1452 1243 praeter
1480 1190 1659 1228 auditum
1686 1187 1832 1240 habeo)

432 1257 620 1295 arbitrum
639 1255 807 1294 Nolanis
827 1263 865 1293 et
884 1255 1152 1308 Neapolitanis
1169 1255 1216 1294 de
1229 1255 1372 1294 finibus
1389 1268 1410 1293 a
1422 1255 1552 1294 senatu
1571 1254 1721 1298 datum,
1739 1267 1833 1292 cum

432 1323 480 1361 ad
510 1322 644 1361 locum
674 1320 846 1367 venisset,
876 1334 970 1359 cum
991 1321 1159 1374 utrisque
1184 1321 1385 1375 separatim
1405 1321 1599 1367 locutum,
1630 1329 1673 1359 ut
1693 1333 1740 1358 ne
1760 1333 1834 1358 cu-

431 1389 520 1443 pide
539 1389 635 1442 quid
653 1396 822 1441 agerent,
854 1400 901 1425 ne
930 1397 1150 1440 appetenter
1164 1407 1176 1433 3
1208 1398 1322 1441 atque
1341 1398 1387 1427 ut
1414 1388 1575 1442 regredi,
1602 1400 1720 1441 quarn
1740 1400 1837 1440 pro-

431 1455 553 1508 gredi,
575 1455 749 1493 mallent.
772 1453 819 1492 Id
838 1467 930 1491 cum
951 1454 1104 1505 utrique
1124 1453 1310 1500 fecissent,
1328 1455 1570 1507 aliquantum
1591 1453 1670 1505 agri
1691 1453 1731 1489 in
1748 1465 1838 1490 me-

429 1522 497 1560 dio
518 1521 694 1559 reliftum
715 1519 783 1558 est.
816 1521 951 1572 Itaque
970 1519 1128 1558 illorum
1149 1520 1258 1565 fines,
1280 1520 1376 1558 ficut
1394 1519 1462 1572 ipsi
1483 1519 1671 1563 dixerant,
1697 1518 1836 1556 termi-

432 1587 535 1625 navit
549 1605 560 1631 3
591 1586 632 1623 in
652 1585 784 1623 medio
815 1586 993 1622 relietum
1025 1585 1130 1636 quod
1149 1595 1241 1630 erat,
1271 1585 1418 1638 populo
1437 1585 1618 1624 Romano
1637 1583 1837 1636 adjudica-

431 1653 501 1691 vit.
553 1651 742 1704 Decipere
761 1649 838 1688 hoc
858 1642 1019 1702 quidem
1038 1650 1104 1696 est,
1127 1665 1205 1690 non
1219 1651 1406 1705 judicare.
1453 1651 1648 1703 roirca
1665 1651 1706 1689 in
1726 1649 1840 1690 omni

431 1732 470 1757 re
490 1717 673 1771 fugienda
691 1716 744 1755 est
764 1716 848 1756 talis
868 1716 1031 1755 solertia.

487 1787 559 1824 XI.
593 1785 690 1823 Sunt
718 1792 848 1822 autem
879 1783 1054 1836 quaedarn
1075 1784 1202 1822 officia
1221 1785 1337 1823 etiam
1356 1783 1530 1823 adversus
1556 1795 1619 1821 eos
1640 1781 1834 1828 servanda,

432 1865 454 1889 a
481 1851 624 1903 quibus
659 1850 841 1901 injuriam
875 1849 1082 1900 acceperis.
1127 1851 1195 1888 Est
1214 1853 1320 1888 enim
1341 1850 1549 1889 ulciscendi
1579 1859 1618 1888 et
1647 1848 1837 1902 puniendi

432 1916 595 1955 modus:
627 1923 742 1966 atque
762 1913 865 1952 haud
883 1913 973 1957 scio,
995 1927 1042 1951 an
1061 1913 1145 1951 satis
1164 1915 1209 1953 fit
1228 1928 1334 1959 eum,
1353 1915 1421 1967 qui
1453 1915 1664 1959 lacessierit,
1686 1915 1837 1966 injuriae

433 1982 505 2021 suae
526 1981 740 2034 poenitcre3
773 1990 815 2018 ut
835 1989 872 2019 et
898 1980 976 2033 ipse
1000 1994 1046 2018 nc
1067 1981 1161 2034 quid
1184 1981 1255 2020 tale
1274 1981 1446 2035 posthac,
1476 1991 1513 2019 et
1539 1981 1666 2020 caeteri
1687 1980 1758 2019 fint
1788 1979 1836 2019 ad

433 2048 614 2100 injuriam
643 2046 837 2085 tardiores.

487 2117 619 2166 Atque
637 2113 677 2151 in
700 2113 896 2166 republica
916 2117 1086 2156 maxime
1105 2114 1359 2153 conservanda
1376 2114 1461 2153 sunt
1475 2115 1563 2167 jura
1583 2113 1690 2152 belli.
1711 2113 1835 2159 Nam,

432 2194 522 2218 cum
556 2179 627 2217 s1nt
658 2179 735 2217 duo
777 2193 914 2232 genera
954 2181 1170 2220 decertandi
1189 2199 1200 2225 3
1244 2194 1367 2219 unum
1404 2194 1469 2234 per
1503 2180 1833 2232 disceptationem,

432 2247 592 2284 alterum
616 2259 681 2298 per
701 2245 781 2283 vim
801 2263 811 2290 3
844 2259 1014 2300 cumque
1035 2246 1131 2285 illud
1153 2247 1354 2300 proprium
1375 2247 1419 2285 fit
1440 2245 1626 2291 hominis,
1654 2245 1727 2283 hoc
1748 2244 1835 2282 bel-

433 2313 583 2350 luarum
602 2329 610 2355 ;
635 2310 942 2363 confugiendum
960 2315 1009 2352 cst
1027 2314 1071 2352 ad
1091 2313 1290 2366 posterius,
1308 2313 1331 2351 si
1350 2314 1406 2351 uti
1425 2327 1501 2351 non
1519 2313 1609 2350 licet
1630 2311 1834 2364 superiore.

433 2379 563 2430 Qare
595 2377 829 2430 suscipienda
860 2380 1019 2431 quidem
1052 2379 1151 2419 bella
1170 2379 1256 2418 sunt
1289 2380 1340 2418 ob
1369 2392 1454 2417 eam
1486 2378 1651 2422 camum,
1684 2387 1726 2415 ut
1759 2378 1836 2416 linc

432 2445 572 2497 injuria
593 2445 631 2482 in
664 2457 754 2497 pace
786 2445 945 2485 vivatur.
991 2448 1101 2486 Parti
1120 2456 1249 2485 autem
1275 2446 1446 2490 victorii,
1477 2445 1720 2483 conservandi
1749 2444 1837 2483 sunt

434 2512 475 2556 ii,
505 2512 572 2563 qui
606 2525 682 2549 non
714 2511 884 2550 crudeles
907 2513 944 2551 in
966 2514 1083 2558 bello,
1114 2527 1190 2552 non
1224 2514 1411 2551 immanes
1431 2511 1611 2554 fuerunt3
1646 2521 1687 2549 ut
1709 2511 1837 2563 majo-

434 2591 489 2615 res
521 2576 637 2617 nostri
668 2577 924 2625 Tusculanos,
957 2581 1122 2634 AEquos‚
1151 2578 1325 2625 Volscos,
1368 2579 1541 2625 Sabinos,
1574 2577 1766 2617 Hernicos
1792 2575 1836 2615 in
