2223 3003
470 203 548 242 242
866 188 970 228 DE
1040 186 1469 228 OFFICIIS

466 291 513 330 P.
536 288 698 343 Sulpicii
717 285 978 338 eloquentiam
1010 283 1200 322 accusatio
1219 283 1435 330 illustravit,
1466 297 1559 324 cum
1589 285 1809 329 seditiosum
1830 297 1871 330 et

466 357 646 395 inutilem
666 355 806 397 civem,
837 352 886 390 C.
906 351 1158 396 Norbanum,
1190 351 1232 389 in
1255 350 1454 404 judicium
1474 352 1638 391 vocavit.
1697 355 1768 393 Sed
1789 355 1868 395 hoc

466 423 626 475 quidem
646 433 724 458 non
743 418 796 456 est
815 417 909 470 saepe
928 416 1167 463 faciendum,
1188 431 1259 456 nec
1275 431 1464 471 unquam,
1478 419 1547 457 nisi
1567 429 1633 458 aut
1647 420 1871 473 reipublice

463 487 584 531 causa,
616 495 659 523 ut
679 485 721 530 ii,
743 496 840 536 quos
861 492 948 521 ante
967 483 1049 522 dixi
1061 502 1074 529 3
1105 493 1171 522 aut
1191 484 1414 529 ulciscendi,
1436 494 1480 523 ut
1498 485 1576 524 duo
1595 485 1754 524 Luculli
1762 505 1774 531 5
1802 495 1875 526 aut

463 551 691 605 patrocinio,
713 560 756 589 ut
775 563 845 589 nos
865 564 935 604 pro
958 550 1095 589 Siculis
1107 569 1120 595 3
1151 565 1222 604 pro
1242 551 1381 596 Sardis,
1403 552 1545 603 Julius.
1592 553 1638 590 In
1658 552 1873 592 accusando

461 619 580 657 etiam
601 619 677 657 Μ’.
699 617 864 670 Aquilio
883 618 932 656 L.
955 618 1060 656 Fufii
1085 618 1243 671 cognita
1272 617 1456 656 industria
1478 619 1545 657 est.
1587 619 1711 657 Semel
1733 619 1870 672 igitur,

462 694 528 724 aut
546 699 625 724 non
645 684 740 738 saepe
755 693 881 723 certe:
904 683 958 723 fin
977 685 1064 730 erit,
1085 685 1150 723 cui
1169 683 1392 723 faciendum
1413 685 1458 724 fit
1477 685 1625 739 saepius,
1647 686 1871 738 reipublicae

461 753 607 793 tribuat
627 751 703 790 hoc
723 751 908 796 muneris,
923 752 1032 804 cujus
1053 751 1233 790 inimicos
1253 751 1385 790 ulcisci
1406 752 1554 805 saepius,
1568 765 1647 790 non
1665 751 1720 790 est
1738 765 1869 806 repre-

460 818 711 858 hendendum
726 837 738 864 3
771 818 910 857 modus
930 828 1060 856 tamen
1089 818 1196 857 adsit.
1228 819 1330 857 Duri
1361 820 1466 858 enim
1492 818 1680 865 hominis,
1712 819 1771 857 vel
1792 833 1868 873 po-

459 886 536 924 tius
556 886 622 924 vix
653 884 825 923 hominis
846 884 1012 930 videtur,
1042 884 1263 937 periculum
1295 885 1430 938 capitis
1451 885 1591 924 inferre
1611 885 1764 924 multis.
1822 885 1871 924 Id

459 965 551 990 cum
571 950 833 1005 periculosum
851 950 920 1003 ipsi
941 950 1008 996 est,
1039 959 1126 989 tum
1146 950 1264 989 etiam
1285 951 1482 990 sordidum
1502 951 1549 989 ad
1567 951 1728 997 famam,
1752 965 1868 991 com-

458 1018 626 1062 mittere,
648 1026 690 1056 ut
709 1015 903 1054 accusator
922 1015 1147 1055 nominetur
1162 1035 1175 1062 ς
1206 1017 1312 1070 quod
1332 1018 1500 1070 contigit
1519 1018 1582 1056 M.
1603 1019 1736 1063 Bruto,
1758 1018 1869 1056 sum-

459 1097 525 1122 mo
544 1097 684 1137 genere
703 1092 806 1129 nato,
837 1082 943 1122 illius
974 1082 1071 1129 filio,
1106 1083 1175 1136 qui
1200 1083 1298 1135 juris
1319 1083 1444 1122 civilis
1479 1084 1521 1122 in
1550 1084 1688 1137 primis
1719 1084 1866 1137 peritus

456 1149 547 1190 fuit.

511 1218 644 1269 Atque
676 1217 795 1255 etiam
814 1215 890 1254 hoc
918 1225 1154 1270 praeceptum
1186 1216 1306 1254 officii
1339 1216 1546 1269 diligenter
1565 1216 1777 1255 tenendum
1797 1215 1868 1261 est,

456 1296 504 1322 ne
533 1296 652 1336 quem
687 1295 860 1336 unquam
880 1283 1128 1321 innocentem
1149 1282 1301 1334 judicio
1320 1283 1456 1335 capitis
1477 1282 1628 1321 arcessas
1644 1301 1657 1328 ;
1688 1282 1728 1320 id
1757 1281 1866 1320 enim

455 1349 534 1388 fine
561 1349 698 1388 scelere
728 1349 810 1387 fieri
837 1348 947 1386 nullo
979 1349 1091 1401 pac'to
1121 1347 1258 1401 potest.
1307 1348 1415 1387 Nam
1436 1348 1531 1401 quid
1562 1348 1616 1386 est
1643 1357 1722 1386 tam
1743 1347 1865 1386 inhu-

455 1429 630 1461 manum,
677 1429 795 1469 quam
833 1414 1112 1467 eloquentiam,
1143 1428 1163 1451 a
1198 1422 1331 1452 natura
1364 1414 1410 1452 ad
1446 1415 1605 1453 salutem
1637 1414 1864 1459 hominum,

454 1490 492 1519 et
517 1482 564 1520 ad
594 1481 920 1520 conservationem
952 1480 1095 1525 datam,
1125 1480 1172 1518 ad
1192 1480 1384 1519 bonorum
1405 1481 1548 1533 pestem
1575 1481 1866 1533 perniciemque

454 1557 700 1586 convertere:
733 1561 803 1586 nec
834 1557 978 1592 tamen,
1010 1555 1054 1584 ut
1083 1545 1159 1584 hoc
1193 1545 1425 1599 fugiendum
1455 1546 1522 1592 est,
1553 1547 1606 1585 ita
1638 1545 1866 1585 habendum

453 1615 505 1653 est
525 1615 717 1668 religioni,
749 1623 956 1653 nocentem
987 1613 1209 1666 aliquando,
1240 1613 1359 1652 modo
1390 1627 1437 1651 ne
1457 1612 1648 1652 nefarium
1670 1613 1864 1666 impium-

453 1696 543 1735 que,
575 1681 791 1720 defendere.
834 1680 934 1718 Vult
965 1678 1041 1719 hoc
1076 1680 1304 1726 multitudo,
1335 1681 1481 1734 patitur
1506 1680 1758 1726 consuetudo,
1789 1679 1864 1718 fert

451 1750 568 1788 etiam
590 1748 824 1788 humanitas.
857 1747 1007 1799 Judicis
1028 1747 1094 1792 est,
1116 1746 1264 1800 semper
1283 1748 1323 1785 in
1344 1747 1462 1786 causis
1481 1761 1617 1786 verum
1637 1747 1743 1800 sequi
1759 1764 1770 1791 ς
1794 1759 1863 1799 pa-

452 1817 569 1861 troni,
602 1827 883 1866 nonnunquam
903 1813 1122 1859 verisimile,
1153 1814 1270 1852 etiam
1292 1813 1316 1851 fi
1338 1814 1468 1852 minus
1490 1813 1534 1852 fit
1554 1827 1703 1858 verum,
1725 1812 1863 1851 defen-

453 1882 562 1920 dere:
595 1881 701 1934 quod
734 1880 896 1918 scribere
929 1880 1154 1932 (praesertim
1181 1894 1274 1918 cum
1305 1881 1352 1918 de
1372 1879 1616 1933 philosophia
1636 1880 1859 1932 scriberem)

455 1962 532 1987 non
554 1948 748 1991 auderem,
782 1946 849 1984 nisi
881 1946 985 1983 idem
1017 1945 1182 1998 placeret
1202 1945 1420 1997 graviffimo
1437 1946 1654 1983 Stoicorum
1680 1947 1859 1984 Panaetio.

454 2015 632 2053 Maxime
653 2023 782 2051 autem
813 2021 851 2049 ct
881 2011 1002 2064 gloria
1032 2012 1178 2064 paritur
1197 2021 1234 2049 ct
1259 2011 1380 2063 gratia
1398 2010 1706 2055 defensionibus;
1738 2025 1862 2064 coque

453 2082 588 2134 major,
611 2081 635 2118 si
658 2079 813 2132 quando
833 2078 987 2123 accidit,
1020 2087 1062 2115 ut
1082 2078 1116 2115 ei
1138 2077 1394 2122 subveniatur,
1422 2079 1488 2130 qui
1511 2078 1678 2132 potentis
1699 2078 1861 2130 alicujus

451 2137 590 2201 opibus
612 2145 885 2185 circumveniri
907 2145 1111 2197 urgerique
1130 2145 1328 2190 videatur;
1360 2154 1403 2182 ut
1425 2158 1492 2183 nos
1513 2154 1551 2183 et
1572 2145 1665 2197 saepe
1686 2143 1791 2189 alitis,
1822 2154 1861 2183 et

453 2215 719 2258 adolescentes,
751 2222 883 2250 contra
918 2212 965 2250 L.
1001 2211 1113 2263 Syllae
1146 2211 1381 2249 dominantis
1416 2225 1505 2264 opes
1541 2225 1610 2265 pro
1645 2213 1680 2249 S.
1719 2210 1862 2250 Roscio

454 2281 642 2320 Amerino
662 2279 826 2318 fecimus
846 2294 853 2316 ε
889 2292 987 2331 qum,
1011 2288 1054 2316 ut
1076 2278 1158 2322 scis,
1180 2288 1283 2316 extat
1304 2279 1437 2316 oratio.

483 2348 572 2385 XV.
597 2346 680 2390 Sed,
703 2345 882 2398 expositis
902 2343 1202 2382 adolescentium
1223 2344 1376 2388 officiis,
1399 2358 1483 2396 quae
1504 2343 1650 2381 valeant
1671 2342 1714 2380 ad
1736 2343 1858 2395 glori-

453 2427 515 2453 am
536 2412 833 2465 adipiscendam,
866 2412 1044 2464 deinceps
1066 2411 1111 2449 de
1133 2411 1384 2449 beneficentia
1404 2424 1446 2448 nc
1478 2408 1703 2447 liberalitate
1723 2411 1858 2447 diceu-

452 2481 549 2521 dum
575 2480 654 2525 cst;
687 2481 796 2532 cujus
826 2480 877 2517 est
914 2480 1008 2518 ratio
1040 2479 1210 2532 duplex:
1254 2492 1343 2517 nam
1375 2487 1439 2516 aut
1469 2477 1583 2533 operti
1615 2478 1780 2531 benigue
1814 2477 1858 2515 fit
