2223 3003
416 261 467 306 52
701 246 804 287 DE
862 239 1517 284 DIVINATIONE

414 360 475 386 eas
494 344 654 400 quidem
673 343 881 385 cernimus,
901 341 1094 384 audimus,
1114 338 1324 391 gustamus,
1339 337 1559 381 olfacimus,
1593 337 1805 390 tangimus.

415 410 625 464 Numquid
643 422 732 460 ergo
752 409 792 445 in
822 406 869 444 iis
889 406 1000 444 rebus
1019 404 1087 450 est,
1117 403 1223 457 quod
1251 403 1476 457 provisione,
1508 411 1573 440 aut
1591 403 1804 455 permotio-

414 491 464 517 ne
481 476 622 516 mentis
642 473 779 526 magis,
811 485 928 525 quam
947 471 1081 510 natura
1099 470 1179 524 ipsa
1197 469 1432 509 sentiamus?
1462 478 1527 507 aut
1556 482 1653 507 num
1681 467 1809 506 nescio

414 542 484 595 qui
518 541 585 580 ille
613 539 780 584 divinus,
821 538 847 576 fi
880 537 1002 577 oculis
1031 546 1165 589 captus
1199 535 1256 582 sit,
1294 545 1338 574 ut
1365 535 1528 574 Tirefias
1558 533 1649 579 fuit,
1679 533 1807 587 possit,

414 621 501 661 quae
530 606 616 645 alba
644 605 731 650 sint,
760 616 845 657 quae
874 603 996 656 nigra,
1025 601 1182 640 dicere?
1213 610 1292 647 aut,
1322 601 1348 640 fi
1370 601 1503 639 surdus
1528 600 1587 645 fit,
1613 600 1810 638 varietates

414 686 574 717 vocum,
603 679 670 710 aut
701 669 837 709 modos
870 668 1052 708 noscere?
1082 667 1148 706 Ad
1180 667 1328 706 nullam
1358 666 1477 720 igitur
1509 679 1640 705 earum
1665 676 1810 709 rerum,

416 752 503 792 quae
521 736 628 776 sensu
646 736 903 789 accipiuntur,
923 733 1108 772 divinatio
1127 732 1344 771 adhibetur.
1381 731 1505 784 Atqui
1525 743 1574 769 ne
1591 731 1633 768 in
1652 731 1698 768 iis
1718 730 1811 782 qui-

417 804 508 844 dem
525 803 652 848 rebus,
675 815 761 854 quae
779 810 857 839 arte
876 800 1096 844 tradantur,
1117 797 1352 837 divinatione
1370 811 1467 852 opus
1487 796 1553 835 est.
1584 795 1745 834 Etenim
1764 794 1813 832 ad

418 883 537 924 aegros
568 882 646 909 non
679 877 796 913 vates,
825 875 891 904 aut
924 865 1106 911 hariolos,
1147 863 1210 903 sed
1238 864 1410 903 medicos
1446 863 1611 902 solemus
1644 861 1812 900 adduce-

418 951 471 976 re.
516 937 604 976 Nec
623 947 726 980 vero,
746 933 816 986 qui
835 932 991 977 fidibus,
1020 941 1086 970 aut
1105 931 1212 970 tibiis
1232 931 1289 970 uti
1307 931 1458 976 volunt,
1479 930 1526 968 ab
1546 928 1813 981 haruspicibus

418 1001 616 1055 accipiunt
633 1012 765 1038 earum
785 998 1064 1042 tractationem,
1094 996 1156 1034 sed
1188 1009 1210 1034 a
1237 995 1408 1034 muficis.
1452 995 1600 1033 Eadem
1626 994 1667 1032 in
1692 993 1814 1031 literis

418 1067 516 1107 ratio
533 1067 601 1112 est,
631 1064 862 1118 reliquisque
882 1064 1010 1108 rebus,
1039 1075 1203 1116 quarum
1223 1061 1276 1100 est
1295 1059 1510 1113 disciplina.
1554 1061 1668 1099 Num
1686 1058 1814 1098 censes

418 1146 496 1178 eos,
525 1133 593 1185 qui
619 1131 786 1169 divinare
804 1129 1001 1175 dicuntur,
1032 1128 1134 1182 pofl‘e
1154 1127 1388 1180 respondere,
1410 1127 1462 1165 sol
1483 1127 1668 1179 majorne,
1698 1135 1816 1178 quam

419 1209 518 1237 terra
538 1198 582 1236 fit
599 1198 612 1235 ?
642 1210 690 1235 an
711 1206 852 1241 tantm,
885 1204 1051 1248 quantus
1071 1194 1242 1232 videatur
1259 1193 1273 1231 ?
1303 1193 1472 1245 lunaque
1491 1192 1559 1230 suo
1575 1190 1740 1235 lumine,
1768 1204 1816 1228 an

421 1264 524 1309 solis,
555 1271 685 1302 utatur
703 1263 717 1300 ?
746 1261 815 1307 sol,
840 1262 946 1307 luna,
966 1273 1084 1314 quem
1105 1269 1260 1298 motum
1279 1257 1444 1298 habeant
1462 1259 1475 1295 Ρ
1506 1270 1624 1311 quem
1644 1258 1818 1310 quinque

422 1329 550 1375 stellae,
568 1342 654 1382 quae
672 1341 792 1366 errare
811 1327 994 1366 dicuntur
1010 1327 1024 1364 ?
1055 1326 1143 1366 Nec
1161 1323 1257 1371 haec,
1274 1325 1343 1378 qui
1362 1323 1485 1364 divini
1504 1323 1707 1367 habentur,
1725 1335 1817 1376 pro-

422 1395 581 1434 fitentur
610 1394 647 1432 se
665 1392 737 1432 ess‘e
755 1393 948 1438 dicturos,
980 1405 1051 1431 nec
1069 1404 1218 1436 eorum,
1252 1404 1337 1444 quae
1368 1391 1409 1429 in
1439 1388 1650 1444 geometria
1676 1388 1818 1426 descri-

404 1461 581 1506 buntur,
599 1473 684 1513 quae
704 1472 803 1505 vera,
819 1472 904 1512 quae
918 1457 1010 1497 falsa
1027 1458 1114 1498 fint.
1137 1459 1233 1497 Sunt
1251 1458 1358 1496 enim
1376 1469 1419 1496 ea
1437 1453 1817 1498 mathematicorum,

421 1540 500 1566 non
519 1525 772 1565 hariolorum.

478 1592 550 1630 IV.
582 1591 644 1630 De
664 1591 741 1629 illis
761 1603 848 1629 vero
876 1590 1004 1635 rebus,
1035 1602 1120 1642 quoe
1139 1589 1181 1627 in
1201 1587 1445 1641 philosophia
1462 1587 1669 1630 versantur,
1701 1597 1820 1624 num-

423 1657 518 1710 quid
536 1656 603 1701 est,
638 1655 744 1709 quod
771 1655 976 1708 quisquam
1002 1654 1224 1693 divinorum
1253 1663 1318 1692 aut
1347 1653 1568 1706 respondere
1600 1651 1728 1695 soleat,
1755 1659 1822 1688 aut

423 1723 585 1767 consuli,
627 1721 724 1775 quid
756 1722 904 1759 bonum
939 1721 997 1765 fit,
1029 1721 1124 1772 quid
1157 1719 1321 1762 malum,
1355 1717 1451 1770 quid
1483 1716 1692 1755 neutrum?
1723 1716 1820 1754 Sunt

423 1789 530 1828 enim
560 1787 642 1825 haec
673 1786 825 1839 propria
851 1783 1185 1838 philosophorum.
1222 1783 1331 1835 Qid
1350 1783 1397 1821 de
1424 1781 1585 1822 officio?
1616 1794 1712 1821 num
1732 1781 1821 1834 quis

423 1853 667 1906 haruspicem
686 1851 893 1896 consuluit,
922 1850 1254 1904 quemadmodum
1275 1849 1319 1887 fit
1348 1863 1440 1887 cum
1461 1849 1696 1902 parentibus,
1728 1861 1821 1886 cum

425 1919 623 1964 fratribus,
652 1931 746 1956 cum
764 1917 898 1956 amicis
919 1917 1126 1955 vivendum
1145 1917 1158 1954 ?
1189 1914 1520 1968 quemadmodum
1541 1914 1729 1952 utendum
1752 1926 1822 1966 pe-

427 1986 571 2025 cunia?
602 1983 932 2038 quemadmodum
963 1983 1138 2022 honore?
1170 1981 1502 2035 quemadmodum
1534 1980 1727 2034 imperio?
1759 1980 1823 2018 Ad

428 2052 613 2105 sapientes
633 2050 730 2096 haec,
752 2064 829 2088 non
848 2049 895 2088 ad
914 2049 1079 2094 divinos,
1102 2048 1229 2088 referri
1249 2048 1382 2087 solent.
1425 2047 1533 2100 Qid
1552 2048 1565 2086 ?
1601 2060 1685 2099 quae
1701 2059 1722 2084 a
1741 2046 1823 2084 dia-

428 2119 578 2157 lecticis
594 2127 658 2156 aut
680 2116 842 2171 physicis
863 2117 1083 2161 tractantur,
1113 2129 1209 2154 num
1230 2116 1318 2168 quis
1337 2128 1471 2154 eorum
1491 2114 1658 2152 divinare
1687 2113 1823 2167 potest,

429 2183 575 2222 unusne
595 2183 763 2222 mundus
784 2182 842 2228 fit,
873 2195 918 2220 an
939 2183 1065 2235 plures
1084 2182 1096 2219 ?
1128 2195 1212 2234 quae
1233 2181 1304 2220 sint
1324 2181 1434 2220 initia
1454 2193 1594 2225 rerum,
1615 2193 1662 2218 cx
1683 2179 1824 2232 quibus

429 2251 636 2291 nascuntur
654 2250 785 2288 omnia
801 2250 814 2286 ?
840 2248 1089 2301 Physicorum
1107 2249 1160 2286 est
1177 2249 1242 2286 ista
1257 2248 1472 2302 prudentia.
1496 2249 1589 2299 Qo
1608 2245 1739 2290 m0d0‚
1761 2254 1826 2283 aut

430 2317 700 2360 mentientem,
731 2328 850 2366 quem
881 2308 1074 2363 ψιυὸόμενον
1105 2324 1257 2359 vocant,
1291 2312 1495 2353 dissolvas?
1540 2321 1604 2351 aut
1636 2311 1826 2365 quemad-

431 2382 595 2421 modum
617 2381 719 2420 soriti
742 2381 878 2419 resistas
898 2381 911 2417 ?
942 2394 1074 2432 quem,
1107 2380 1131 2418 si
1154 2379 1294 2419 necesse
1323 2380 1381 2425 sit,
1413 2380 1552 2419 Latino
1578 2380 1696 2417 verbo
1715 2379 1827 2415 liccat

428 2449 629 2489 acervalem
648 2447 861 2501 appellarc;
893 2445 952 2485 scd
985 2446 1082 2484 nihil
1104 2461 1200 2500 opus
1226 2446 1304 2485 est:
1337 2456 1379 2484 ut
1409 2447 1513 2485 enim
1547 2445 1622 2498 ipsa
1654 2443 1825 2497 philoso-

432 2514 538 2570 phia,
568 2525 604 2553 et
625 2515 748 2553 multa
767 2515 879 2553 verba
897 2515 1140 2558 Gra-corum,
1164 2514 1211 2552 sic
1238 2514 1365 2552 sorites
1395 2513 1478 2551 satis
1497 2513 1636 2551 Latino
1657 2511 1827 2549 sermone

431 2582 545 2622 tritus
565 2581 632 2621 est.
659 2581 764 2635 Ergo
782 2580 864 2622 haec
880 2594 1034 2635 quoquc
1053 2580 1241 2621 dialectici
1256 2580 1400 2626 dicent,
1421 2592 1499 2619 non
1516 2578 1652 2618 divini.
1688 2575 1826 2629 Qid?
