2223 3003
432 219 506 271 146
835 217 940 256 DE
1012 216 1413 256 LEcrssus

426 319 632 359 collocatos
651 323 803 370 putent.
845 314 953 353 Nam
972 313 1071 351 illud
1100 313 1283 352 vitiosum
1303 312 1483 359 Athenis,
1510 312 1630 365 quod,
1658 314 1824 366 Cylonio

427 385 564 424 scelere
589 382 756 435 expiato,
789 378 1021 432 Epimenide
1043 380 1157 417 Crete
1186 378 1378 424 suadente,
1410 377 1586 417 fecerunt
1606 379 1825 418 Contume-

425 450 486 489 liae
511 449 646 488 fanum
675 454 714 484 et
744 444 1015 498 Impudentiae.
1047 445 1222 483 Virtutes
1251 445 1372 490 enim,
1404 458 1482 483 non
1502 445 1595 483 vitia
1612 444 1827 483 consecrare

425 516 549 553 decet.
580 515 736 565 Araque
754 519 862 549 vetus
883 510 952 549 stat
977 511 1018 549 in
1041 511 1200 556 Palatio,
1233 511 1390 550 Febris:
1422 520 1460 549 et
1479 511 1594 549 altera
1613 509 1825 563 Exquiliis,

424 580 544 619 Malae
564 579 768 618 Fortunae:
800 590 885 630 quae
919 577 1050 615 omnia
1079 576 1268 629 ejusmodi
1287 576 1503 615 detestanda
1531 586 1569 614 et
1595 575 1829 629 repudianda

425 645 525 684 sunt.
571 643 691 696 Qod
720 643 747 682 fi
767 642 945 696 fingenda
975 643 1135 682 nomina
1154 643 1260 681 Vicae
1291 644 1410 688 Potae,
1442 642 1622 695 fingenda
1650 642 1778 695 potius
1805 654 1828 678 a

424 710 630 756 vincendo,
663 717 780 762 atque
812 708 1016 762 potiundo,
1052 708 1289 761 fistendoque
1319 709 1555 762 cognomina
1585 707 1756 752 Statoris,
1787 715 1827 745 et

423 776 566 817 Inviffi
581 775 689 828 Jovis
701 793 714 821 5
736 787 942 827 rerumque
955 775 1255 827 expetendarum
1271 775 1442 820 nomina,
1464 774 1617 819 Salutis,
1635 773 1826 818 Honoris,

425 843 542 896 Opis,
564 841 768 880 Victoriae:
791 840 1054 892 quoniamque
1069 840 1331 893 expestatione
1350 854 1478 879 rerum
1498 841 1688 879 bonarum
1708 839 1827 892 erigi-

423 918 488 950 tur
507 909 674 953 animus,
695 908 793 946 recte
812 906 929 945 etiam
948 920 969 944 a
989 906 1167 946 Calatino
1183 908 1273 960 Spes
1292 906 1508 947 consecrata
1524 907 1600 946 est:
1632 907 1826 946 Fortuna-

423 988 500 1029 que
518 975 564 1013 fit
583 974 642 1013 vel
662 972 819 1026 qu'zgsce
836 971 916 1018 cliei,
948 986 1039 1011 nam
1059 973 1158 1012 valet
1178 974 1218 1011 in
1239 985 1372 1011 omnes
1403 973 1484 1012 dies
1500 992 1511 1018 5
1533 973 1594 1011 vel
1614 973 1827 1026 Respiciens,

423 1041 471 1079 ad
490 1053 607 1093 opem
636 1037 835 1077 ferendam
851 1056 863 1084 5
894 1038 954 1076 vel
985 1040 1093 1084 Fors,
1124 1039 1164 1077 in
1185 1051 1264 1091 quo
1284 1037 1420 1076 incerti
1439 1037 1544 1076 casus
1565 1037 1830 1090 significantur

424 1106 547 1158 magis
564 1124 577 1151 5
608 1105 668 1143 vel
688 1103 925 1157 Primigenia,
948 1118 967 1142 a
986 1104 1181 1157 gignendo
1200 1117 1344 1142 comes.
1367 1105 1478 1142 Tum
1499 1105 1522 1129 ’Κ
1541 1104 1565 1129 ³²⁵
1581 1104 1606 1129 ἥ

469 1171 564 1210 ΧΠ.
597 1170 796 1209 Feriarum
821 1168 1085 1222 festorumque
1105 1170 1256 1208 dierum
1276 1171 1372 1208 ratio
1401 1171 1440 1208 in
1460 1169 1592 1208 liberis
1613 1169 1828 1222 requietem

422 1236 541 1275 habet
559 1236 693 1274 litium
712 1245 751 1273 et
765 1236 1012 1287 jurgiorum5
1045 1236 1086 1272 in
1105 1235 1232 1279 servis,
1264 1248 1426 1287 operum
1442 1243 1480 1272 et
1500 1234 1676 1274 laborum
1688 1252 1701 1279 5
1732 1247 1827 1286 quas

423 1300 656 1355 compositor
675 1300 766 1338 anni
785 1298 959 1338 conferre
979 1299 1092 1338 debet
1111 1308 1149 1337 et
1169 1299 1215 1337 ad
1235 1298 1511 1352 perfeftionem
1531 1313 1692 1353 operum
1712 1299 1827 1337 rusti-

423 1380 576 1407 corum.
598 1365 719 1418 Qod
739 1374 908 1418 tempus,
930 1374 973 1403 ut
993 1364 1266 1403 sacrificiorum
1287 1364 1497 1403 libamenta
1516 1365 1723 1410 serventur,
1750 1363 1826 1403 foe-

422 1432 561 1485 tusque
580 1444 782 1485 pecorum,
801 1443 888 1483 quae
907 1429 1006 1468 dieta
1025 1430 1066 1468 in
1085 1430 1169 1483 lege
1189 1429 1290 1476 sunt,
1315 1430 1519 1483 diligenter
1538 1430 1714 1469 habenda
1733 1431 1828 1469 ratio

423 1497 674 1537 intercalandi
703 1496 783 1543 est5
815 1495 922 1549 quod
951 1495 1172 1534 institutum
1203 1497 1324 1549 perite
1358 1510 1378 1533 a
1412 1497 1548 1534 Numa
1574 1496 1829 1549 posteriorum

422 1563 663 1604 Pontificum
696 1562 932 1616 negligentia
964 1561 1189 1601 dissolutum
1219 1562 1285 1601 est.
1317 1560 1405 1613 Jam
1437 1562 1535 1601 illud
1565 1576 1612 1601 ex
1643 1562 1828 1601 institutis

423 1629 665 1669 Pontificum
683 1637 723 1667 et
740 1626 989 1682 haruspicum
1009 1642 1087 1667 non
1104 1628 1336 1667 mutandum
1353 1627 1419 1674 est,
1437 1629 1579 1681 quibus
1596 1628 1728 1668 hostiis
1747 1630 1827 1668 im-

422 1696 651 1736 molandum
671 1695 813 1748 cuique
833 1695 937 1741 Deo,
957 1695 1022 1733 cui
1042 1695 1268 1748 majoribus,
1288 1695 1354 1733 cui
1379 1695 1624 1740 lactentibus,
1656 1695 1721 1733 cui
1741 1709 1827 1733 ma-

425 1763 545 1808 ribus,
566 1762 630 1801 cui
649 1760 838 1800 foeminis.
870 1761 1004 1799 Plures
1027 1771 1156 1800 autem
1177 1763 1354 1800 Deorum
1374 1761 1570 1805 omnium,
1591 1760 1729 1813 singuli
1750 1761 1826 1799 fin-

424 1829 608 1881 gulorum
629 1826 848 1871 sacerdotes,
881 1836 919 1864 et
939 1827 1189 1879 respondendi
1205 1828 1318 1879 juris,
1350 1836 1388 1865 et
1407 1826 1714 1866 confitendarum
1734 1827 1827 1865 reli-

424 1893 587 1945 gionum
619 1890 842 1928 fixcultatem
871 1889 1047 1928 afferunt.
1095 1892 1277 1943 Cumque
1299 1891 1423 1935 Vesta,
1449 1891 1552 1943 quasi
1573 1891 1682 1929 focus
1704 1892 1826 1936 urbis,

426 1968 469 1995 ut
490 1959 627 1995 Graeco
649 1955 804 1994 nomine
833 1956 885 1994 est
906 1956 1093 2009 appellata
1126 1957 1248 2009 (quod
1272 1970 1339 1995 nos
1371 1970 1488 2010 prope
1514 1957 1618 1994 idem
1641 1958 1827 1995 Graecum

425 2024 720 2076 interpretatum
741 2035 883 2061 nomen
907 2024 1101 2074 tenemus)
1124 2023 1323 2076 conspecta
1344 2023 1414 2068 sit5
1446 2023 1479 2060 ci
1510 2023 1679 2061 colendae
1707 2024 1826 2075 virgi-

427 2103 490 2127 nes
513 2089 676 2141 praesint,
698 2097 741 2126 ut
760 2088 987 2141 advigilctur
1007 2088 1158 2127 facilius
1175 2089 1220 2127 ad
1239 2089 1449 2128 custodiam
1473 2089 1586 2142 ignis,
1609 2099 1646 2127 et
1668 2088 1829 2127 sentiant

425 2154 603 2193 mulieres
626 2155 664 2192 in
688 2163 819 2192 natura
838 2152 1081 2193 faeminarum
1103 2168 1262 2193 omnem
1282 2155 1490 2193 castitatem
1515 2155 1604 2209 peti.

479 2221 598 2273 Qod
629 2220 797 2274 sequitur
831 2234 932 2265 vcro,
965 2235 1040 2259 non
1074 2221 1197 2260 solum
1219 2222 1265 2260 ad
1296 2222 1522 2275 religionem
1556 2222 1734 2275 pertinet,
1768 2221 1826 2259 scd

425 2288 541 2325 etiam
563 2287 607 2324 ad
629 2287 795 2325 civitatis
816 2286 970 2331 statum,
1005 2297 1045 2325 ut
1066 2287 1142 2326 sine
1164 2288 1224 2333 iis,
1253 2289 1319 2341 qui
1342 2288 1451 2326 sacris
1473 2288 1628 2341 publice
1650 2287 1825 2340 praesunt,

426 2353 601 2405 religioni
634 2353 785 2405 privatae
802 2352 1010 2391 liitisfaccre
1030 2368 1104 2392 non
1126 2353 1278 2407 poffint.
1312 2354 1497 2392 Continet
1519 2353 1638 2395 enim.
1670 2354 1825 2405 reipub-

426 2421 509 2458 licae
529 2419 701 2463 consilio,
733 2428 769 2457 ct
790 2421 1010 2458 austoritate
1041 2421 1291 2474 optimatium
1327 2421 1469 2472 semper
1501 2420 1690 2473 populum
1723 2421 1825 2457 indi-

426 2499 527 2538 gere.
565 2484 860 2538 Descriptioque
894 2485 1131 2526 sacerdotum
1161 2486 1313 2526 nullum
1338 2486 1447 2539 justa:
1484 2486 1678 2538 religionis
1704 2499 1826 2539 genus
