2223 3003
723 211 998 251 LIBER
1056 209 1554 250 SECUNDUS.
1787 225 1842 266 77

447 324 524 349 non
546 309 848 364 superstitionem
864 309 1015 356 habeas,
1036 310 1097 349 sed
1118 309 1318 355 rationem,
1341 309 1479 348 ducem
1498 310 1511 347 ?
1534 310 1640 348 Itane
1659 310 1671 347 ?
1695 309 1733 348 Si
1753 311 1840 363 quis

446 377 591 429 aliquid
611 390 658 415 ex
679 376 741 414 sua
761 389 813 421 re,
843 385 956 429 atque
976 390 1023 415 ex
1054 376 1120 414 suo
1140 376 1309 414 sermone
1329 376 1482 421 dixerit,
1512 385 1549 414 et
1568 377 1649 428 ejus
1676 376 1839 415 verbum

446 442 602 494 aliquod
620 451 704 494 apte
724 442 903 479 ceciderit
923 441 968 478 ad
987 441 1042 485 id,
1064 442 1168 492 quod
1188 454 1288 493 ages,
1315 450 1379 478 aut
1399 441 1599 493 cogitabis,
1626 455 1667 479 ea
1686 454 1743 479 res
1763 442 1836 480 tibi

445 516 510 544 aut
531 508 710 545 timorem
730 505 873 549 afferet,
894 513 959 542 aut
977 505 1212 542 alacritatem
1231 506 1244 541 ?

501 573 605 610 Cum
627 572 689 609 M.
713 568 860 607 Crafl‘us
879 569 1092 606 exercitum
1123 569 1313 607 Brundisii
1344 571 1570 621 imponeret,
1606 573 1764 624 quidam
1793 573 1835 612 in

443 645 557 688 portu
577 635 715 673 caricas
738 635 873 672 Cauno
892 634 1061 672 adveofitas
1082 634 1262 679 vendens,
1294 635 1470 680 Cauneas,
1491 636 1724 676 clamitabat.
1757 639 1834 676 Di-

444 714 589 746 camus,
611 700 637 738 fi
657 701 795 753 placet,
817 701 1013 738 monitum
1034 700 1079 738 ab
1099 713 1144 738 eo
1165 700 1354 745 Craffum,
1380 710 1540 746 caveret,
1562 715 1608 739 ne
1628 703 1698 740 iret
1716 718 1724 741 :
1756 717 1835 742 non

442 765 553 804 fuiffe
585 767 813 819 periturum,
845 765 870 803 fi
903 767 1027 804 omini
1046 765 1236 819 paruiffet.
1282 768 1381 818 Qae
1400 767 1426 805 fi
1446 766 1708 819 suscipiamus,
1730 770 1835 820 pedis

443 830 599 869 offenfio
619 831 744 876 nobis,
770 840 808 868 et
828 831 1006 884 abruptio
1023 832 1210 884 corrigiae,
1240 841 1278 870 et
1303 832 1598 870 sternutamenta
1624 841 1736 870 erunt
1762 835 1835 871 ob-

440 895 628 935 servanda.
661 898 784 935 Sortes
805 896 955 942 restant,
976 906 1014 935 et
1035 896 1207 935 Chaldaei
1223 916 1234 942 ;
1259 906 1300 935 ut
1319 897 1366 935 ad
1383 907 1484 936 vates
1505 897 1716 943 veniamus,
1737 907 1774 936 et
1789 899 1837 937 ad

442 960 602 1001 somnia.
634 962 859 1000 Dicendum
879 963 996 1015 igitur
1016 973 1123 1015 putas
1144 963 1190 1001 de
1211 963 1373 1001 sortibus
1392 963 1405 1000 ?

496 1028 606 1066 XLI.
639 1028 747 1078 Qid
767 1028 874 1065 enim
894 1028 969 1066 sors
995 1028 1047 1066 est
1070 1028 1082 1065 ?
1113 1029 1218 1066 idem
1235 1028 1532 1081 propemodum,
1554 1028 1657 1080 quod
1678 1029 1836 1073 micare,

441 1093 549 1144 quod
582 1093 676 1131 talos
702 1094 841 1145 jacere,
873 1094 977 1146 quod
1010 1093 1181 1132 tefferas:
1214 1095 1355 1146 quibus
1376 1095 1415 1132 in
1436 1095 1546 1132 rebus
1576 1095 1767 1132 temeritas
1797 1103 1837 1132 et

441 1159 560 1203 casus,
592 1173 669 1197 non
689 1159 798 1203 ratio,
829 1173 899 1196 nec
925 1159 1129 1197 confilium
1150 1159 1262 1197 valet.
1313 1161 1415 1197 Tota
1435 1173 1490 1197 res
1517 1160 1569 1197 est
1587 1160 1741 1197 inventa
1760 1159 1835 1197 fal-

441 1225 563 1270 laciis,
593 1235 658 1263 aut
687 1225 733 1263 ad
763 1225 963 1277 quaestum,
995 1234 1058 1263 aut
1086 1225 1132 1262 ad
1159 1225 1476 1277 superstitionem,
1506 1236 1571 1263 aut
1589 1227 1635 1263 ad
1652 1239 1839 1265 errorem.

441 1292 573 1343 Atque
603 1300 647 1329 ut
675 1291 716 1329 in
748 1289 988 1343 haruspicina
1013 1290 1194 1335 fecimus,
1225 1290 1274 1328 fic
1304 1290 1515 1335 videamus,
1547 1290 1835 1329 clariffimarum

441 1358 600 1396 sortium
621 1371 706 1410 quae
727 1357 893 1395 tradatur
912 1358 1098 1398 inventio.
1127 1357 1370 1397 Numerium
1391 1356 1609 1395 Suffucium
1637 1357 1841 1396 Praenesti-

442 1437 582 1462 norum
603 1432 855 1462 monumenta
875 1423 1078 1469 declarant,
1112 1422 1315 1462 honestum
1345 1422 1548 1461 hominem
1579 1432 1616 1461 et
1647 1423 1836 1468 nobilem,

443 1488 600 1526 somniis
633 1490 789 1533 crebris,
819 1489 865 1526 ad
898 1498 1117 1528 extremum
1151 1489 1266 1527 etiam
1297 1489 1529 1534 minacibus,
1560 1501 1652 1527 cum
1676 1489 1836 1541 jubere-

442 1563 505 1590 tur
533 1563 635 1591 certo
666 1553 706 1591 in
739 1554 826 1592 loco
860 1554 1005 1592 filicem
1038 1554 1192 1598 caedere,
1230 1555 1474 1606 perterritum
1508 1554 1609 1598 vifis,
1637 1554 1834 1591 irridenti-

445 1619 516 1656 bus
541 1618 614 1656 suis
644 1618 809 1663 civibus,
841 1618 879 1655 id
902 1631 1010 1670 agere
1029 1619 1207 1670 coepiffe:
1239 1620 1367 1670 itaque
1387 1618 1572 1670 perfrac'to
1605 1618 1690 1656 saxo
1720 1618 1835 1656 sortes

441 1683 615 1735 erupiffe,
645 1685 685 1721 in
717 1684 851 1721 robore
870 1683 1076 1736 insculptas
1096 1683 1302 1736 priscarum
1333 1683 1529 1721 literarum
1555 1683 1669 1720 notis.
1717 1684 1752 1720 Is
1782 1683 1836 1720 est

441 1747 556 1786 hodie
590 1749 697 1787 locus
733 1748 858 1800 septus
894 1748 1065 1800 religiose
1100 1758 1256 1800 propter
1287 1749 1394 1798 Jovis
1435 1749 1557 1800 pueri,
1593 1749 1661 1800 qui
1694 1749 1833 1787 lastens

441 1827 534 1851 cum
564 1815 717 1864 Junone
749 1814 928 1852 Fortunae
959 1814 999 1850 in
1033 1813 1182 1865 gremio
1213 1813 1357 1857 sedens,
1390 1826 1602 1851 mammam
1636 1822 1834 1865 appetens,

440 1879 638 1917 castiffime
669 1879 811 1916 colitur
838 1892 859 1916 a
889 1878 1090 1916 matribus.
1135 1879 1363 1929 Eodemque
1392 1887 1578 1930 tempore,
1609 1879 1647 1915 in
1669 1892 1713 1914 eo
1732 1878 1838 1924 loco,

441 1945 509 1983 ubi
531 1945 710 1983 Fortunae
729 1958 831 1982 nunc
852 1944 918 1982 fita
936 1943 990 1981 est
1009 1943 1118 1988 aedes,
1141 1944 1218 1981 mel
1239 1956 1284 1981 ex
1305 1944 1387 1981 olea
1406 1943 1552 1981 fluxiss‘e
1572 1944 1731 1988 dicunt,
1762 1943 1836 1981 ha·

440 2010 679 2063 ruspicesque
713 2010 858 2055 dixiffe,
889 2007 1040 2048 summa
1073 2009 1274 2047 nobilitate
1307 2009 1389 2046 illas
1422 2009 1536 2047 sortes
1571 2008 1732 2054 futuras,
1766 2023 1833 2047 eo-

441 2089 604 2128 rumque
633 2075 736 2129 juffu
769 2089 816 2114 ex
847 2076 913 2114 illa
943 2076 1027 2113 olea
1055 2089 1180 2113 arcam
1205 2075 1276 2113 effe
1303 2074 1438 2112 faetam
1456 2093 1469 2120 ;
1514 2075 1633 2126 efique
1661 2075 1834 2112 conditas

441 2141 570 2186 sortes,
590 2155 675 2193 quae
694 2140 808 2180 hodie
825 2143 1004 2180 Fortunae
1025 2141 1178 2178 monitu
1208 2140 1411 2178 tolluntur.
1447 2140 1553 2190 Qid
1575 2140 1692 2191 igitur
1712 2140 1750 2177 in
1772 2139 1831 2177 his

438 2207 562 2261 potest
579 2207 649 2245 effe
669 2208 776 2252 certi,
810 2221 909 2259 quae,
941 2208 1120 2245 Fortunae
1143 2207 1310 2251 monitu,
1341 2206 1448 2258 pueri
1470 2219 1587 2243 manu
1608 2205 1831 2250 miscentur,

438 2282 552 2326 atque
571 2273 766 2312 ducuntur
783 2274 796 2310 ?
819 2275 911 2324 Qo
929 2273 1046 2311 modo
1064 2282 1192 2310 autem
1212 2273 1286 2310 istae
1306 2273 1433 2324 pofitae
1454 2273 1491 2309 in
1511 2271 1578 2309 illo
1594 2272 1707 2309 loco?
1731 2272 1831 2322 Qis

439 2338 554 2376 robur
572 2338 671 2376 illud
691 2338 843 2383 cecidit,
864 2338 1020 2382 dolavit,
1038 2337 1222 2390 inscripsit
1244 2337 1256 2373 ?
1288 2336 1402 2375 Nihil
1421 2337 1489 2381 est,
1513 2337 1709 2388 inquiunt,
1728 2336 1832 2388 quod

441 2403 546 2442 Deus
567 2404 715 2442 efficere
735 2418 812 2443 non
829 2404 953 2457 poffit.
986 2404 1150 2442 Utinam
1181 2403 1362 2456 sapientes
1395 2403 1539 2440 Stoicos
1563 2402 1753 2446 effecisset,
1784 2414 1833 2438 ne

442 2469 571 2507 omnia
599 2469 850 2523 superstitiosfi
868 2470 1127 2509 sollicitudine
1156 2480 1194 2509 et
1224 2469 1374 2508 miseria
1402 2469 1622 2508 crederent!
1657 2468 1727 2506 Sed
1754 2467 1831 2505 hoc
