2223 3003
459 216 535 260 188
851 214 957 252 DE
1026 211 1454 252 OFFICIIS

455 319 690 371 Qanquam
720 313 760 351 id
790 325 934 351 nomen
968 311 1100 350 durius
1129 311 1213 363 jam
1243 309 1371 349 effecit
1393 309 1580 349 vetustas:
1610 322 1632 349 a
1649 313 1852 366 peregrino

452 385 559 424 enim
581 379 737 424 receffit,
759 389 795 417 et
816 377 969 432 proprie
989 377 1030 415 in
1050 390 1108 423 eo,
1127 377 1197 430 qui
1216 390 1321 416 arma
1339 386 1473 415 contra
1491 375 1621 423 ferret,
1643 379 1832 418 remanfit.

509 451 615 488 Cum
635 459 722 484 vero
753 445 799 482 de
832 445 996 497 imperio
1025 443 1253 489 decertatur,
1289 443 1470 496 belloque
1500 443 1684 496 quaeritur
1716 443 1852 497 gloria,

452 514 578 554 causas
603 511 765 551 omnino
795 509 936 549 subess'e
970 519 1098 548 tamen
1128 518 1280 563 oportet
1310 509 1474 556 easdem,
1504 523 1598 562 quas
1634 510 1715 548 dixi
1738 510 1854 563 paulo

453 589 540 619 ante
567 577 684 632 justas
703 575 828 615 causas
849 575 920 614 effe
950 575 1160 614 bellorum.
1206 575 1279 614 Sed
1312 589 1354 613 ea
1384 575 1498 621 bella,
1529 576 1670 629 quibus
1699 575 1854 629 imperii

452 646 574 702 gloria
592 643 784 698 proposita
811 643 878 688 est,
910 643 1041 681 minus
1062 642 1195 681 acerbe
1214 643 1379 695 gerenda
1398 642 1499 681 sunt.
1545 643 1602 680 Ut
1629 643 1734 680 enim
1761 655 1854 680 cum

453 713 531 753 civi
550 711 660 750 aliter
688 709 975 754 contendimus,
1006 709 1032 747 fi
1064 708 1118 747 est
1147 709 1330 748 inimicus
1345 727 1357 754 ς
1390 708 1513 754 aliter,
1544 708 1571 746 fi
1595 709 1852 761 competitor:

454 793 549 820 cum
567 777 687 816 altero
705 785 900 815 certamen
920 774 1078 813 honoris
1098 784 1136 813 et
1155 775 1355 828 dignitatis
1375 774 1427 812 est
1443 793 1455 819 ;
1487 788 1580 813 cum
1610 774 1729 812 altem
1746 775 1855 826 capi-

452 847 503 886 tis
523 854 561 883 et
581 843 693 882 famae
707 860 720 886 ;
751 841 801 879 fic
821 854 915 879 cum
935 839 1156 885 Celtiberis,
1188 853 1282 878 cum
1304 840 1476 878 Cimbris
1503 840 1667 899 bellue,
1699 849 1742 877 ut
1762 853 1856 878 cum

453 910 640 954 inimicis,
658 907 872 961 gerebatur,
894 915 979 945 uter
997 905 1101 951 esset,
1124 919 1202 944 non
1222 914 1308 944 uter
1326 905 1552 959 imperaret,
1574 920 1667 945 curn
1688 906 1854 950 Latinis,

453 974 617 1019 Sabinis,
659 971 911 1016 Samnitibus,
949 971 1094 1016 Poenis,
1126 969 1274 1023 Pyrrho
1306 971 1353 1009 de
1388 972 1552 1025 imperio
1583 971 1854 1010 dimicabatur.

453 1040 566 1081 Poeni
586 1037 796 1091 foedifragi,
818 1036 983 1075 crudelis
1004 1036 1191 1083 Annibal,
1213 1036 1353 1090 reliqui
1367 1037 1558 1090 justiores.
1604 1037 1742 1090 Pyrrhi
1762 1037 1858 1090 qui-

451 1107 542 1147 dem
563 1106 610 1146 de
630 1104 790 1158 captivis
811 1103 1027 1150 reddendis,
1048 1103 1116 1142 illa
1134 1104 1311 1158 praeclara
1325 1123 1339 1151 ς

591 1174 671 1214 Nec
689 1172 743 1210 mi
756 1185 886 1210 aurum
898 1173 1013 1225 posco,
1043 1186 1107 1212 nec
1123 1173 1178 1210 mi
1182 1172 1344 1225 pretium
1362 1171 1527 1211 dederitis
1541 1191 1556 1220 5

590 1241 672 1278 M’c
689 1247 927 1292 cauponantes
945 1238 1084 1284 bellum,
1100 1237 1174 1292 st’d
1186 1238 1430 1292 belligerantes
1446 1257 1458 1284 ς

589 1307 722 1350 Ferro,
751 1318 820 1343 non
836 1319 940 1350 auro,
969 1305 1088 1344 vitam
1106 1319 1292 1344 cernamus
1310 1305 1468 1358 utrique.

592 1373 699 1425 Vosne
717 1372 820 1417 velit,
850 1386 898 1410 an
917 1385 970 1410 me
988 1386 1142 1425 regnare
1161 1372 1263 1417 hera,
1293 1371 1423 1425 quidve
1427 1372 1540 1424 serat
1545 1370 1650 1424 sors,

591 1438 738 1478 Virtute
756 1437 995 1490 experiamur.
1027 1439 1082 1476 Et
1101 1438 1284 1489 hocstmul
1297 1438 1416 1490 accipe
1435 1437 1566 1475 duflum
1578 1452 1593 1475 .-

591 1505 750 1555 Qorum
770 1503 914 1542 virtuti
929 1503 1012 1541 belli
1010 1503 1176 1556 fortuna
1187 1504 1365 1555 pepercit,

588 1568 791 1608 Eorundem
809 1583 862 1607 me
880 1568 1048 1607 libertati
1055 1577 1210 1621 parcere
1228 1579 1366 1607 certum
1385 1568 1429 1621 cst
1443 1585 1457 1607 .-

587 1636 710 1680 Dono,
731 1634 860 1679 ducite,
881 1633 1002 1688 doque,
1033 1634 1225 1674 volentibu'
1246 1649 1324 1674 cum
1343 1635 1481 1687 magnis
1500 1635 1602 1674 Diis.

505 1702 621 1741 XIII.
649 1701 807 1754 Regalis
828 1700 912 1738 sane
932 1710 970 1738 et
990 1700 1106 1753 digna
1125 1701 1373 1740 AEacidarum
1394 1711 1509 1754 gente
1529 1701 1726 1739 sententia.
1776 1702 1855 1739 At-

450 1782 527 1822 que
544 1768 660 1806 etiam
681 1767 707 1806 fi
728 1767 823 1819 quid
842 1766 996 1820 finguli,
1019 1768 1260 1820 temporibus
1280 1767 1447 1810 adducti,
1475 1765 1573 1805 hosti
1596 1766 1854 1820 promiserint,

451 1835 505 1872 est
523 1837 564 1871 in
594 1846 640 1871 eo
659 1832 740 1884 ipso
771 1831 864 1870 fides
895 1832 1173 1871 conservanda:
1205 1842 1248 1870 ut
1275 1833 1403 1885 primo
1424 1832 1573 1870 Punico
1594 1832 1697 1870 bello
1718 1833 1854 1885 Regu·-

452 1900 512 1938 lus
532 1907 665 1951 captus
686 1911 705 1934 a
726 1898 870 1941 Poenis,
901 1910 994 1934 cum
1015 1897 1061 1933 de
1080 1897 1240 1948 captivis
1261 1898 1548 1934 commutandis
1570 1898 1739 1935 Romam
1762 1898 1855 1935 inis-

452 1966 512 2004 sus
534 1964 635 2009 esset,
662 1962 894 2015 jurassetque
914 1962 949 2000 se
970 1961 1214 2005 rediturum;
1246 1960 1433 2014 primum,
1468 1971 1509 1999 ut
1531 1963 1648 2006 venit,
1684 1964 1855 2015 captivos

451 2030 662 2070 reddendos
682 2030 722 2067 in
743 2029 871 2066 senatu
892 2042 969 2066 non
990 2027 1161 2066 censuit:
1194 2028 1344 2073 deinde,
1367 2042 1458 2065 cum
1481 2029 1703 2066 retineretur
1724 2042 1743 2065 a
1764 2043 1854 2081 pro-

452 2096 624 2150 pinquis,
645 2104 683 2133 et
703 2095 750 2132 ab
771 2093 920 2138 amicis,
953 2093 998 2131 ad
1018 2093 1255 2146 supplicium
1284 2094 1404 2132 redire
1423 2093 1575 2139 maluit,
1598 2108 1714 2146 quam
1737 2093 1853 2133 fidem

452 2163 551 2202 hosti
572 2163 698 2200 datam
720 2160 865 2199 fallere.

509 2231 568 2267 Ac
590 2229 636 2267 de
657 2228 806 2266 bellicis
828 2226 988 2279 quidem
1008 2226 1147 2265 officiis
1170 2226 1254 2264 satis
1275 2226 1422 2265 dictum
1443 2227 1507 2265 est.
1553 2227 1854 2266 Meminerimus

454 2306 598 2338 autem,
619 2296 735 2333 etiam
757 2293 929 2332 adversus
950 2293 1105 2332 infimos
1120 2294 1308 2345 justitiam
1329 2293 1399 2331 effe
1429 2294 1659 2331 servandam.
1699 2293 1764 2331 Est
1786 2307 1854 2331 au-

456 2371 534 2400 tem
555 2360 688 2398 infima
704 2360 876 2398 conditio
895 2369 933 2397 et
953 2358 1106 2398 fortuna
1127 2359 1317 2398 servorum
1334 2377 1343 2402 ;
1366 2360 1521 2412 quibus,
1543 2373 1619 2397 non
1642 2359 1740 2397 male
1757 2373 1854 2412 prac-

455 2428 619 2481 cipiunt,
642 2427 709 2479 qui
731 2427 782 2463 ita
797 2426 937 2477 jubent
958 2426 1030 2471 uti,
1059 2435 1101 2464 ut
1121 2425 1388 2464 mercenariis:
1420 2438 1574 2478 operam
1596 2425 1853 2478 exigendam3

450 2495 549 2547 justa
570 2493 784 2546 przcbenda.

504 2562 609 2599 Cum
630 2569 758 2600 autem
775 2559 924 2600 duobus
941 2559 1082 2605 modis,
1100 2559 1139 2600 id
1154 2559 1220 2604 est,
1237 2568 1300 2598 aut
1318 2558 1370 2607 vi,
1388 2568 1452 2599 aut
1467 2557 1598 2599 fraude
1614 2558 1679 2598 fiat
1694 2556 1854 2612 injuriam
