2223 3003
688 230 968 272 LIBER
1024 229 1440 271 TERTIUS.
1689 238 1765 268 εν

1718 261 1729 282 s
1746 259 1780 282 a*

422 330 535 369 XIV.
567 329 686 382 Qod
720 329 745 367 fi
772 329 1014 382 vituperandi
1034 328 1134 374 sunt,
1166 329 1235 381 qui
1261 329 1511 372 reticuerunt,
1541 325 1633 378 quid
1656 325 1701 363 de
1723 326 1768 363 iis

365 396 665 436 existimandum
685 396 750 440 est,
773 397 842 448 qui
868 395 1049 434 orationis
1069 395 1277 433 vanitatem
1297 393 1585 432 adhibuerunt?
1618 393 1666 430 C.
1691 393 1768 430 Ca-

369 463 472 507 nius,
504 475 619 515 eques
640 462 855 506 Romanus,
886 475 955 499 nec
986 459 1186 505 infacetus,
1217 469 1256 498 et
1285 460 1370 498 satis
1401 459 1588 503 literatus,
1619 471 1710 496 cum
1737 456 1772 494 se

371 529 565 580 Syracusas
598 528 758 572 otiandi,
791 528 853 578 (ut
882 526 961 579 ipse
981 527 1106 564 dicere
1126 526 1284 577 solebat)
1318 540 1396 564 non
1428 524 1646 578 negotiandi
1666 523 1773 562 causa

371 595 614 639 contuliffet,
655 593 877 637 dictitabat,
909 591 945 629 se
982 590 1158 629 hortulos
1197 591 1344 643 aliquos
1382 592 1480 629 velle
1507 604 1658 635 emere,
1694 603 1774 642 quo

372 661 533 700 invitare
561 660 720 703 amicos,
756 667 794 695 et
815 657 883 695 ubi
904 657 940 695 se
969 657 1156 694 oblectare
1176 656 1251 694 fine
1271 656 1620 708 interpellatoribus
1641 654 1773 708 poss‘et.

374 725 492 778 Qod
523 738 614 764 cum
647 721 928 777 percrebuisset,
959 721 1124 774 Pythius
1158 722 1192 760 ei
1223 721 1398 774 quidam,
1429 722 1497 773 qui
1526 721 1777 774 argentariam

374 791 515 830 faceret
546 789 748 843 Syracusis,
791 788 941 828 venales
977 788 1136 841 quidem
1168 787 1204 826 se
1236 787 1369 827 hortos
1405 801 1483 826 non
1519 786 1670 831 habere,
1715 786 1776 824 sed

374 858 489 896 licere
505 857 564 895 uti
587 857 724 902 Canio,
746 856 772 894 fi
791 856 920 901 vellet,
952 865 995 894 ut
1015 855 1115 900 suis;
1147 864 1186 893 et
1205 854 1317 894 fimul
1338 854 1384 892 ad
1404 867 1556 892 coenam
1574 851 1779 890 hominem

374 924 415 962 in
435 924 567 962 hortos
586 923 763 962 invitavit
783 923 823 960 in
845 922 1037 975 posterum
1057 922 1176 961 diem.
1210 922 1316 960 Cum
1335 920 1401 959 ille
1422 918 1661 973 promisisset,
1694 927 1780 956 tum

376 989 555 1042 Pythius,
587 990 655 1043 qui
676 988 778 1034 esset,
809 998 853 1027 ut
873 989 1119 1042 argentarius,
1139 987 1239 1041 apud
1259 1001 1393 1027 omnes
1413 986 1563 1025 ordines
1582 984 1779 1038 gratiosus,

377 1056 578 1109 piscatores
599 1056 646 1094 ad
666 1055 701 1093 se
721 1056 958 1101 convocavit,
990 1064 1028 1092 et
1047 1055 1094 1093 ab
1114 1053 1174 1093 his
1195 1054 1346 1107 petivit,
1368 1063 1412 1092 ut
1431 1063 1517 1091 ante
1538 1052 1622 1090 suos
1642 1050 1783 1088 hortu-

378 1123 436 1161 los
456 1123 637 1176 postridie
670 1121 918 1176 piscarentur,
949 1121 1138 1174 dixitque,
1171 1121 1266 1174 quid
1296 1134 1359 1159 eos
1390 1119 1513 1158 facere
1532 1117 1660 1156 vellet.
1719 1116 1784 1154 Ad

380 1203 533 1228 ccenam
554 1198 727 1242 tempore
746 1189 852 1226 venit
868 1188 1035 1227 Canius:
1068 1188 1222 1241 opipare
1242 1201 1262 1225 a
1282 1186 1424 1239 Pythio
1444 1194 1667 1239 apparatum
1687 1196 1783 1221 con-

380 1256 554 1294 vivium:
577 1254 806 1306 cymbarum
823 1263 909 1292 ante
927 1253 1061 1292 oculos
1082 1253 1310 1292 multitudo.
1343 1254 1418 1292 Pro
1434 1251 1469 1289 se
1485 1250 1660 1303 quisque,
1682 1248 1787 1300 quod

381 1330 543 1374 ceperat,
574 1319 751 1359 afferebat
770 1335 777 1358 :
811 1329 898 1358 ante
917 1319 1032 1372 pedes
1054 1318 1186 1371 Pythii
1206 1318 1325 1371 pisces
1345 1317 1637 1370 abjiciebantur.

438 1389 549 1426 Tum
584 1387 756 1431 Canius,
802 1385 955 1438 Qaeso,
993 1385 1136 1438 inquit,
1174 1383 1271 1437 quid
1300 1383 1352 1421 est
1380 1382 1470 1428 hoc,
1509 1379 1656 1433 Pythi?
1703 1388 1789 1418 tan-

383 1462 522 1494 tumne
551 1453 750 1507 piscium?
783 1463 985 1491 tantumne
1004 1450 1265 1504 cymbarum?
1297 1451 1351 1489 Et
1380 1450 1460 1495 ille,
1492 1447 1601 1500 Qid
1628 1447 1790 1490 mirum,

385 1519 543 1572 inquit?
574 1518 650 1557 hoc
669 1519 758 1556 loco
777 1518 843 1563 est,
866 1519 1052 1570 Syracusis
1073 1515 1266 1570 quidquid
1286 1516 1339 1553 est
1357 1515 1522 1569 piscium
1540 1529 1549 1552 z
1572 1513 1653 1553 haec
1673 1525 1791 1564 aqua-

386 1586 470 1625 tio:
501 1584 574 1624 hac
595 1584 686 1623 villa
705 1583 765 1622 isti
793 1597 918 1622 carere
952 1597 1030 1622 non
1061 1582 1227 1637 possunt.
1271 1581 1450 1621 Incensus
1472 1580 1617 1619 Canius
1637 1577 1793 1631 cupidi-

388 1660 465 1691 tate
499 1650 701 1690 contendit
733 1663 755 1688 a
798 1649 966 1701 Pythio,
1015 1658 1059 1686 ut
1094 1647 1285 1686 venderet.
1347 1647 1513 1685 Gravate
1540 1645 1616 1685 ,ille
1649 1643 1792 1698 primo.

390 1718 500 1769 Qid
531 1717 686 1756 multa?
718 1716 926 1768 impetrat:
959 1714 1055 1752 emit
1081 1712 1203 1752 homo
1221 1711 1385 1765 cupidus
1406 1720 1444 1750 et
1463 1710 1649 1763 locuples,
1681 1708 1794 1753 tanti,

391 1783 526 1838 quanti
546 1781 710 1835 Pythius
730 1781 868 1826 voluit,
898 1789 937 1819 et
956 1780 1054 1818 emit
1082 1779 1308 1818 instructos:
1340 1778 1500 1817 nomina
1525 1776 1616 1815 facit
1630 1794 1642 1821 5
1675 1787 1797 1828 nego-

392 1851 494 1889 tium
527 1849 699 1888 conficit.
760 1847 903 1886 Invitat
934 1847 1078 1886 Canius
1108 1844 1288 1899 postridie
1308 1844 1515 1883 familiares
1548 1843 1660 1881 suos:
1691 1841 1799 1879 venit

393 1917 472 1970 ipse
492 1926 668 1955 mature:
700 1915 889 1953 scalmum
918 1914 1074 1952 nullum
1093 1912 1224 1950 videt:
1257 1911 1395 1964 quaerit
1420 1924 1467 1949 ex
1494 1910 1674 1963 proximo
1700 1907 1799 1946 vici-

394 1996 460 2028 no,
501 1995 598 2020 num
633 1980 737 2019 feriae
775 1979 952 2033 quaedam
991 1978 1226 2032 piscatorum
1258 1977 1388 2021 effent,
1439 1976 1544 2028 quod
1574 1988 1637 2013 eos
1672 1973 1801 2012 nullos

395 2049 554 2087 videret.
592 2047 739 2093 Nullae,
775 2046 899 2099 (quod
919 2045 1054 2097 sciam)
1086 2045 1216 2098 inquit
1235 2044 1327 2082 ille:
1360 2043 1421 2081 sed
1442 2042 1507 2080 hic
1536 2041 1671 2094 piscari
1702 2039 1802 2077 nulli

399 2115 519 2153 solent
531 2133 543 2160 ς
575 2115 704 2166 itaque
723 2113 807 2152 heri
828 2113 1006 2158 mirabar,
1027 2111 1123 2164 quid
1143 2110 1346 2148 accidisset.
1380 2106 1616 2146 Stomachari
1636 2105 1799 2144 Canius:

399 2181 461 2219 sed
481 2180 577 2232 quid
596 2179 738 2217 faceret
756 2180 769 2215 ?
800 2179 976 2216 nondum
1009 2177 1114 2215 enim
1136 2175 1335 2228 Aquilius,
1368 2174 1516 2226 collega
1546 2181 1584 2210 et
1604 2170 1803 2210 familiaris

402 2259 524 2291 meus,
558 2244 768 2298 protulerat
798 2243 845 2281 de
865 2243 955 2281 dolo
976 2242 1079 2280 malo
1109 2240 1322 2284 formulas;
1355 2240 1394 2277 in
1416 2239 1558 2292 quibus
1590 2237 1676 2290 ipsis
1711 2249 1803 2275 cum

400 2327 448 2351 ex
485 2325 531 2350 eo
569 2318 823 2363 quaereretur,
854 2308 950 2361 quid
985 2306 1073 2345 effet
1101 2306 1197 2344 dolus
1227 2306 1362 2350 malus,
1400 2304 1676 2358 respondebat,
1714 2304 1807 2342 Cum

404 2378 480 2432 qffi’t
511 2376 612 2416 aliud
622 2377 849 2428 fimulatum,
879 2373 981 2413 aliud
1008 2375 1139 2412 ac'ium.
1201 2372 1291 2410 Hoc
1325 2371 1484 2424 quidem
1511 2371 1594 2411 sane
1627 2370 1805 2408 luculen-

407 2453 476 2488 ter,
498 2453 542 2482 ut
560 2443 608 2481 ab
628 2442 788 2481 homine
808 2442 932 2495 perito
962 2438 1182 2479 definiendi.
1230 2439 1335 2491 Ergo
1365 2448 1403 2476 et
1424 2437 1586 2490 Pythius
1617 2446 1654 2474 et
1674 2447 1806 2474 omnes

407 2508 511 2546 aliud
530 2518 697 2560 agentes,
732 2509 837 2547 aliud
857 2508 1091 2551 simulantes,
1123 2504 1271 2557 perfidi,
1296 2504 1479 2557 improbi,
1506 2501 1682 2542 malitiosi
1705 2501 1805 2539 sunt.

510 2574 587 2611 To
603 2586 655 2612 M.
687 2575 762 2613 111.
1388 2570 1433 2607 M
1467 2583 1505 2607 m
