2223 3003
406 238 478 282 172
808 224 910 264 DE
983 223 1384 264 LEG1Bus

397 327 506 366 enim
525 338 546 364 a
565 337 626 364 me
647 322 801 363 recitata
819 322 881 360 lex
901 322 954 360 est
977 322 1023 359 de
1053 320 1253 374 suffragiis.
1299 320 1545 374 optimatibus
1573 329 1673 366 nota,
1696 323 1798 374 plebi

397 393 509 433 libera
513 393 639 445 fimto.
685 391 784 440 Qae
804 388 864 426 lex
885 386 984 426 hanc
1004 387 1228 427 sententiam
1247 387 1436 433 continet,
1467 396 1511 426 ut
1535 400 1670 427 omnes
1690 387 1791 441 leges

396 460 561 503 tolleret,
583 470 666 509 quae
685 455 811 508 postea
830 455 913 494 latae
932 454 1033 500 sunt,
1063 468 1148 508 quae
1168 462 1306 508 tegunt
1323 454 1434 494 omni
1453 453 1598 493 ratione
1617 452 1792 508 suffragi-

398 538 481 570 um,
502 536 549 562 ne
568 523 654 575 quis
675 520 850 574 inspiciat
870 521 1065 566 tabellam,
1087 534 1135 560 ne
1155 529 1277 574 roget,
1296 533 1344 559 ne
1362 520 1542 574 appellet.

451 591 592 628 Pontes
617 587 734 626 etiam
765 587 826 626 lex
847 587 974 626 Maria
992 586 1086 626 fecit
1105 587 1298 640 angustos.
1342 587 1441 640 Qae
1461 586 1486 625 si
1506 585 1677 639 oppofita
1705 585 1793 625 sunt

395 655 621 700 ambitiofis,
656 662 699 692 ut
717 652 804 692 sunt
823 651 915 699 fere,
949 666 1028 693 non
1055 651 1317 707 reprehendo:
1350 651 1404 691 fin
1429 652 1617 690 valuerint
1637 660 1791 690 tantum

394 722 512 776 leges,
543 729 587 760 ut
616 733 663 759 ne
682 720 754 759 fint
783 720 951 759 ambitus
969 739 981 766 ς
1013 719 1148 759 habeat
1168 719 1252 758 sane
1277 718 1444 773 populus
1464 717 1660 762 tabellam,
1687 717 1792 770 quafi

393 789 588 828 vindicem
608 787 807 832 libertatis,
842 787 1058 826 dummodo
1075 786 1156 827 haec
1177 787 1328 840 optimo
1347 786 1490 841 cuique
1519 793 1556 823 et
1575 783 1792 837 graviffimo

391 855 469 894 civi
488 854 717 899 ostendatur,
753 853 932 905 ultroque
951 852 1144 898 offeratur,
1174 853 1233 891 uti
1264 853 1305 890 in
1324 865 1370 891 eo
1389 852 1435 891 fit
1453 851 1534 905 ipso
1552 851 1720 895 libertas,
1750 850 1792 889 in

390 935 472 975 quo
504 920 651 974 populo
683 918 845 973 potestas
877 918 1033 957 honeste
1063 919 1173 958 bonis
1206 918 1446 972 gratificandi
1481 917 1607 957 datur.
1653 918 1793 970 quue

391 999 497 1026 nunc
517 985 563 1024 fit
591 984 704 1030 illud,
731 983 838 1037 quod
867 998 888 1022 a
917 993 955 1022 te
974 983 1106 1030 modo,
1128 984 1292 1035 Qinte‚
1322 983 1471 1021 dietum
1497 982 1564 1028 est,
1596 990 1641 1021 ut
1659 982 1791 1023 minus

389 1052 538 1092 multos
557 1051 696 1091 tabella
714 1050 961 1096 condemnet,
982 1064 1100 1103 quam
1120 1051 1263 1089 solebat
1281 1063 1370 1095 vox,
1403 1050 1494 1102 quia
1512 1048 1660 1102 populo
1677 1048 1794 1086 licere

390 1118 477 1158 satis
506 1118 572 1158 est.
614 1119 708 1157 Hoc
741 1127 903 1163 retento,
935 1117 1084 1170 reliqua
1112 1117 1289 1156 voluntas
1320 1116 1550 1161 auctoritati,
1577 1123 1644 1153 aut
1661 1114 1792 1168 gratiae

388 1184 565 1224 traditur.
597 1185 746 1237 Itaque,
774 1193 818 1222 ut
847 1183 1028 1223 omittam
1058 1182 1260 1236 largitione
1290 1191 1468 1235 corrupta
1488 1180 1677 1234 suffragia,
1711 1193 1792 1219 non

387 1254 509 1299 vides,
539 1253 567 1292 fi
597 1253 752 1306 quando
771 1253 940 1292 ambitus
961 1252 1077 1298 sileat,
1110 1253 1228 1306 quaeri
1247 1253 1288 1291 in
1309 1251 1510 1304 suffragiis,
1531 1250 1625 1304 quid
1647 1249 1790 1303 optimi

387 1319 462 1359 viri
481 1318 675 1359 sentiant?
707 1319 977 1370 Qamobrem
1011 1319 1094 1372 lege
1124 1319 1248 1358 nostra
1277 1318 1462 1357 libertatis
1493 1317 1634 1370 species
1664 1315 1789 1361 datur,

387 1386 583 1425 bonorum
602 1385 803 1424 auctoritas
824 1385 1022 1431 retinetur,
1043 1385 1303 1424 contentionis
1323 1384 1431 1423 causa
1450 1383 1614 1423 tollitur.

443 1452 598 1491 XVIII.
630 1451 785 1490 Deinde
815 1451 999 1505 sequitur,
1026 1451 1168 1504 quibus
1196 1453 1260 1504 jus
1292 1451 1336 1489 fit
1356 1465 1448 1489 cum
1469 1449 1615 1502 populo
1635 1448 1788 1500 agendi,

388 1526 455 1556 aut
475 1531 567 1556 cum
586 1517 738 1556 senatu:
770 1518 907 1571 gravis,
929 1527 982 1563 et,
1017 1526 1060 1555 ut
1079 1517 1254 1562 arbitror,
1287 1516 1463 1570 praeclara
1483 1516 1558 1553 lex.
1601 1515 1693 1566 Qcae
1711 1527 1790 1552 cum

380 1585 522 1637 populo,
555 1599 700 1637 quaeque
718 1584 755 1622 in
767 1584 941 1637 patribus
959 1593 1128 1637 agentur,
1159 1583 1291 1622 modica
1302 1584 1416 1636 stmto
1428 1601 1440 1628 ς,
1472 1581 1511 1620 id
1532 1581 1598 1626 est,
1621 1580 1791 1620 modesta

386 1659 501 1703 atque
521 1649 656 1688 sedata.
684 1651 804 1689 Actor
822 1650 929 1688 enim
945 1650 1178 1695 moderatur,
1194 1658 1233 1688 et
1252 1648 1366 1702 fingit
1383 1662 1461 1687 non
1476 1647 1595 1687 modo
1615 1656 1790 1685 mentem

386 1729 430 1754 ac
451 1716 679 1761 voluntates,
712 1715 774 1754 sed
794 1729 892 1769 pene
910 1716 1040 1755 vultus
1060 1730 1209 1761 eorum,
1238 1715 1338 1769 apud
1358 1728 1455 1768 quos
1475 1715 1577 1767 agit;
1611 1713 1715 1765 quod
1735 1712 1788 1750 est

386 1782 428 1820 in
446 1781 575 1821 senatu
596 1795 673 1820 non
695 1781 853 1820 difficile
871 1797 880 1821 :
912 1783 963 1821 est
983 1783 1089 1821 enim
1110 1782 1256 1821 senator
1275 1783 1322 1827 is,
1338 1782 1447 1834 cujus
1470 1794 1547 1819 non
1567 1781 1612 1817 ad
1633 1779 1786 1817 audito-

386 1860 469 1886 rem
490 1847 672 1886 referatur
686 1847 854 1891 animus,
873 1847 931 1885 sed
949 1849 1014 1899 qui
1037 1862 1102 1899 per
1123 1848 1250 1899 seipse
1271 1847 1426 1898 spectari
1443 1847 1548 1885 velit.
1573 1843 1790 1897 Huicjuffa

385 1913 459 1952 tria
479 1912 588 1951 sunt:
612 1920 654 1949 ut
675 1911 791 1956 adfit;
814 1925 903 1950 nam
919 1912 1144 1964 gravitatem
1161 1925 1216 1949 res
1238 1911 1368 1955 habet,
1387 1924 1479 1948 cum
1501 1910 1679 1962 frequens
1695 1910 1788 1947 ordo

387 1978 439 2016 est
459 1993 467 2016 ε
492 1987 533 2016 ut
554 1978 640 2016 loco
660 1977 775 2021 dicat,
798 1977 836 2015 id
857 1977 923 2022 est,
940 1987 1115 2030 rogatus:
1140 1987 1182 2015 ut
1202 1976 1334 2021 modo,
1351 1990 1396 2014 ne
1413 1976 1456 2014 sit
1476 1975 1674 2020 infinitus;
1699 1989 1788 2014 nam

388 2044 550 2082 brevitas
571 2057 646 2082 non
663 2043 782 2081 modo
801 2042 993 2088 senatoris,
1013 2043 1072 2081 scd
1092 2043 1209 2081 etiam
1229 2043 1402 2087 oratoris,
1421 2055 1559 2095 magna
1580 2042 1658 2079 laus
1676 2041 1727 2078 cst
1748 2041 1787 2079 in

387 2109 585 2148 sententia.
631 2110 716 2148 Nec
738 2109 790 2147 est
811 2122 983 2162 unquam
1015 2109 1130 2162 longa
1157 2109 1328 2147 oratione
1360 2108 1548 2147 utendum
1566 2126 1577 2152 5
1610 2107 1692 2151 nili,
1724 2116 1788 2146 aut

387 2185 567 2233 peccante
586 2175 729 2220 senatu,
766 2174 869 2228 quod
891 2174 935 2213 fit
965 2175 1177 2213 ambitione
1199 2174 1408 2228 saepissime,
1439 2174 1547 2212 nullo
1568 2173 1788 2226 magistratu

386 2242 602 2293 adjuvante,
634 2241 718 2280 tolli
739 2241 844 2280 diem
866 2241 959 2280 utile
979 2241 1059 2287 est;
1091 2250 1155 2279 aut
1183 2255 1274 2279 cum
1296 2251 1398 2280 tanta
1417 2240 1524 2279 causa
1543 2241 1609 2285 est,
1631 2249 1674 2278 ut
1690 2252 1786 2292 opus

386 2308 431 2345 sit
451 2308 607 2346 oratoris
639 2308 749 2361 copia
779 2308 836 2345 vel
859 2308 903 2345 ad
924 2307 1174 2353 hortandum,
1193 2307 1253 2346 vel
1274 2307 1319 2346 ad
1340 2307 1558 2346 docendum
1577 2321 1586 2344 ι
1618 2319 1786 2359 quorum

386 2387 569 2427 generum
591 2374 630 2411 in
652 2383 814 2426 utroque
835 2388 996 2427 magnus
1019 2375 1140 2413 noster
1161 2375 1260 2412 Cato
1280 2373 1346 2413 cst.

442 2440 636 2493 Qodque
657 2439 776 2485 addit,
810 2442 942 2494 Causas
965 2442 1090 2494 populi
1106 2450 1233 2485 teneto,
1265 2440 1318 2478 est
1351 2439 1506 2478 senatori
1539 2437 1785 2477 ncccss‘arium

387 2503 488 2543 nosse
510 2506 817 2559 rcmpublicam;
842 2507 954 2559 idque
976 2508 1049 2546 late
1071 2515 1171 2560 patet
1189 2520 1197 2544 :
1220 2505 1315 2558 quid
1332 2504 1466 2546 habeat
1484 2505 1670 2549 militum,
1689 2503 1786 2556 quid

388 2572 507 2611 valcat
533 2573 674 2619 aerario,
705 2587 802 2626 quos
824 2573 942 2613 socios
969 2572 1181 2627 respublica
1200 2571 1349 2620 habeat,
1381 2587 1478 2627 quos
1499 2572 1657 2617 amicos,
1686 2582 1784 2623 quos
