2223 3003
445 201 522 242 300
679 190 684 191 ⁷
771 189 874 228 DE
933 186 1508 227 SENECTUTE.

497 287 613 327 Nihil
640 289 759 340 igitur
792 285 970 329 afferunt,
1014 284 1083 336 qui
1112 283 1152 322 in
1184 280 1223 322 re
1252 284 1416 337 gerenda
1444 284 1579 324 versari
1608 285 1838 328 senectutem

442 364 596 406 negant,
618 351 832 402 similesque
854 350 954 394 sunt,
986 359 1043 394 ut,
1076 349 1102 387 fi
1136 349 1206 402 qui
1235 349 1531 402 gubernatorem
1557 351 1597 389 in
1625 351 1843 404 navigando

442 432 549 471 agere
570 417 668 455 nihil
687 417 828 460 dicant,
859 429 952 454 cum
983 415 1048 454 alii
1068 416 1190 454 malos
1209 415 1404 461 scandant,
1433 416 1498 454 alii
1530 430 1597 470 per
1626 415 1729 456 foros
1749 430 1842 455 cur-

441 483 536 528 sem,
557 483 620 520 alii
641 482 828 519 sentinam
857 480 1112 527 exhauriant;
1143 481 1210 520 ille
1229 492 1359 520 autem
1389 482 1544 521 clavum
1566 485 1696 521 tenens
1716 482 1841 522 sedeat

440 549 479 586 in
500 548 622 601 puppi
642 548 810 600 quietus.
855 548 951 587 Non
977 547 1092 587 faciat
1115 562 1172 594 ea,
1200 562 1284 602 quae
1311 550 1496 601 juvenes:
1526 558 1564 588 at
1594 562 1684 588 vero
1711 548 1847 588 multo

437 616 581 667 majora
599 624 638 653 et
657 615 815 653 meliora
833 613 942 654 facit.
985 615 1079 654 Non
1098 616 1260 662 viribus,
1281 625 1346 654 aut
1373 616 1661 662 velocitatibus,
1688 625 1755 655 aut
1773 628 1840 655 ce-

437 680 586 718 leritate
605 694 812 734 corporum
833 695 890 719 res
910 694 1059 734 magnae
1078 691 1262 735 geruntur
1277 701 1290 727 ς
1321 681 1383 720 sed
1403 682 1578 728 confilio,
1602 682 1843 726 auetoritate,

437 745 634 792 sententia,
655 747 797 800 quibus
816 760 894 786 non
914 747 1033 786 modo
1052 761 1130 786 non
1149 748 1289 793 orbari,
1318 746 1381 786 sed
1399 748 1517 787 etiam
1543 748 1687 800 augeri,
1707 747 1842 786 senec-

436 821 500 851 tus
520 812 628 863 solet.
660 813 746 852 Nifi
765 812 865 851 forte
883 827 956 866 ego
976 813 1101 859 vobis,
1132 814 1200 866 qui
1228 823 1266 852 et
1285 814 1411 860 miles,
1441 825 1481 853 et
1500 815 1694 859 tribunus,
1723 823 1762 852 et
1781 813 1842 852 le-

436 889 561 932 gatus,
594 890 632 918 et
653 879 796 917 Consul
817 879 980 916 versatus
1001 878 1086 917 sum
1106 879 1146 917 in
1177 881 1280 918 vario
1299 893 1436 933 genere
1464 881 1674 927 bellorum,
1705 880 1842 919 cessare

436 958 541 983 nunc
560 945 706 990 videor,
727 958 820 982 cum
841 944 941 982 bella
960 958 1038 983 non
1058 958 1162 997 gero.
1194 947 1250 984 At
1270 945 1432 992 senatui,
1450 959 1535 999 quae
1555 946 1642 985 sunt
1661 947 1842 1000 gerenda,

435 1011 651 1064 praescribo,
686 1020 725 1049 et
755 1010 981 1063 quomodo;
1020 1010 1261 1065 Carthagini,
1296 1012 1399 1050 male
1422 1012 1505 1064 jam
1535 1013 1605 1051 diu
1636 1012 1843 1065 cogitanti,

436 1077 586 1116 bellum
606 1077 734 1116 multo
753 1086 840 1115 ante
860 1077 1060 1123 denuntio,
1095 1078 1143 1116 de
1174 1091 1252 1131 qua
1281 1078 1401 1117 vereri
1429 1091 1508 1117 non
1539 1087 1626 1117 ante
1655 1078 1844 1123 defluam,

434 1157 553 1196 quam
573 1144 681 1183 illam
700 1143 866 1182 excisam
886 1142 958 1182 effe
977 1157 1207 1197 cognovero.

490 1210 622 1262 Qam
654 1209 824 1263 palmam
855 1210 1006 1248 utinam
1041 1211 1111 1249 Dii
1147 1210 1388 1249 immortales
1422 1210 1510 1255 tibi,
1545 1210 1688 1263 Scipio,
1723 1209 1844 1248 reser-

436 1287 539 1321 vent,
577 1285 619 1313 ut
650 1277 709 1313 avi
742 1276 922 1327 reliquias
943 1276 1188 1329 persequare!
1220 1279 1330 1329 cujus
1360 1289 1383 1314 a
1401 1287 1526 1315 morte
1552 1275 1618 1314 hic
1639 1277 1774 1314 tertius
1803 1285 1842 1313 et

435 1343 648 1381 tricesimus
667 1342 720 1380 est
751 1355 871 1380 annus
890 1357 900 1380 ε
932 1342 993 1380 sed
1021 1343 1251 1381 memoriam
1271 1343 1376 1381 illius
1400 1343 1471 1381 viri
1491 1343 1687 1396 excipient
1706 1355 1842 1381 omnes

434 1410 524 1447 anni
546 1408 836 1460 consequentes.
860 1409 978 1446 Anno
997 1418 1083 1446 ante
1103 1422 1167 1447 me
1187 1409 1395 1448 Censorem
1416 1419 1593 1448 mortuus
1613 1408 1680 1453 est,
1700 1422 1842 1447 novem

435 1475 543 1512 annis
563 1474 646 1527 post
667 1486 801 1512 meum
821 1473 1078 1518 consulatum,
1106 1487 1198 1512 curn
1225 1475 1371 1513 Consul
1394 1476 1551 1519 iterum,
1573 1488 1636 1513 me
1656 1473 1843 1518 Consule,

435 1552 582 1579 creatus
603 1539 703 1578 effet.
736 1539 850 1578 Num
869 1539 1003 1592 igitur,
1034 1540 1058 1577 fi
1079 1539 1125 1577 ad
1145 1540 1399 1578 centesimum
1420 1553 1565 1579 annum
1593 1539 1755 1585 vixisset,
1782 1540 1842 1577 se-

434 1607 598 1646 nectutis
617 1619 709 1643 eum
731 1604 802 1643 suae
821 1605 1026 1658 poeniteret
1044 1605 1057 1642 ?
1079 1618 1150 1643 nec
1170 1606 1275 1644 enim
1296 1606 1533 1651 excursione,
1555 1619 1624 1643 nec
1644 1606 1754 1651 saltu,
1771 1619 1843 1644 nec

434 1674 587 1711 eminus
622 1671 750 1716 hastis,
782 1682 847 1710 aut
878 1672 1057 1710 cominus
1088 1671 1226 1724 gladiis
1257 1682 1454 1717 uteretur;
1487 1672 1548 1710 sed
1576 1672 1748 1717 consilio,
1780 1686 1842 1711 ra-

435 1741 553 1785 tione,
576 1739 783 1777 sententia:
816 1752 901 1790 quae
921 1738 990 1776 nisi
1011 1738 1126 1776 effent
1146 1739 1186 1776 in
1208 1738 1374 1783 senibus,
1398 1752 1473 1777 non
1495 1738 1695 1777 summum
1715 1739 1841 1778 confi-

436 1808 533 1845 lium
554 1807 714 1858 majores
736 1804 851 1843 nostri
881 1803 1126 1858 appellaffent
1147 1806 1330 1844 Senatum.
1381 1805 1499 1858 Apud
1528 1805 1842 1844 Lacedaemonios

435 1873 596 1924 quidem
618 1873 659 1915 ii,
695 1871 762 1923 qui
794 1865 1073 1922 ampliffimum
1104 1871 1370 1922 magistratum
1401 1881 1554 1923 gerunt,
1587 1881 1630 1909 ut
1661 1871 1760 1916 sunt,
1791 1872 1842 1910 fic

435 1940 553 1977 etiam
576 1937 824 1976 nominantur
846 1936 963 1974 senes.
1010 1935 1128 1988 Qod
1147 1936 1172 1974 si
1194 1937 1331 1988 legere,
1352 1946 1417 1974 aut
1447 1937 1576 1974 audire
1606 1938 1741 1975 voletis
1770 1951 1841 1974 ex-

438 2015 557 2049 terna,
583 2003 769 2042 maximas
806 2001 1036 2055 respublicas
1067 2002 1114 2040 ab
1135 2002 1437 2040 adolescentibus
1459 2001 1674 2047 labefactas,
1695 2016 1716 2039 a
1736 2001 1836 2040 seni-

440 2072 508 2110 bus
530 2069 747 2108 sustentatas
769 2077 806 2105 ct
827 2068 1014 2106 restitutas
1035 2069 1243 2121 reperietis.

576 2135 678 2179 calb,
710 2135 775 2187 qui
789 2133 943 2186 vestram
962 2135 1212 2187 rempublicam
1232 2143 1374 2173 tantam
1393 2134 1547 2186 amg'ltstis
1563 2144 1639 2172 tam
1657 2135 1725 2172 cito
1743 2135 1762 2173 ,θ

438 2203 488 2241 sic
509 2202 614 2240 enim
638 2199 890 2254 percontanti,
906 2208 949 2237 ut
968 2199 1020 2237 est
1041 2200 1080 2238 in
1102 2200 1228 2239 Naevii
1244 2209 1365 2253 poetae
1386 2200 1493 2245 ludo,
1512 2200 1788 2253 respondentur
1804 2208 1843 2240 et

439 2270 524 2312 alia,
546 2278 583 2306 et
603 2267 684 2305 haec
706 2267 744 2304 in
767 2267 917 2319 primis,

578 2333 846 2373 Proveniehcmt
865 2342 1024 2372 oratores
1043 2334 1141 2378 novi,
1150 2333 1272 2388 stulti,
1293 2333 1545 2387 adolcscmtuli.

438 2401 657 2450 Temeritas
677 2400 729 2438 est
750 2399 927 2437 videlicet
946 2400 1115 2439 florentis
1135 2398 1278 2444 semis,
1302 2399 1518 2452 prudentia,
1540 2397 1779 2437 senescentis.

489 2469 580 2507 v11.
604 2470 658 2507 At
679 2467 867 2505 memoria
887 2467 1091 2505 minuitur.
1115 2466 1254 2511 Credo,
1269 2465 1337 2504 nisa
1356 2479 1441 2504 eam
1461 2479 1647 2511 exerceas,
1665 2476 1729 2504 aut
1750 2466 1773 2503 si
1796 2465 1842 2505 sis

442 2535 576 2577 natura
596 2534 749 2574 tardior.
766 2533 1048 2575 Themistocles
1065 2535 1246 2574 omnium
1266 2533 1413 2572 civium
1430 2533 1587 2572 nomina
1602 2541 1842 2586 perceperat:
