2223 3003
483 221 556 274 378
754 218 1550 260 PHILOSOPHICORUM

479 321 697 373 Fnoxroq
720 321 823 357 Cum
844 317 948 355 aliud
968 316 1067 355 nihil
1087 316 1249 355 domum
1270 316 1376 355 suam
1397 316 1672 370 deportaviffet.

479 388 593 426 Nox.
611 384 854 437 Pccum'qfits]
892 383 1102 435 Multaque
1121 383 1267 422 ditione
1287 384 1420 422 ovium
1440 393 1478 422 et
1498 383 1635 429 bourn,
1662 382 1768 435 quod
1784 391 1876 423 tunc

532 462 609 490 erat
630 464 684 489 res
706 451 745 487 in
766 463 916 502 pecore,
944 458 982 487 et
1002 449 1042 487 in
1062 449 1237 487 locorum
1260 449 1561 503 possessionibus,
1592 463 1639 488 ex
1659 462 1739 502 quo
1757 463 1876 504 pecu-

534 517 626 555 niofi
647 525 684 553 et
704 515 915 569 locupletes
931 514 1178 554 vocabantur.

478 584 678 622 GELLIUS
697 582 758 621 lib.
783 596 814 621 1.
850 592 928 635 cap.
951 582 1036 635 22.]
1076 583 1170 621 Non
1190 595 1373 635 gravarer,
1402 582 1514 628 Laeli,
1545 581 1614 621 nifi
1634 590 1672 620 et
1691 580 1762 620 hos
1782 580 1880 620 velle

530 661 722 702 putarem,
756 658 795 687 et
815 648 892 701 ipse
915 661 1109 701 cuperem,
1143 657 1180 686 te
1211 662 1368 701 quoque
1401 648 1571 701 aliquam
1591 657 1741 701 partem
1760 645 1878 700 hujus

530 715 647 754 nostri
679 715 862 753 sermonis
891 715 1104 766 attingere;
1136 714 1343 767 praesertim
1375 727 1468 752 cum
1498 712 1581 752 heri
1612 713 1691 767 ipse
1720 713 1878 758 dixeris,

529 792 568 821 te
587 782 699 821 nobis
733 782 850 820 etiam
870 780 1174 834 superfuturum.
1206 781 1369 825 Verum,
1396 781 1423 819 s1
1448 781 1488 819 id
1508 780 1667 834 quidem
1696 779 1779 818 fieri
1800 793 1878 818 non

530 849 666 903 potest,
688 853 735 886 ne
755 847 863 892 defis,
894 859 1029 884 omnes
1050 854 1087 883 te
1107 859 1302 898 rogamus.

475 917 591 956 NON.
613 913 836 966 calumnia]
859 921 903 951 ut
919 912 1105 951 Carneadi
1117 911 1386 965 respondeatis,
1403 911 1472 965 qui
1488 911 1582 965 saepe
1599 912 1766 965 optimas
1786 925 1879 952 cau-

531 982 583 1020 sas
604 980 750 1034 ingenii
769 978 964 1018 calumnia
983 977 1174 1016 ludificari
1194 976 1351 1017 solebat.

476 1050 507 1088 F
513 1060 673 1087 RONTO.
701 1047 844 1099 Neque
872 1045 980 1083 enim
1014 1044 1059 1083 ad
1095 1057 1198 1083 mare
1224 1043 1411 1090 admovit,
1441 1045 1547 1097 quod
1574 1044 1609 1083 ei
1627 1043 1704 1083 fuit
1734 1043 1880 1083 facilli-

530 1127 658 1153 mum.

477 1181 530 1219 D.
554 1182 672 1219 Auo.
695 1180 756 1218 lib.
778 1192 828 1218 11.
851 1188 931 1232 cap.
958 1192 1022 1218 21.
1047 1178 1185 1232 Civit.]
1218 1176 1334 1217 Nihil
1366 1177 1419 1216 est
1452 1177 1558 1231 quod
1588 1176 1715 1216 adhuc
1746 1177 1793 1216 de
1820 1190 1880 1215 re·-

529 1247 688 1300 publica
713 1254 851 1299 putem
871 1245 1035 1290 dietum,
1068 1254 1106 1284 et
1136 1258 1215 1297 quo
1245 1244 1382 1299 poffim
1401 1244 1556 1297 longius
1586 1244 1779 1297 progredi,
1810 1243 1879 1281 nifi

528 1313 575 1351 fit
593 1312 883 1356 confirmatum,
919 1324 997 1349 non
1017 1310 1136 1349 modo
1154 1309 1294 1349 falsum
1313 1309 1385 1348 effe
1405 1310 1518 1355 illud,
1546 1310 1622 1348 fine
1642 1310 1782 1362 injuria
1801 1322 1880 1347 non

530 1379 644 1433 poffe,
680 1379 743 1417 sed
772 1377 848 1417 hoc
867 1377 1118 1423 veriffimum‚
1153 1376 1230 1416 fine
1249 1377 1401 1416 summa
1425 1376 1572 1430 justitia
1598 1376 1882 1430 rempublicam

530 1446 608 1500 regi
629 1459 707 1485 non
726 1443 842 1498 poffe.

733 1591 814 1630 DE
873 1591 1251 1643 Rapussmca
1311 1590 1510 1629 LJBER
1545 1590 1618 1630 ΙΙΙ.

473 1724 527 1762 D.
551 1724 670 1761 Auo.
692 1720 754 1760 lib.
783 1733 841 1760 ιν.
870 1729 999 1760 contra
1025 1718 1247 1774 Pelagium]
1288 1720 1426 1759 Homo
1447 1733 1524 1759 non
1546 1729 1588 1758 ut
1614 1733 1635 1758 a
1654 1728 1788 1765 matre,
1820 1720 1881 1759 sed

529 1798 573 1828 ut
603 1803 623 1827 a
654 1801 830 1833 noverca,
860 1787 995 1827 natura
1027 1787 1152 1826 editus
1187 1786 1240 1825 est
1272 1787 1313 1825 in
1344 1786 1465 1825 vitam
1491 1799 1649 1839 corpore
1679 1786 1797 1832 nudo,
1842 1797 1882 1825 et

528 1853 670 1907 fragili,
702 1864 741 1892 et
771 1852 955 1898 infirmo;
986 1853 1118 1891 animo
1148 1861 1276 1890 autem
1297 1852 1412 1890 anxio
1442 1851 1488 1890 ad
1509 1852 1713 1897 molestias,
1735 1851 1882 1890 humili

529 1915 575 1952 ad
610 1914 781 1959 timores,
823 1913 935 1951 molli
969 1913 1016 1951 ad
1049 1913 1209 1957 labores,
1246 1926 1370 1965 prono
1404 1913 1450 1950 ad
1481 1913 1689 1951 libidines:
1732 1914 1772 1950 in
1802 1927 1882 1965 quo

529 1990 658 2019 tamen
680 1980 773 2019 inest
794 1988 979 2032 tanquam
1000 1978 1162 2017 obrutus
1183 1978 1343 2030 quidam
1374 1978 1528 2017 divinus
1555 1979 1655 2031 ignis
1676 1979 1822 2031 ingenii
1842 1988 1881 2017 et

529 2047 686 2086 mentis.

475 2116 668 2153 SENECA.
691 2113 752 2152 lib.
776 2125 867 2151 xlx.
889 2112 1006 2166 epist]
1039 2111 1239 2164 Qoniam
1271 2110 1402 2150 sumus
1429 2111 1475 2149 ab
1496 2110 1574 2164 ipsa
1593 2111 1696 2149 calce
1716 2111 1796 2163 ejus
1818 2111 1881 2149 in—

528 2180 793 2234 terpellatione
815 2179 995 2217 revocati.

475 2249 622 2285 an‘r.
647 2246 810 2299 Epitome
829 2255 908 2299 cap.
938 2245 992 2298 1.]
1024 2243 1197 2283 Nullum
1217 2243 1269 2281 est
1284 2243 1348 2295 jus
1370 2242 1537 2281 naturale
1556 2257 1564 2281 τ
1600 2243 1726 2295 itaque
1746 2256 1880 2281 omnes

527 2313 755 2356 animantes,
792 2311 868 2364 ipsa
889 2311 1054 2349 ducente
1074 2318 1220 2355 natura,
1255 2309 1463 2348 commoda
1483 2308 1546 2346 sua
1572 2307 1808 2346 defendunt:
1843 2318 1880 2346 ct

526 2378 612 2416 ideo
627 2377 786 2430 justitia,
807 2377 830 2414 fi
852 2377 983 2414 alienis
1005 2375 1239 2414 utilitatibus
1259 2374 1445 2419 consulat,
1467 2373 1547 2412 suas
1568 2374 1750 2426 negligat,
1787 2374 1880 2411 stul-

526 2445 611 2483 titia
630 2445 681 2482 cst
701 2443 876 2482 dicenda.
914 2443 1032 2494 Qod
1055 2443 1079 2481 fi
1101 2455 1235 2480 omncs
1262 2441 1412 2494 populi,
1450 2453 1563 2493 penes
1597 2454 1693 2492 quos
1727 2440 1769 2478 sit
1802 2441 1880 2479 im-

528 2512 692 2564 perium,
716 2511 859 2565 ipfiquc
880 2511 1063 2557 Romani,
1081 2510 1149 2563 qui
1166 2508 1301 2548 orbem
1323 2517 1450 2548 totum
1473 2506 1879 2562 possedcrc,justitiam
