2223 3003
486 244 570 282 424
794 223 1599 265 PHILOSOPHICORUM

487 329 730 370 moderatum
761 332 875 375 atque
905 321 1160 367 constantem,
1197 335 1267 361 nec
1299 321 1346 360 ab
1377 321 1460 360 ullo
1489 321 1777 362 imminutum:
1808 323 1895 364 satis

488 405 632 436 autem,
663 400 701 429 et
721 389 824 442 quasi
845 387 973 441 sparsis
999 387 1153 433 animis,
1183 380 1283 432 fore,
1310 387 1369 426 uti
1395 387 1508 425 certis
1530 397 1755 441 temporum
1774 387 1897 427 inter-

488 461 596 498 vallis
616 458 779 496 oriretur
798 454 954 499 animal,
971 453 1078 506 quod
1098 453 1188 492 esset
1207 454 1254 492 ad
1272 453 1429 492 cultum
1446 455 1623 493 Deorum
1642 453 1896 507 aptiffimum.

489 525 560 563 Sed
582 537 674 562 cum
695 521 840 575 duplex
859 520 948 559 effet
966 529 1100 558 natura
1119 520 1268 573 generis
1287 519 1466 565 humani,
1485 520 1534 559 fic
1555 519 1591 559 se
1612 533 1669 559 res
1690 518 1897 565 habebant,

488 601 532 629 ut
564 588 800 643 praestantius
830 599 950 640 genus
981 585 1071 624 effet
1101 599 1252 632 eorum,
1283 587 1353 639 qui
1373 585 1490 624 effent
1510 584 1632 625 futuri
1662 585 1749 625 viri.
1792 585 1900 624 Cum

488 666 619 695 autem
664 654 802 693 animis
844 666 1004 706 corpora
1040 665 1135 690 cum
1169 651 1383 690 neceffitate
1409 651 1610 698 inseviss‘et‚
1647 664 1820 705 cumque
1853 650 1901 689 ad

489 735 649 776 corpora
679 730 765 759 tum
794 719 952 758 acceffio
972 717 1092 764 fieret,
1124 727 1212 756 tum
1238 717 1439 764 absceffi03
1470 718 1616 757 neceffe
1635 727 1729 764 erat,
1750 716 1902 757 sensum

489 789 648 828 existere
666 800 805 830 unum,
827 797 1161 836 communemque
1179 784 1376 830 omnium,
1393 783 1680 824 vehementiore
1698 793 1809 823 motu
1829 795 1900 823 ex-

490 855 669 898 citatum,
700 852 1034 902 conjunctumque
1060 857 1230 888 naturae:
1262 849 1400 887 deinde
1428 850 1626 903 voluptate
1658 859 1697 889 et
1730 848 1903 888 molestia

491 921 664 959 mixtum
684 929 882 956 amorem:
915 915 999 968 post
1018 915 1130 960 iram,
1163 924 1201 954 et
1221 924 1388 960 metum,
1419 923 1458 953 et
1478 916 1646 968 reliquos
1667 925 1798 954 motus
1818 915 1903 953 ani-

491 988 562 1031 mi,
585 985 747 1024 comites
769 983 1024 1035 superiorum,
1045 990 1083 1020 et
1102 980 1163 1020 his
1179 982 1297 1020 etiam
1317 981 1528 1020 contrarios
1543 981 1781 1020 diffidentes:
1806 993 1903 1033 quos

491 1053 560 1105 qui
581 1053 726 1090 ratione
746 1049 898 1093 rexerit,
915 1048 1016 1100 juste
1037 1048 1176 1086 leerit
1188 1067 1200 1093 3
1232 1048 1301 1101 qui
1321 1055 1452 1086 autern
1471 1046 1532 1086 his
1554 1048 1588 1086 se
1609 1048 1811 1092 dediderit,
1839 1047 1902 1085 in-

485 1119 601 1172 juste.
633 1121 765 1170 Atque
785 1115 865 1160 ille,
897 1115 965 1167 qui
996 1116 1097 1152 reete
1116 1123 1155 1152 et
1184 1113 1341 1153 honeste
1359 1114 1600 1153 curriculum
1621 1114 1775 1152 vivendi
1795 1127 1815 1151 a
1835 1126 1904 1151 na-

492 1196 576 1224 tura
599 1184 734 1223 datum
767 1180 993 1226 confecerit,
1024 1180 1070 1219 ad
1101 1180 1200 1219 illud
1230 1180 1386 1226 astrum,
1423 1193 1598 1234 quocum
1628 1190 1738 1233 aptus
1773 1177 1905 1223 fuerit,

493 1260 714 1291 revertetur.
748 1249 832 1300 Qi
853 1256 983 1285 autem
1003 1247 1258 1286 immoderate
1289 1256 1327 1285 et
1346 1247 1602 1300 intemperate
1633 1247 1784 1290 vixerit,
1811 1258 1903 1283 eum

493 1318 679 1358 secundus
700 1325 806 1354 ortus
826 1315 867 1352 in
888 1313 1053 1367 figuram
1081 1313 1317 1352 muliebrem
1349 1313 1563 1352 transferet.
1606 1314 1673 1358 Et,
1703 1313 1729 1351 s1
1752 1325 1798 1351 ne
1820 1321 1907 1350 tum

494 1385 656 1439 quidem
677 1383 795 1421 finem
816 1381 1004 1419 vitiorum
1024 1378 1155 1426 faciet,
1177 1380 1329 1433 gravius
1352 1380 1469 1418 etiam
1484 1380 1705 1432 jactabitur,
1737 1388 1776 1417 et
1795 1379 1837 1417 in
1857 1378 1906 1417 fi-

494 1451 681 1491 millimas
702 1449 777 1486 suis
794 1447 970 1485 moribus
991 1445 1131 1498 figuras
1153 1446 1365 1498 pecudum,
1382 1455 1421 1484 et
1440 1445 1609 1484 ferarum
1630 1444 1879 1484 transferetur
1896 1460 1906 1484 :

493 1531 619 1571 neque
640 1516 833 1554 malorum
855 1513 1069 1551 terminum
1089 1512 1196 1566 prius
1216 1511 1386 1566 aspiciet,
1417 1525 1536 1565 quam
1568 1512 1679 1551 illam
1700 1511 1805 1565 sequi
1826 1525 1909 1551 coe-

494 1586 594 1639 perit
625 1580 927 1626 conversionem,
957 1593 1076 1633 quam
1096 1577 1263 1618 habebat
1283 1579 1325 1617 in
1345 1578 1380 1617 se
1406 1579 1498 1633 ipse,
1529 1579 1698 1632 ejusdem
1721 1588 1758 1617 et
1779 1579 1909 1625 unius,

494 1650 607 1690 fimul
628 1650 799 1687 innatam
821 1655 859 1685 et
879 1642 1044 1684 insitam.
1088 1645 1208 1698 Qod
1229 1655 1314 1684 tum
1336 1645 1499 1690 eveniet,
1530 1658 1622 1683 cum
1644 1645 1723 1690 illa,
1756 1658 1841 1698 quae
1862 1658 1910 1683 ex

495 1720 597 1771 igne,
619 1729 716 1761 aere,
738 1727 848 1767 aqua,
870 1723 985 1767 atque
1006 1721 1114 1758 terra,
1139 1712 1361 1751 turbulenta
1382 1721 1420 1750 et
1440 1711 1597 1751 rationis
1618 1711 1788 1766 expertia
1809 1711 1910 1754 inse-

495 1785 634 1829 derint,
657 1782 822 1834 denique
843 1781 990 1819 ratione
1011 1779 1217 1833 depulerit,
1248 1789 1286 1818 et
1306 1779 1351 1818 ad
1382 1779 1551 1833 primam
1572 1788 1687 1832 atque
1717 1778 1910 1833 optimam

496 1849 738 1889 affectionem
760 1847 881 1885 animi
902 1846 1159 1900 pervenerint.

552 1916 668 1954 XIII.
700 1915 799 1965 Qae
835 1926 927 1950 cum
960 1913 1012 1949 ita
1032 1911 1266 1964 designasset,
1299 1910 1461 1965 seseque,
1493 1912 1520 1950 fi
1541 1912 1637 1965 quid
1658 1911 1784 1966 postea
1804 1910 1910 1949 frau-

497 1983 570 2027 dis,
603 1990 668 2019 aut
701 1978 785 2018 vitii
805 1977 997 2022 evenisset,
1028 1987 1134 2016 extra
1154 1991 1314 2016 omnem
1336 1978 1492 2031 culpam
1514 1977 1743 2031 causamque
1764 1977 1910 2031 posuis-

498 2049 566 2093 set,
584 2047 676 2085 alios
699 2046 737 2084 in
761 2045 894 2090 solem,
913 2044 1006 2082 alios
1027 2045 1066 2082 in
1088 2044 1236 2089 lunam,
1253 2044 1347 2082 alios
1368 2044 1408 2082 in
1430 2044 1593 2097 reliquas
1614 2044 1752 2083 mundi
1772 2053 1912 2097 partes,

499 2129 585 2168 quae
606 2113 693 2152 sunt
713 2111 759 2150 ad
780 2111 990 2165 spatiorum
1012 2111 1198 2164 temporis
1220 2110 1540 2164 significationem
1562 2121 1662 2150 notae
1682 2109 1913 2156 constitutae,

499 2183 675 2236 spargens
703 2178 804 2233 quasi
835 2178 991 2217 serebat.
1039 2177 1127 2217 Post
1160 2186 1288 2216 autem
1316 2177 1502 2216 sationem
1536 2191 1621 2217 eam
1652 2178 1755 2224 Diis,
1787 2188 1830 2217 ut
1861 2178 1913 2215 ita

502 2248 655 2291 dicam,
694 2244 916 2298 junioribus
947 2243 1144 2297 permisit,
1190 2253 1233 2282 ut
1265 2257 1424 2297 corpora
1456 2244 1634 2282 mortalia
1661 2243 1914 2296 effingerent,

458 2334 463 2338 -
501 2322 770 2366 quantumque
800 2309 888 2349 ess‘et
923 2310 1118 2363 reliquum
1148 2323 1195 2349 ex
1231 2308 1404 2348 humano
1432 2309 1578 2354 animo,
1620 2309 1726 2362 quod
1760 2308 1914 2347 deberet

501 2379 692 2423 accedere,
738 2377 776 2415 id
809 2391 925 2416 omne
942 2406 951 2422 ,
991 2386 1029 2415 et
1063 2391 1148 2430 qua:
1188 2375 1382 2429 sequentia
1416 2375 1531 2414 essent
1546 2404 1556 2420 ,
1608 2375 1842 2429 perpolirent
1877 2384 1914 2414 et

502 2446 738 2485 absolverent
758 2459 766 2482 ε
804 2444 942 2483 deinde
979 2453 1020 2482 ut
1055 2443 1147 2482 huic
1182 2442 1369 2481 animanti
1404 2442 1598 2495 principes
1634 2442 1683 2487 se,
1723 2441 1915 2495 ducesque

501 2513 727 2567 praeberent,
752 2512 949 2565 vitamque
983 2512 1063 2565 ejus
1099 2508 1359 2565 pulcherrime
1381 2518 1555 2563 regerent
1575 2518 1612 2547 ct
1632 2509 1914 2562 gubernarent,
