2223 3003
463 245 544 287 234
858 232 964 271 DE
1035 232 1461 274 OFFICIIS

518 336 608 375 Nec
640 347 729 372 vero
761 332 839 370 ulla
868 331 925 370 vis
959 331 1116 384 imperii
1142 340 1245 370 tanta
1274 331 1341 377 est,
1373 345 1473 386 quae,
1508 341 1707 386 premente
1734 344 1857 379 metu,

457 401 572 455 poflit
601 399 672 438 effe
691 399 885 437 diuturna.
913 397 1040 436 Testis
1060 396 1114 435 est
1133 396 1318 444 Phalaris,
1352 398 1469 450 cujus‘
1481 399 1534 436 est
1552 407 1686 452 praeter
1705 409 1858 439 caeteros

458 467 659 505 nobilitata
691 463 920 510 crudelitas;
952 463 1022 516 qui
1051 477 1130 503 non
1164 477 1210 502 ex
1230 463 1375 502 insidiis
1406 464 1567 510 interiit,
1598 473 1641 503 ut
1665 464 1711 510 is,
1742 478 1861 518 quem

457 531 577 570 modo
596 530 691 576 dixi,
709 529 928 568 Alexander
938 547 951 575 ς
983 543 1060 569 non
1079 543 1100 568 a
1113 530 1260 583 paucis,
1277 539 1320 568 ut
1340 528 1405 568 hic
1427 529 1550 568 noster
1562 549 1575 576 ς
1603 529 1666 568 sed
1685 530 1725 568 in
1741 543 1860 583 quem

456 597 628 636 universa
665 595 1014 650 Agrigentinorum
1063 595 1278 636 multitudo
1315 596 1507 649 impetum
1547 595 1667 635 fecit:
1720 596 1859 648 Qid?

456 663 693 703 Macedones
724 675 854 701 nonne
892 662 1143 702 Demetrium
1182 663 1433 716 reliquerunt,
1475 663 1714 715 universique
1745 662 1781 700 se
1814 662 1862 701 ad

456 729 653 783 Pyrrhum
677 728 927 769 contulerunt
945 729 959 766 ?
991 729 1128 782 Qxid?
1160 729 1488 775 Lacedaemonios,
1508 728 1646 781 injuste
1663 729 1861 781 imperan-

456 805 528 844 tes,
549 810 677 837 nonne
696 805 852 850 repente
871 809 1005 834 omnes
1025 794 1103 834 fere
1123 795 1216 834 socii
1236 795 1494 842 deseruerunt,
1515 794 1813 849 spee’tatoresque
1825 795 1863 834 se

454 864 594 904 otiosos
615 862 860 917 praebuerunt
879 861 1092 900 Leustricae
1110 861 1337 900 calamitatis
1353 861 1366 898 ?

511 931 626 970 VIII.
658 930 829 967 Externa
848 927 1033 966 libentius
1052 927 1093 966 in
1119 927 1187 966 tali
1207 941 1259 973 re,
1291 941 1409 981 quam
1429 927 1647 974 domestica,
1669 927 1861 967 recordor.

454 997 733 1040 Veruntamen,
751 993 940 1047 quamdiu
959 994 1170 1047 imperium
1188 993 1327 1047 populi
1345 995 1516 1034 Romani
1535 994 1732 1035 beneficiis
1752 1003 1862 1033 tene-

454 1063 581 1110 batur,
612 1076 690 1102 non
724 1061 890 1114 injuriis,
926 1061 1026 1099 bella
1055 1070 1121 1100 aut
1150 1074 1221 1114 pro
1240 1060 1365 1106 sociis,
1397 1071 1464 1100 aut
1489 1062 1536 1100 de
1566 1061 1732 1115 imperio
1750 1073 1863 1113 gere-

453 1129 595 1169 bantur
607 1148 619 1175 ;
644 1129 770 1169 exitus
790 1136 898 1167 erant
917 1127 1110 1167 bellorum
1131 1136 1197 1166 aut
1216 1128 1345 1173 mites,
1365 1137 1432 1167 aut
1451 1127 1655 1167 necessarii.
1688 1127 1861 1180 Regum,

454 1196 706 1250 populorum,
728 1194 931 1234 nationum
962 1202 1096 1248 portus
1127 1203 1205 1233 erat
1224 1204 1263 1233 et
1288 1193 1485 1248 refugium
1506 1194 1669 1233 senatus.
1728 1193 1864 1232 Nostri

454 1271 586 1301 autem
605 1261 845 1316 magistratus
864 1260 1186 1314 imperatoresque
1206 1275 1253 1299 ex
1278 1259 1351 1299 hac
1373 1274 1449 1299 una
1475 1273 1514 1299 re
1541 1261 1754 1299 maximam
1776 1260 1862 1297 lau-

454 1328 545 1367 dem
565 1341 698 1381 capere
730 1327 945 1372 studebant,
976 1327 1004 1364 fi
1036 1327 1266 1380 provincias,
1298 1326 1324 1365 fi
1356 1326 1476 1365 socios
1507 1326 1685 1379 aequitate
1716 1334 1754 1363 et
1787 1324 1863 1363 fide

453 1393 719 1433 defendissent.
766 1393 901 1446 Itaque
921 1392 1020 1431 illud
1039 1393 1300 1446 patrocinium
1319 1393 1423 1432 orbis
1445 1402 1550 1431 terrae
1569 1392 1709 1437 verius,
1743 1405 1862 1444 qnam

452 1460 678 1513 imperium,
712 1468 860 1513 poterat
890 1459 1096 1498 nominari.
1157 1459 1302 1498 Senfim
1334 1458 1434 1498 hanc
1471 1459 1790 1498 consuetudinem
1824 1467 1863 1494 et

453 1525 698 1579 disciplinam
726 1525 809 1576 jam
840 1533 949 1562 antea
969 1524 1270 1570 minuebamus;
1301 1524 1385 1577 post
1410 1537 1500 1563 vero
1521 1523 1632 1575 Syllae
1662 1523 1862 1562 victoriam

452 1592 606 1645 penitus
627 1590 839 1629 amifimus.
889 1590 1068 1642 Defitum
1087 1589 1139 1628 est
1158 1590 1265 1629 enim
1295 1590 1416 1629 videri
1437 1590 1651 1644 quidquam
1673 1590 1712 1628 in
1741 1588 1862 1628 socios

452 1657 650 1710 iniquum,
673 1671 766 1695 cum
798 1655 979 1695 extitiffet
1008 1657 1050 1695 in
1076 1657 1179 1696 cives
1207 1666 1310 1695 tanta
1329 1657 1548 1696 crudelitas.
1588 1658 1693 1710 Ergo
1719 1656 1759 1695 in
1793 1656 1864 1695 illo

453 1724 580 1762 secuta
598 1723 650 1762 est
670 1722 869 1762 honestam
889 1722 1038 1762 causam
1059 1737 1135 1762 non
1157 1722 1314 1762 honesta
1333 1725 1502 1763 victoria.
1540 1723 1607 1763 Est
1626 1724 1733 1762 enim
1753 1722 1862 1761 ausus

453 1790 593 1836 dicere,
612 1789 714 1829 hasta
729 1790 861 1844 posita,
884 1803 977 1829 cum
998 1791 1099 1829 bona
1117 1791 1157 1829 in
1184 1789 1269 1830 foro
1288 1791 1468 1830 venderet
1487 1800 1525 1829 et
1545 1791 1737 1829 bonorum
1757 1790 1860 1828 viro-

454 1870 558 1901 rum,
579 1865 617 1893 et
636 1856 895 1908 locupletum,
917 1866 955 1894 et
975 1865 1077 1894 certe
1097 1857 1258 1902 civium,
1281 1859 1448 1910 praedam
1470 1857 1574 1896 suam
1596 1857 1630 1896 se
1651 1857 1827 1896 vendere.

510 1924 670 1959 Secutus
710 1921 776 1964 est,
822 1920 890 1972 qui
925 1921 965 1958 in
1013 1920 1121 1958 causa
1157 1921 1291 1973 impia,
1342 1922 1497 1959 vietoria
1534 1923 1650 1959 etiam
1685 1921 1860 1966 foediore,

455 2001 533 2026 non
571 1986 810 2039 singulorum
844 1986 992 2024 civium
1029 1987 1129 2024 bona
1163 1987 1391 2039 publicaret,
1442 1987 1501 2025 sed
1538 1986 1725 2025 universas
1770 2001 1861 2040 pro-

455 2053 598 2092 vincias
620 2051 865 2105 regionesque
897 2065 975 2090 uno
1001 2053 1227 2091 calamitatis
1254 2054 1341 2106 jure
1375 2053 1731 2107 comprehenderet.
1783 2054 1862 2092 Ita-

456 2133 544 2172 que,
567 2118 710 2157 vexatis
730 2127 768 2156 et
794 2117 953 2171 perditis
979 2119 1117 2157 exteris
1150 2119 1382 2164 nationibus,
1414 2120 1459 2158 ad
1493 2120 1719 2173 exemplum
1741 2119 1861 2159 amiffi

457 2185 609 2239 imperii
639 2184 780 2238 portari
801 2185 841 2221 in
873 2183 1075 2237 triumpho
1109 2185 1318 2224 Maffiliam
1350 2186 1533 2232 vidimus,
1565 2196 1668 2225 etex
1695 2200 1737 2224 ca
1768 2187 1862 2225 urbe

457 2251 704 2304 triumphari,
736 2251 812 2289 fine
833 2264 908 2303 qua
930 2264 1130 2304 nunquam
1152 2251 1266 2290 nostri
1297 2252 1543 2305 imperatores
1570 2267 1616 2292 ex
1639 2253 1861 2305 Transalpi-

458 2318 516 2357 nis
552 2317 661 2355 bellis
694 2316 997 2370 triumpharunt.
1031 2317 1162 2356 Multa
1182 2327 1360 2371 practerea
1379 2333 1726 2357 commemorarem
1755 2318 1861 2357 nef-1-

459 2385 515 2422 ria
534 2384 571 2421 in
595 2383 726 2427 socios,
759 2384 782 2421 si
805 2383 879 2422 hoc
911 2398 989 2422 uuo
1015 2383 1067 2422 sol
1099 2385 1315 2437 quidquam
1347 2384 1494 2423 vidifl‘ct
1527 2385 1736 2439 indignius.
1769 2387 1862 2437 Jure

460 2450 577 2503 igitur
601 2449 818 2502 plectimur.
867 2451 948 2488 Nili
970 2451 1075 2488 enim
1097 2450 1311 2490 multorum
1339 2451 1531 2503 impunita
1561 2451 1697 2490 scelera
1717 2452 1861 2491 tuliss‘e-

461 2530 563 2564 mus,
579 2529 781 2571 nunquam
799 2516 844 2555 ad
866 2531 988 2559 uuum
1010 2527 1113 2558 tauta
1131 2517 1353 2572 pervcniss'et
1369 2517 1544 2565 licentia,
1567 2533 1586 2558 a
1605 2533 1684 2573 quo
1703 2519 1863 2573 quidem
