2223 3003
268 374 301 411 Ρ,

273 816 329 847 ¹70

521 276 813 330 VAR1AE
897 275 1457 320 LECTIONE&

361 373 371 402 1

275 392 330 453 ¹³69
353 394 389 442 22
411 410 468 441 duo
482 411 506 441 E
521 413 551 442 U
565 415 626 443 duos

351 462 368 481 2
373 462 387 491 ς
409 452 550 482 inferioris
564 454 592 488 ψ
602 456 724 483 tenuioris

352 493 390 521 26
410 502 427 520 a
442 493 465 520 E
478 494 505 520 d.
518 493 543 527 ψ
555 495 595 521 ad

349 546 385 554 —·
410 531 438 559 id
456 532 479 560 E
495 535 535 560 ad

351 581 387 607 27
409 570 495 600 ferret
513 573 535 600 E
541 574 615 610 feret

353 620 391 648 30
409 610 544 640 deberent
560 612 583 639 E
596 610 719 640 debebant

347 665 390 673 —
406 650 512 679 eisdem
527 652 549 679 E
563 650 748 689 cupiditatibus
761 650 864 690 ejusdem
887 648 913 691 ψ
927 661 972 679 cn-

444 692 571 728 piditaeis
582 691 687 728 {jusdtm

352 737 384 766 3¹
410 739 571 768 quanquam
588 731 610 758 E
629 738 731 769 eamque

351 778 390 806 34
409 769 463 796 viri
479 770 502 797 Ε
518 768 546 797 U
559 769 584 796 d.

374 817 383 836 ι
410 808 515 836 suerint
530 809 560 838 U
563 811 678 847 fuerunt

371 857 387 876 2
409 847 530 876 secutam
545 849 571 884 ψ
578 849 725 885 secuturam

353 895 389 916 ιο
410 888 538 916 cunctum
557 889 578 916 E
593 893 709 917 cuneum
722 887 749 924 ψ
762 894 877 918 eventum

353 937 363 955 ι
374 937 383 955 ι
409 927 453 955 vel
466 927 640 956 —'civitatis
655 927 682 964 ψ
696 930 724 957 d.

352 977 362 996 ι
372 977 386 1006 3
408 966 466 995 illis
482 967 563 996 libris
578 968 601 997 E
616 968 679 997 aliis
692 967 753 997 locis
779 969 809 998 U
823 968 849 1003 ψ
862 967 926 996 aliis
938 966 974 996 Ii-

449 1006 506 1035 bris

355 1055 388 1085 ¹5
411 1046 574 1075 Proximum
589 1047 614 1076 E
628 1047 658 1076 U
673 1045 700 1083 ψ
709 1048 843 1086 proximu:

354 1087 390 1115 16
411 1086 502 1115 libera
514 1087 538 1114 E
552 1086 579 1122 ψ
593 1086 672 1116 libero

349 1141 391 1149 —
411 1135 464 1155 nec
479 1127 501 1155 E
516 1135 544 1155 ut
559 1138 602 1155 nec

355 1175 365 1194 ι
374 1175 389 1203 7
412 1165 501 1195 velint
515 1165 541 1201 ψ
555 1166 650 1195 vellent

354 1214 390 1243 19
411 1213 460 1234 aut
473 1215 521 1234 reo
535 1205 558 1234 E
573 1205 601 1240 ψ
615 1217 650 1234 an
663 1207 695 1235 de
708 1218 749 1236 rto
761 1207 792 1236 U
804 1214 851 1236 aut
864 1205 893 1235 de
903 1215 944 1235 reo

351 1254 391 1274 20
407 1245 565 1282 judicando
579 1247 608 1275 U
614 1247 752 1283 judicante

348 1299 392 1308 -
411 1293 461 1314 aut
474 1285 539 1323 lege
554 1285 577 1313 E
592 1285 655 1320 Usla
667 1288 713 1324 qm'
726 1288 754 1314 in
767 1285 821 1324 lege

349 1339 391 1347 —
409 1325 558 1363 rogatione
573 1324 603 1353 U
616 1329 748 1364 rogatione

349 1378 391 1387 -
410 1364 550 1392 sciscenda
564 1365 650 1398 clam,
673 1374 708 1393 an
723 1366 747 1394 E
763 1365 794 1394 U
807 1364 833 1400 ψ
847 1364 944 1395 clamat

349 1418 391 1426 —
411 1404 484 1432 ferre
498 1405 521 1432 E
529 1407 591 1442 fere

352 1453 392 1480 24
411 1443 491 1482 poffit
505 1445 528 1472 E
539 1445 630 1482 pofflnt
643 1444 669 1479 ψ
678 1446 777 1483 poffian·

352 1492 387 1522 25
411 1482 546 1519 Qintus.
561 1486 586 1518 ψ
599 1486 673 1522 Quia

350 1537 392 1544 —
413 1522 509 1552 Frater
519 1524 542 1551 E
557 1524 633 1561 Qia

352 1571 390 1600 27
412 1561 458 1590 sed
472 1562 596 1593 obtineri
618 1564 642 1592 E
655 1572 679 1593 et
701 1565 812 1594 obtinere
829 1565 855 1599 ψ
865 1562 918 1600 sed
934 1563 978 1594 ob-

450 1610 532 1631 {luere

353 1643 389 1670 28
411 1650 476 1670 cum
491 1641 515 1669 E
529 1645 593 1681 quia

352 1690 389 1718 30
408 1681 590 1718 optimatium
606 1683 629 1712 E
643 1686 790 1713 optimatum

320 1753 329 1762 ·
354 1730 387 1759 31
412 1720 588 1751 tabellariam
616 1715 708 1761 legem
736 1723 874 1753 abstulisse
900 1724 925 1753 E
947 1727 977 1753 in

276 1848 326 1878 ¹7¹

451 1761 592 1790 tabellaria
604 1762 656 1801 lege
668 1763 782 1801 obtuliffl

354 1810 391 1839 32
412 1799 488 1829 idem
506 1802 527 1829 E
542 1803 572 1830 id
581 1804 614 1840 ss

375 1851 391 1869 z
412 1841 567 1870 occultaret
580 1843 604 1870 E
620 1842 650 1871 U
661 1842 786 1872 occultare
796 1843 838 1872 his

374 1890 390 1919 5
413 1881 449 1908 est
464 1881 591 1910 Gabinia
606 1883 628 1910 E
643 1894 661 1911 a
676 1883 787 1911 Gabinio

371 1934 413 1942 —
432 1920 468 1948 ab
484 1922 507 1949 E
522 1924 548 1949 d.

371 1959 391 1988 6
412 1959 499 1988 Caffia
513 1961 536 1989 E
551 1960 593 1989 Iex
607 1962 698 1999 Caffla

374 2008 391 2036 7
412 2009 430 2028 a
443 2000 535 2029 nobili
549 2001 664 2030 homine
677 2002 735 2032 lata
747 2001 785 2032 est
799 2001 823 2030 E
836 2000 872 2031 ab
881 2002 978 2031 bomine

451 2040 532 2068 nobili
548 2040 608 2070 lata

351 2093 393 2101 --
413 2088 482 2116 pace
497 2079 520 2107 E
527 2087 607 2117 parte

373 2119 390 2145 8
410 2120 486 2146 omni
503 2120 526 2147 E
543 2119 569 2147 U
585 2120 610 2154 ψ
622 2124 701 2150 omnis

352 2171 392 2180 —-
411 2157 586 2187 rumusculos
598 2160 621 2188 E
634 2161 659 2194 ψ
673 2160 826 2198 ramusculos
842 2160 873 2189 U
886 2157 978 2197 rivus-

453 2198 519 2226 culos

352 2251 393 2259 —
412 2238 562 2275 populares
577 2238 600 2267 E
617 2237 647 2266 U
662 2237 690 2274 ψ
697 2239 819 2277 populari

353 2285 372 2315 9
392 2277 500 2305 ratione
515 2278 544 2306 U
559 2281 660 2306 racione

352 2330 392 2338 —
412 2326 571 2355 aucupante
586 2318 609 2347 E
622 2318 652 2347 U
664 2326 803 2357 occupante

358 2365 394 2385 ιο
413 2365 449 2384 ne
464 2357 493 2386 U
507 2365 535 2386 ut
549 2368 580 2386 ne

356 2404 367 2424 ι
376 2404 391 2424 2
411 2395 535 2434 relinqui
548 2396 698 2426 videbatur
711 2397 734 2426 E
749 2397 843 2437 reliqui
854 2399 965 2429 videbat

357 2443 368 2463 ι
377 2444 392 2473 3
415 2436 618 2474 perduellionis
633 2438 656 2466 E
668 2437 846 2476 perduelliones

358 2483 395 2513 ¹4
415 2475 510 2513 quoad
529 2476 554 2503 U
570 2487 617 2514 quo
629 2478 668 2505 ad

355 2528 396 2537 —
416 2514 493 2544 vixit
505 2515 619 2544 Eduxit
634 2517 766 2557 Ujunxr'!

315 2553 632 2600 .-seuuqfsa

1025 383 1055 412 p.

1032 1375 1087 1406 ¹72

1116 374 1126 403 l

1029 422 1079 451 ¹7¹
1110 396 1146 451 ιλ.
1165 412 1201 442 C.
1216 411 1359 450 Popilium
1374 414 1397 443 E
1408 403 1524 454 popssulum
1537 417 1563 453 ψ
1576 416 1672 450 Caelius
1681 421 1728 459 pal

1201 453 1291 491 pulum

1109 501 1141 530 ις
1165 493 1286 521 nocuisse
1299 499 1328 520 et
1344 493 1367 521 E
1382 497 1495 534 nocuifflt

1109 531 1144 560 16
1164 532 1264 560 Marco
1278 532 1303 566 ψ
1318 532 1362 560 Co.

1110 573 1144 600 18
1167 570 1265 600 fluctus
1282 572 1390 608 Estetus

1104 625 1146 633 —
1165 611 1283 648 fimpulo
1300 611 1438 649 Efimbulo
1452 610 1574 651 vlrsimsplo

1107 660 1145 679 20
1166 650 1281 687 quidem
1296 660 1349 678 avo
1364 651 1386 679 E
1402 651 1430 679 U
1445 653 1469 686 ψ
1483 656 1592 691 quidem.
1619 655 1677 693 Q?

1107 698 1139 718 21
1166 689 1282 718 Utinam
1300 690 1322 717 E
1338 692 1484 729 Utinanque

1108 738 1144 758 22
1166 729 1331 766 municipali
1348 729 1373 764 ψ
1386 732 1584 769 municipalibus

1108 778 1143 806 23
1166 768 1300 807 quoniam
1315 769 1340 803 ψ
1354 781 1402 797 non

1108 818 1146 846 24
1165 809 1267 847 populi
1281 809 1404 838 Romani
1419 810 1442 839 E
1457 809 1484 847 ψ
1496 814 1562 850 reip.

1105 863 1147 870 —
1167 848 1212 877 sed
1227 849 1251 882 ψ
1266 850 1295 876 d.

1108 897 1144 927 ²5
1167 887 1203 916 ab
1218 888 1271 916 hoc
1286 887 1309 915 E
1323 900 1343 917 a

1109 937 1147 965 30
1168 927 1240 956 nihil
1256 928 1279 956 E
1294 929 1321 956 d.

1109 977 1142 1005 3¹
1167 968 1253 1035 ἀυέο,
1274 977 1357 1006 quam
1369 969 1417 998 hic
1432 969 1536 999 Consul
1551 970 1731 1003 constituerat

1110 1056 1146 1085 32
1169 1047 1330 1085 potestatem
1348 1048 1370 1075 E
1382 1047 1409 1083 ψ
1417 1052 1542 1089 potestate

1110 1096 1145 1124 33
1168 1087 1283 1115 demum
1298 1087 1322 1115 E
1337 1088 1366 1116 U
1380 1092 1442 1118 item

1106 1141 1148 1149 —-
1168 1126 1222 1154 Sed
1236 1127 1298 1164 *lrfi

1106 1180 1149 1189 —
1167 1166 1214 1195 etfi
1230 1165 1257 1201 ψ
1275 1168 1347 1204 etsie

1109 1215 1148 1244 34
1168 1216 1220 1243 pro
1233 1207 1256 1234 E
1268 1213 1318 1243 per

1109 1259 1148 1269 —-
1169 1245 1329 1274 libertatem
1343 1245 1423 1276 istam
1438 1249 1462 1278 E
1477 1248 1507 1278 U
1521 1251 1549 1278 in
1563 1250 1637 1289 istam
1650 1249 1733 1288 lilerg'

1206 1293 1284 1314 tatem
1296 1288 1372 1324 rstam

1109 1334 1145 1364 35
1167 1332 1199 1354 ut
1213 1332 1241 1354 et
1254 1326 1283 1354 U
1295 1333 1323 1353 ue
1336 1326 1365 1355 de

1133 1375 1143 1394 1
1169 1373 1237 1394 nota
1251 1365 1277 1399 ψ
1292 1373 1360 1394 vota

1129 1415 1144 1444 3
1169 1404 1281 1434 tolleret
1295 1405 1318 1432 E
1332 1403 1408 1433 tollat

1129 1455 1148 1481 4
1169 1445 1294 1483 appellet
1307 1445 1331 1472 E
1345 1443 1472 1482 appellent

1130 1485 1149 1513 6
1170 1492 1281 1513 tantum
1296 1484 1317 1511 E
1334 1484 1359 1518 ψ
1372 1492 1458 1512 tamen

1128 1534 1147 1562 9
1168 1524 1311 1556 offeratur,
1329 1523 1370 1552 uti
1383 1524 1407 1557 ψ
1421 1526 1544 1561 ffratur
1556 1531 1589 1555 ut

1109 1579 1151 1588 -—
1170 1562 1284 1591 ineoE
1301 1563 1329 1591 U
1346 1564 1452 1597 nespd.

1109 1618 1150 1626 .-
1170 1602 1230 1639 ipso
1245 1601 1272 1636 ψ
1287 1603 1344 1639 ipsa

1111 1653 1147 1672 ιο
1168 1642 1279 1670 honeste
1293 1642 1318 1676 ψ
1332 1642 1433 1680 honesta

1107 1699 1148 1706 .-
1167 1681 1344 1720 gratificandi
1360 1683 1382 1710 E
1400 1683 1427 1712 U
1437 1685 1620 1722 gratificandi-v

1113 1733 1122 1751 1
1133 1733 1147 1752 2
1170 1721 1274 1749 solebat
1289 1721 1314 1756 ψ
1325 1723 1353 1749 d.

1112 1763 1147 1791 16
1169 1761 1258 1789 nostra
1272 1761 1295 1788 E
1311 1763 1401 1799 nostrae

1112 1805 1147 1831 18
1169 1800 1294 1839 sequitur
1309 1802 1435 1838 Eli-quar

1109 1857 1150 1866 -
1169 1841 1274 1879 quibus
1290 1841 1312 1868 E
1328 1842 1393 1878 quod

1109 1897 1150 1905 -
1169 1881 1274 1919 agendi
1289 1882 1311 1908 E.
1322 1882 1347 1915 ψ
1358 1883 1405 1918 agi

1114 1932 1149 1961 ¹9
1171 1922 1242 1958 Qae
1256 1930 1320 1948 cum
1334 1919 1440 1958 populo
1455 1919 1478 1948 E
1494 1921 1524 1950 U
1538 1921 1566 1950 d.
1581 1921 1606 1957 ψ
1618 1922 1734 1961 Qaeque

1111 1972 1149 1991 20
1169 1968 1288 1998 agentur
1303 1961 1325 1987 E
1344 1960 1368 1988 U
1384 1969 1498 1998 aguntur

1108 2017 1150 2025 —
1168 2001 1268 2029 sunto:
1292 2001 1320 2028 id
1332 1999 1370 2027 est
1384 1999 1407 2027 E
1425 2000 1525 2036 Ustmt
1535 2009 1561 2029 et

1112 2051 1144 2070 21
1171 2041 1264 2069 sedata
1276 2040 1301 2073 ψ
1312 2041 1350 2068 ad
1348 2039 1444 2075 sedata

1109 2097 1150 2104 —
1171 2081 1258 2109 Αέὶοτ
1271 2080 1347 2107 enim
1364 2080 1386 2106 E
1404 2078 1431 2106 U
1445 2081 1542 2107 Amor
1553 2081 1618 2108 enim
1631 2086 1657 2108 et

1109 2135 1151 2144 —
1171 2129 1198 2148 et
1215 2119 1297 2155 fingit
1317 2120 1338 2146 E
1356 2119 1383 2146 U
1399 2120 1494 2157 effingit

1111 2170 1148 2189 22
1170 2158 1247 2197 quod
1261 2158 1285 2184 E
1306 2158 1330 2192 ψ
1345 2161 1445 2196 qzodfi

1110 2209 1146 2238 23
1169 2199 1205 2228 est
1225 2197 1300 2225 enim
1324 2204 1431 2226 ¹enator
1452 2198 1477 2228 is
1496 2199 1519 2228 E
1525 2198 1653 2234 senatoris
1669 2198 1735 2228 enim

1210 2239 1235 2272 ψ
1247 2239 1282 2275 est
1294 2240 1359 2266 enirn
1365 2240 1494 2274 sinatoris

1109 2293 1152 2302 -—
1172 2278 1328 2306 auditorem
1345 2277 1368 2305 E
1384 2277 1411 2313 ψ
1425 2284 1552 2309 αιιέῖονηη

1111 2318 1148 2348 26
1171 2325 1283 2356 rogatus
1295 2318 1320 2351 ψ
1334 2320 1464 2355 rogitatus

1112 2367 1149 2395 27
1170 2358 1288 2386 oratoris
1304 2357 1331 2385 U
1346 2360 1469 2387 orationis

1113 2399 1150 2426 28
1172 2404 1220 2426 aut
1236 2397 1259 2424 E
1275 2397 1303 2425 U
1318 2396 1344 2432 ψ
1358 2405 1387 2425 ut

1112 2447 1151 2475 29
1171 2438 1203 2466 fit
1215 2437 1238 2465 E
1241 2437 1281 2474 sit

1111 2491 1153 2500 —
1174 2477 1254 2505 nullo
1269 2477 1291 2504 E
1307 2475 1403 2504 nullum

1113 2525 1153 2554 30
1172 2515 1237 2548 tolli
1251 2515 1328 2546 diem
1341 2515 1366 2546 E
1379 2514 1446 2546 tellit
1457 2515 1522 2546 idm
1535 2514 1562 2554 ψ
1577 2515 1633 2546 tolli
1645 2515 1720 2553 demi
