2223 3003
640 238 916 280 LIBER
975 240 1476 280 SECUNDUS.
1688 256 1767 298 239

363 339 470 378 Cum
490 338 610 392 igitur
630 349 733 379 tanta
752 340 808 379 vis
834 339 990 392 justitiae
1010 338 1068 385 fit,
1100 349 1144 378 ut
1163 354 1205 378 ea
1224 341 1339 379 etiam
1371 341 1564 379 latronum
1588 355 1677 394 opes
1698 343 1766 381 fir-

364 415 445 443 met
465 415 580 458 atque
600 415 748 459 augeat,
770 415 952 458 quantam
969 406 1050 457 ejus
1071 407 1152 444 vim
1173 406 1272 445 inter
1287 406 1387 460 leges
1404 416 1441 445 et
1450 407 1598 460 judicia
1614 408 1654 447 in
1670 422 1767 448 con—

363 469 493 509 stituta
512 472 708 524 republica
725 470 807 509 fore
826 480 1006 523 putamus
1025 471 1040 508 ?

419 538 513 576 XII.
547 537 654 576 Mihi
675 537 834 589 quidem
856 549 933 574 non
953 536 1054 588 apud
1069 537 1210 575 Medos
1231 538 1369 583 solum,
1393 549 1435 577 ut
1455 540 1508 577 ait
1528 540 1766 587 Herodotus,

364 602 426 641 sed
445 604 561 642 etiam
587 603 688 655 apud
708 603 869 653 majores
890 601 1050 646 nostrOS,
1066 602 1224 653 justitIae
1254 603 1424 642 fruendae
1454 605 1564 643 causa
1588 607 1768 646 videntur

363 669 459 708 olim
480 670 575 707 bene
595 667 735 706 morati
764 680 868 719 reges
899 667 1113 706 constituti.
1144 668 1251 706 Nam
1283 682 1375 707 cum
1395 682 1631 722 premeretur
1656 674 1768 727 inops

363 734 577 773 multitudo
597 733 644 771 ab
664 733 726 777 iis,
759 734 827 785 qui
847 734 1009 785 majores
1040 747 1130 787 opes
1151 732 1359 780 habebant,
1385 735 1431 773 ad
1452 750 1576 774 unum
1596 738 1768 790 aliquem

363 799 641 854 confugiebant
669 799 813 837 virtute
842 799 1108 852 praestantem;
1140 800 1222 852 qui,
1254 814 1347 839 curn
1377 801 1600 854 prohiberet
1629 804 1769 856 injuria

360 866 568 911 tenuiores,
589 866 769 919 aequitate
788 865 1056 905 constituenda
1082 866 1254 905 summos
1285 881 1379 905 cum
1409 867 1556 906 infimis
1586 869 1667 921 pari
1681 870 1769 922 jure

362 932 562 971 retinebat.
594 932 821 985 Eademque
836 932 1190 971 constituendarum
1208 933 1342 986 legum
1362 932 1439 972 fuit
1459 934 1579 979 causa,
1602 949 1688 988 quae
1707 949 1769 974 re-

360 1011 472 1050 gum.
494 999 565 1050 Jus
585 998 690 1037 enim
712 998 859 1052 semper
875 998 1077 1052 quaesitum
1097 999 1149 1037 est
1165 999 1370 1052 aequabile,
1392 1013 1517 1053 neque
1534 1001 1640 1039 enim
1660 1002 1770 1041 aliter

361 1064 451 1103 effet
464 1065 542 1116 jus.
590 1065 634 1103 Id
656 1065 681 1103 fi
713 1065 759 1103 ab
781 1079 859 1104 uno
883 1065 1001 1117 justo,
1032 1074 1070 1103 et
1100 1065 1204 1104 bono
1234 1067 1316 1105 viro
1345 1066 1690 1119 consequebantur,
1722 1081 1770 1107 eo

361 1139 468 1168 erant
487 1131 676 1169 contenti.
724 1132 829 1169 Cum
849 1131 889 1170 id
911 1132 1041 1169 minus
1061 1132 1316 1184 contingeret,
1346 1132 1450 1185 leges
1480 1132 1567 1171 sunt
1587 1133 1766 1179 inventae,

361 1209 447 1247 quae
469 1210 561 1235 cum
591 1197 774 1235 omnibus
795 1196 944 1249 semper
976 1211 1052 1235 una
1082 1207 1197 1250 atque
1226 1199 1359 1236 eadem
1378 1212 1472 1238 voce
1501 1199 1767 1252 loquerentur.

361 1262 469 1315 Ergo
490 1262 566 1301 hoc
586 1262 745 1316 quidem
764 1262 1011 1316 perspicuum
1029 1263 1097 1308 est,
1126 1277 1189 1302 eos
1213 1264 1259 1302 ad
1279 1265 1548 1317 imperandum
1570 1265 1687 1318 deligi
1707 1266 1768 1304 so·-

360 1327 465 1373 litos,
499 1343 666 1381 quorum
687 1329 896 1380 dejustitia
914 1343 1054 1382 magna
1082 1329 1171 1367 effet
1201 1331 1336 1382 opinio
1357 1331 1635 1370 multitudinis.
1680 1331 1769 1370 Ad-

355 1394 492 1447 juncto
513 1396 617 1441 vero,
651 1404 694 1434 ut
725 1395 846 1435 iidem
877 1396 995 1434 etiam
1026 1396 1234 1449 prudentes
1264 1396 1509 1442 haberentur,
1540 1396 1641 1435 nihil
1674 1408 1767 1444 erat,

359 1462 467 1513 quod
486 1462 666 1502 homines
686 1462 748 1502 his
768 1464 985 1502 au&oribus
1007 1477 1084 1502 non
1100 1464 1203 1516 posse
1222 1464 1403 1517 consequi
1424 1464 1459 1502 se
1479 1464 1766 1504 arbitrarentur.

363 1528 490 1566 Omni
520 1529 639 1581 igitur
659 1530 804 1567 ratione
834 1530 993 1568 colenda
1011 1540 1049 1568 et
1079 1531 1274 1569 retinenda
1299 1531 1448 1583 justitia
1477 1531 1544 1576 est,
1574 1540 1662 1569 tum
1688 1531 1768 1583 ipsa

362 1604 518 1648 propter
538 1595 625 1640 sese,
656 1597 763 1647 (nam
784 1596 892 1634 aliter
909 1596 1058 1647 justitia
1077 1611 1154 1635 non
1174 1597 1280 1647 effet)
1314 1607 1399 1635 tum
1419 1606 1574 1649 propter
1594 1597 1765 1650 amplifi-

362 1661 553 1700 cationem
575 1661 731 1700 honoris
752 1672 790 1699 et
804 1662 948 1714 gloriae.
973 1662 1045 1699 Sed
1066 1672 1108 1699 ut
1124 1662 1295 1714 pecuniae
1316 1675 1393 1699 non
1411 1662 1621 1713 quaerendae
1641 1662 1766 1700 solum

361 1727 458 1765 ratio
478 1727 544 1773 est,
566 1728 626 1766 sed
647 1728 762 1766 etiam
784 1727 1030 1772 collocandae,
1052 1741 1136 1779 quae
1157 1737 1361 1779 perpetuos
1382 1726 1558 1780 sumptus
1584 1727 1767 1781 suppedi-

360 1802 429 1839 tet,
452 1807 522 1833 nec
543 1794 668 1833 solum
690 1793 922 1838 necess‘arios,
944 1793 1005 1831 sed
1025 1794 1140 1832 etiam
1163 1793 1334 1832 liberales
1352 1812 1363 1839 5
1396 1793 1445 1832 fic
1465 1794 1586 1846 gloria
1605 1803 1642 1833 et
1657 1808 1766 1847 quae·

361 1860 490 1905 tenda,
512 1870 549 1899 et
570 1860 791 1899 collocanda
812 1860 955 1898 ratione
974 1859 1041 1898 est.

417 1927 653 1978 Qanquam
673 1926 850 1978 praeclare
871 1927 1038 1964 Socrates
1058 1925 1157 1964 hanc
1179 1926 1280 1964 viam
1300 1926 1346 1964 ad
1362 1926 1525 1979 gloriam
1545 1925 1765 1979 proximam

362 2001 400 2029 et
420 1991 524 2043 quafi
545 1991 872 2044 compendiariam
894 1991 1045 2030 dicebat
1065 1991 1150 2037 effe,
1182 1992 1206 2030 fi
1229 1992 1315 2044 quis
1331 1992 1371 2029 id
1391 2000 1531 2045 ageret,
1564 2000 1620 2036 ut,
1642 1993 1765 2044 qualis

359 2056 492 2095 haberi
513 2058 639 2103 vellet,
663 2058 748 2096 talis
769 2057 870 2096 effer.
904 2058 1023 2109 Qod
1044 2058 1070 2096 fi
1091 2059 1159 2110 qui
1178 2058 1432 2103 fimulatione‚
1455 2067 1493 2095 et
1513 2057 1616 2095 inani
1637 2057 1764 2095 osten-

360 2123 518 2168 tatione,
550 2133 587 2162 et
607 2124 697 2163 ficto
717 2138 794 2163 non
814 2125 933 2162 modo
954 2124 1138 2169 sermone,
1170 2123 1232 2161 sed
1251 2124 1367 2161 etiam
1388 2123 1512 2167 vultu,
1535 2122 1709 2160 stabilem
1729 2123 1766 2161 se

360 2189 525 2242 gloriam
559 2190 740 2242 consequi
770 2189 870 2242 poffe
891 2199 1036 2234 rentur,
1064 2189 1311 2227 vehementer
1335 2198 1473 2226 errant.
1524 2188 1624 2226 Vera
1643 2189 1765 2241 gloria

362 2255 504 2294 radices
525 2256 617 2308 agit,
640 2265 753 2307 atque
785 2255 901 2292 etiam
922 2263 1153 2307 propagatur
1172 2268 1180 2291 z
1213 2253 1299 2291 fieta
1319 2255 1450 2292 omnia
1470 2253 1654 2299 celeriter,
1677 2263 1762 2292 tan-

361 2335 480 2373 quam
507 2321 669 2366 flosculi‚
701 2320 898 2365 decidunt,
935 2334 1006 2358 nec
1037 2319 1258 2358 simulatum
1290 2320 1414 2372 potest
1447 2320 1660 2372 quidquam
1693 2320 1764 2359 effe

363 2387 607 2427 diuturnum.
639 2387 772 2426 Testes
794 2386 880 2425 sunt
898 2386 1084 2440 permulti
1103 2386 1144 2423 in
1165 2395 1367 2439 utramque
1387 2396 1559 2439 partem,
1582 2386 1657 2431 sed,
1674 2387 1762 2425 bre-

363 2452 490 2490 vitatis
511 2454 632 2499 causa,
662 2452 811 2492 familia
829 2453 972 2491 erimus
992 2451 1164 2490 contenti
1184 2465 1271 2490 una.
1310 2452 1406 2490 Tib.
1423 2452 1528 2490 enim
1545 2451 1762 2496 Gracchus,

366 2517 412 2557 P.
434 2516 550 2566 filius,
580 2520 731 2560 tamdiu
749 2519 979 2566 laudabitur,
1010 2518 1103 2558 dum
1125 2517 1311 2558 memoria
1342 2530 1470 2558 rerum
1497 2518 1766 2557 Romanarum
