2223 3003
426 219 476 257 72
714 205 815 242 DE
873 194 1522 241 DIVINATIONE

426 304 561 357 positas
582 301 770 345 decidisse,
801 313 925 352 neque
955 312 1015 337 eas
1035 299 1195 351 usquam
1215 308 1376 350 repertas
1407 298 1478 336 effe
1497 297 1651 342 dixisti;
1682 297 1813 336 furum

429 370 467 408 id
487 369 607 420 magis
627 367 786 409 factum,
807 378 924 416 quam
945 365 1134 408 Deorum,
1162 363 1325 401 videtur.
1371 363 1498 401 Simiae
1515 376 1604 401 vero
1619 363 1815 402 Dodoneae

427 432 715 485 improbitatem
748 428 914 467 historiis
945 423 1092 468 GraScis
1122 428 1342 466 mandatam
1372 427 1442 466 effe
1482 427 1663 466 demiror.
1708 427 1818 479 Qid

428 499 556 536 minus
591 495 751 539 mirum,
793 507 911 546 quam
955 494 1064 532 illam
1097 493 1447 532 monstrofiffirnam
1489 492 1647 531 bestiam
1680 504 1818 530 urnam

426 560 606 605 evertisse,
638 561 751 598 sortes
782 559 1034 612 diffipaviffe?
1066 559 1118 597 Et
1149 567 1288 611 negant
1318 557 1489 596 historici
1518 556 1818 596 Lacedaemoniis

429 628 555 667 ullum
574 626 765 665 ostentum
785 623 860 663 hoc
882 624 1022 663 tristius
1042 624 1236 663 accidisse!
1260 624 1366 663 Nam
1397 623 1462 662 illa
1481 624 1656 676 praedifta
1675 623 1819 660 Veien-

429 693 543 737 tium,
575 692 600 730 fi
621 692 724 730 lacus
745 690 918 729 Albanus
939 689 1188 735 redundasset,
1218 689 1324 742 isque
1344 689 1384 727 in
1405 702 1508 726 mare
1528 688 1706 733 fluxifl‘et,
1735 689 1819 725 Ro-

430 771 534 796 mam
566 757 771 810 perituram
787 774 800 800 5
831 756 857 793 fi
878 755 1057 808 repressus
1077 754 1179 799 esset,
1207 755 1348 793 Veios:
1379 754 1432 792 ita
1461 767 1556 806 aqua
1577 753 1727 792 Albana
1752 753 1820 790 de-·

431 824 544 861 ducta
569 823 614 860 ad
635 821 842 859 utilitatem
869 821 948 873 agri
968 819 1187 864 suburbani,
1218 831 1296 858 non
1315 819 1362 857 ad
1377 833 1502 858 arcem
1530 818 1741 870 urbemque
1762 831 1821 855 re·

433 888 642 927 tinendam.
675 889 728 925 At
748 887 860 939 paulo
880 886 963 939 post
982 885 1109 924 audita
1127 899 1203 924 vox
1222 885 1275 924 est
1294 886 1500 931 monentis,
1523 895 1566 923 ut
1583 884 1823 937 providerent

433 969 480 993 ne
510 968 529 992 a
550 953 674 995 Gallis
696 955 823 991 Roma
841 961 1065 1005 caperetur,
1097 965 1144 990 ex
1164 965 1209 990 eo
1229 953 1305 990 Aio
1326 952 1520 1004 Loquenti
1539 965 1640 989 aram
1662 951 1701 988 in
1728 963 1824 988 nova

433 1020 493 1057 via
522 1019 790 1057 consecratam.
837 1017 945 1070 Qid
975 1018 1092 1070 ergo?
1123 1017 1220 1055 Aius
1247 1017 1313 1054 iste
1344 1016 1520 1068 loquens,
1556 1015 1708 1068 quando
1735 1029 1825 1052 eum

434 1097 549 1123 nemo
571 1093 692 1129 norat,
712 1083 849 1126 aiebat,
870 1092 908 1120 et
927 1082 1168 1134 loquebatur,
1190 1090 1228 1120 et
1247 1095 1294 1120 ex
1312 1094 1357 1119 eo
1377 1094 1519 1119 nomen
1539 1081 1686 1118 invenit
1698 1098 1710 1125 ς
1739 1079 1825 1132 pos-

435 1161 611 1203 teaquam
631 1159 669 1188 et
689 1149 829 1193 sedem,
850 1158 889 1187 et
907 1161 1024 1193 aram,
1048 1157 1086 1187 et
1106 1161 1248 1187 nomen
1268 1147 1427 1191 invenit,
1448 1147 1646 1185 obmutuit
1663 1146 1676 1183 ?
1711 1145 1827 1196 Qod

435 1217 539 1254 idem
573 1216 651 1253 dici
685 1215 731 1252 de
758 1215 922 1252 Moneta
942 1213 1061 1265 potest
1073 1231 1085 1258 ς
1117 1227 1138 1251 a
1156 1226 1245 1266 qua,
1276 1222 1529 1267 praeterquam
1554 1212 1601 1250 de
1621 1211 1683 1250 sue
1703 1211 1827 1263 plena,

435 1281 530 1334 quid
551 1294 723 1334 unquam
743 1279 885 1318 moniti
904 1279 1033 1318 sumus
1051 1280 1064 1316 ?

491 1347 686 1386 XXXIII.
720 1346 813 1384 Satis
835 1346 957 1383 multa
986 1345 1032 1383 de
1052 1345 1221 1384 ostentis.
1254 1344 1435 1398 Auspicia
1465 1344 1615 1389 restant,
1648 1352 1686 1381 et
1717 1343 1830 1382 sortes

436 1428 488 1453 eae
508 1427 593 1467 quae
612 1413 820 1457 ducuntur,
832 1425 909 1450 non
927 1411 1003 1450 illae
1016 1425 1101 1464 quae
1120 1411 1390 1450 vaticinatione
1402 1410 1632 1454 funduntur,
1643 1423 1726 1461 quae
1746 1422 1830 1447 ora-

437 1480 525 1518 cula
543 1479 666 1517 verius
686 1478 853 1516 dicimus
869 1496 881 1522 5
913 1477 959 1515 de
975 1477 1115 1529 quibus
1134 1486 1219 1515 tum
1239 1477 1427 1521 dicemus,
1444 1489 1536 1514 cum
1557 1475 1603 1513 ad
1623 1474 1833 1512 naturalem

439 1545 716 1583 divinationem
736 1544 965 1581 venerimus.
998 1542 1127 1581 Restat
1147 1543 1264 1581 etiam
1284 1543 1330 1581 de
1347 1541 1536 1581 Chaldaeis
1553 1556 1561 1579 ε
1585 1540 1647 1578 sed
1662 1540 1834 1592 primum

438 1610 602 1663 auspicia
622 1610 831 1648 videamus.
875 1608 1059 1646 Difficilis
1090 1609 1224 1661 auguri
1243 1608 1349 1646 locus
1373 1608 1419 1646 ad
1446 1617 1578 1645 contra
1597 1606 1803 1644 dicendum
1819 1623 1831 1650 3

440 1676 570 1716 Marso
599 1675 761 1720 fortass‘e,
804 1674 865 1712 sed
896 1675 1076 1713 Romano
1109 1673 1334 1713 facillimus.
1385 1674 1478 1712 Non
1508 1673 1612 1711 enim
1644 1673 1773 1709 sumus
1807 1671 1834 1708 ii

440 1756 509 1781 nos
545 1754 720 1794 augures,
764 1741 832 1792 qui
866 1741 994 1777 avium
1029 1740 1314 1791 reliquorumve
1348 1738 1542 1790 signorum
1577 1736 1835 1775 observatione

442 1807 570 1845 futura
590 1807 790 1844 dicamus:
822 1813 859 1842 et
893 1813 1021 1842 tamen
1047 1804 1160 1841 credo
1192 1803 1425 1847 Romulum,
1454 1802 1521 1855 qui
1553 1801 1690 1840 urbem
1710 1801 1836 1854 auspi-

443 1882 528 1911 cato
559 1871 750 1915 condidit,
795 1869 964 1907 habuisse
997 1870 1236 1922 opinionem,
1277 1868 1347 1907 effe
1382 1869 1420 1906 in
1454 1868 1695 1921 providendis
1727 1868 1836 1905 rebus

445 1937 653 1991 augurandi
674 1936 885 1979 scientiam,
919 1935 1083 1986 (errabat
1112 1936 1216 1974 enim
1248 1934 1383 1975 multis
1411 1934 1449 1972 in
1478 1934 1589 1971 rebus
1611 1933 1835 1985 antiquitas)

448 2017 566 2056 quam
588 2003 645 2040 vel
670 2001 736 2040 usu
761 2002 859 2054 jam,
891 2000 949 2038 vel
970 2000 1153 2045 dostrina,
1185 2001 1243 2038 vel
1265 1999 1446 2038 vetustate
1466 1999 1711 2038 immutatam
1731 1999 1837 2036 vide-

447 2084 547 2109 mus.
581 2069 783 2107 Retinetur
803 2076 931 2105 autem
951 2077 989 2105 et
1005 2067 1050 2105 ad
1071 2067 1294 2120 opinionem
1314 2066 1435 2119 vulgi,
1456 2075 1494 2104 et
1518 2066 1563 2104 ad
1584 2077 1738 2118 magnas
1759 2065 1838 2102 uti-

448 2136 571 2174 litates
594 2133 824 2187 reipublicae,
848 2146 947 2179 mos,
969 2133 1117 2187 religio,
1139 2132 1353 2187 disciplina,
1370 2133 1434 2186 jus
1455 2145 1658 2186 augurum,
1687 2130 1839 2184 collegii

447 2201 661 2240 austoritas.

510 2267 595 2305 Nec
627 2280 714 2304 vero
746 2280 822 2305 non
842 2266 948 2305 omni
970 2266 1159 2319 supplicio
1189 2266 1295 2319 digni
1328 2267 1370 2304 P.
1395 2265 1594 2309 Claudius,
1618 2265 1664 2302 L.
1688 2263 1840 2314 Junius,

452 2333 650 2376 Consules,
682 2333 749 2384 qui
781 2341 911 2371 contra
941 2331 1104 2384 auspicia
1131 2333 1369 2384 navigarunt.
1403 2331 1615 2369 Parendum
1636 2330 1741 2368 enim
1769 2328 1843 2367 fuit

451 2399 640 2451 religioni,
663 2412 730 2436 nec
754 2399 894 2451 patrius
916 2411 999 2435 mos
1033 2407 1110 2436 tam
1131 2397 1409 2436 contumaciter
1440 2395 1705 2450 repudiandus.
1752 2394 1843 2446 Jure

455 2464 571 2516 igitur
592 2465 683 2502 alter
716 2464 849 2516 populi
877 2463 1025 2515 judicio
1045 2463 1244 2501 damnatus
1269 2463 1347 2506 est;
1380 2463 1472 2501 alter
1493 2472 1658 2500 mortem
1686 2461 1752 2499 fibi
1783 2461 1843 2513 ip-

453 2529 489 2570 se
508 2530 706 2569 conscivit.
759 2530 972 2569 Flaminius
994 2543 1070 2569 non
1092 2530 1216 2583 paruit
1236 2528 1410 2581 auspiciis
1430 2548 1440 2573 ;
1474 2530 1599 2581 itaque
1620 2528 1732 2581 periit
1754 2539 1844 2565 cum
