2223 3003
752 256 857 295 DE
915 255 1494 299 SENECTUTE.
1695 276 1774 316 309

428 356 498 395 Sed
518 354 613 409 quid
632 368 704 408 ego
723 355 817 394 alios
835 356 848 393 ?
880 354 925 394 ad
945 355 1137 408 meipsum
1151 356 1234 408 jam
1254 365 1428 396 revertar.
1459 356 1638 397 Primum
1655 355 1778 397 habui

372 421 519 475 semper
537 421 680 461 sodales
698 436 708 461 ε
740 421 964 460 sodalitates
983 431 1114 460 autem
1133 435 1198 460 me
1218 422 1415 473 Qaestore
1437 423 1654 463 constitutae
1673 423 1777 470 sunt,

372 489 482 527 sacris
504 489 613 528 Idaeis
634 489 791 541 Magnae
810 489 951 526 Matris
970 489 1152 541 acceptis.
1194 489 1390 542 Epulabar
1415 490 1534 543 igitur
1554 504 1647 530 cum
1667 489 1778 529 soda-

371 555 475 594 libus
494 556 655 594 omnino
675 553 853 598 modice5
884 553 947 591 sed
976 563 1055 591 erat
1081 553 1240 606 quidam
1260 553 1388 594 fervor
1417 557 1550 601 aetatis,
1582 570 1659 609 qua
1684 570 1779 610 pro-

370 622 579 674 grediente,
612 619 744 658 omnia
777 619 873 657 fient
904 619 945 656 in
975 618 1054 657 dies
1089 619 1271 659 mitiora:
1316 633 1442 673 neque
1471 622 1578 660 enim
1606 623 1780 675 ipsorum

371 687 638 726 conviviorum
668 684 962 722 delcetationem
991 683 1253 737 voluptatibus
1288 686 1458 738 corporis
1487 688 1626 740 magis,
1657 702 1782 741 quam

371 761 476 791 coetu
505 751 720 790 amicorum
751 758 789 788 et
819 749 1075 795 sermonibus,
1107 750 1309 789 metiebar.
1351 752 1455 789 Bene
1479 752 1587 790 enim
1614 755 1780 805 majores·

371 817 487 856 nostri
507 816 799 855 accubationem
827 816 1026 870 epularem
1056 816 1290 863 amicorum,
1317 817 1407 870 quia
1426 817 1514 856 vitae
1533 819 1780 871 conjundtio-

369 896 459 922 nem
488 881 660 928 haberet,
682 882 888 922 convivium
908 882 1158 922 nominarunt
1173 901 1186 928 ς
1218 883 1372 929 melius,
1395 897 1514 937 quam
1535 884 1687 930 Graeci,
1709 885 1778 938 qui

368 948 445 987 hoc
464 949 569 988 idem
590 957 677 988 tum
693 949 1038 1002 compotationem,
1062 958 1147 988 tum
1168 950 1502 988 concoenationem
1522 959 1695 990 vocant:
1718 960 1780 997 ut,

369 1015 476 1068 quod
496 1015 537 1054 in
557 1028 602 1054 eo
621 1028 759 1071 genere
779 1016 993 1054 minimum
1013 1015 1080 1061 est,
1100 1015 1140 1054 id
1161 1016 1329 1055 maxime
1349 1016 1508 1069 probare
1527 1016 1742 1056 videantur.

423 1082 537 1121 XIV.
571 1082 659 1135 Ego
692 1095 781 1120 vero
811 1091 967 1135 propter
998 1081 1182 1121 sermonis
1215 1082 1510 1121 delectationem
1544 1082 1778 1136 tempestivis

369 1161 525 1201 quoque
545 1148 732 1187 conviviis
754 1147 932 1193 delector,
954 1161 1024 1186 nec
1045 1162 1137 1187 cum
1158 1149 1369 1201 aequalibus
1391 1148 1536 1194 solum,
1556 1150 1643 1201 (qui
1662 1148 1779 1202 pauci

369 1215 581 1253 admodum
602 1214 757 1266 restant)
787 1214 848 1252 sed
869 1228 962 1252 cum
982 1215 1100 1253 vestra
1128 1217 1244 1254 etiam
1266 1224 1387 1260 aetate,
1408 1225 1523 1268 atque
1547 1216 1746 1254 vobiscum
1762 1233 1775 1260 ς

368 1279 570 1333 habeoque
600 1280 785 1319 sene8mti
813 1294 995 1333 magnam
1022 1281 1200 1334 gratiam,
1232 1296 1317 1334 quae
1348 1281 1449 1320 mihi
1480 1281 1663 1320 sermonis
1695 1281 1778 1319 avi-

368 1346 530 1385 ditatem
550 1347 671 1392 auxit,
701 1346 871 1400 potionis
891 1356 930 1385 et
949 1347 1030 1384 cibi
1050 1347 1213 1386 sustulit.
1247 1348 1366 1399 Qod
1386 1347 1412 1385 fi
1434 1361 1553 1399 quem
1574 1349 1691 1385 etiam
1712 1346 1779 1384 ista

367 1412 570 1459 delectant,
604 1413 670 1465 (ne
700 1412 864 1451 omnino
895 1413 1045 1451 bellum
1073 1412 1250 1451 indixiffe
1279 1413 1407 1451 videar
1425 1413 1630 1466 voluptati,
1666 1413 1777 1465 cujus

368 1478 421 1516 est
440 1480 558 1517 etiam
578 1479 728 1518 fortasse
748 1479 908 1531 quidam
940 1480 1123 1518 naturalis
1144 1481 1302 1531 modus)
1331 1493 1410 1518 non
1431 1479 1623 1532 intelligo,
1660 1492 1708 1518 ne
1737 1479 1779 1517 in

368 1543 447 1582 istis
469 1544 630 1597 quidem
650 1544 914 1597 voluptatibus
935 1545 1022 1597 ipfis
1043 1559 1168 1583 carere
1187 1545 1293 1583 sensu
1312 1545 1560 1583 seneffiutem.
1598 1546 1669 1583 Me
1688 1557 1779 1583 vero

368 1619 407 1648 et
427 1611 641 1663 magisteria
670 1611 859 1649 delectant
889 1624 909 1648 a
929 1611 1138 1662 majoribus
1168 1611 1340 1649 instituta
1355 1629 1367 1656 5
1399 1620 1437 1649 et
1457 1612 1488 1649 is
1519 1611 1656 1656 sermo,
1692 1611 1777 1663 qui,

368 1690 475 1715 more
495 1678 700 1728 majorum,
730 1689 749 1713 a
769 1675 924 1714 summo
943 1675 1146 1715 adhibetur
1166 1677 1205 1715 in
1226 1677 1376 1730 poculis
1393 1695 1404 1722 ;
1436 1686 1473 1715 et
1493 1677 1646 1730 pocula,
1682 1677 1781 1715 ficut

369 1743 408 1781 in
431 1742 619 1796 symposio
639 1740 927 1794 Xenophontis,
957 1743 1109 1781 minuta
1128 1753 1241 1796 atque
1262 1743 1453 1787 rorantia;
1485 1753 1521 1781 et
1542 1742 1783 1796 refrigeratio

369 1809 505 1854 aestate,
536 1818 574 1846 et
594 1807 758 1847 viciffim
778 1818 843 1846 aut
863 1808 932 1854 sol,
967 1818 1031 1847 aut
1062 1809 1163 1862 ignis
1195 1808 1410 1847 hibernus:
1442 1823 1526 1861 quae
1553 1809 1714 1861 quidem
1735 1809 1778 1847 in

370 1875 518 1913 Sabinis
538 1875 654 1912 etiam
675 1873 848 1927 persequi
878 1875 993 1919 soleo,
1026 1875 1330 1926 conviviumque
1351 1875 1570 1921 vicinorum
1602 1874 1784 1926 quotidie

369 1941 548 1994 compleo
564 1959 575 1985 ;
608 1941 714 1993 quod
747 1941 792 1978 ad
823 1941 991 1979 multam
1018 1943 1186 1986 mitem,
1224 1954 1340 1994 quam
1372 1941 1544 1979 maxime
1564 1940 1782 1994 pofl‘umus,

368 2008 473 2046 vario
492 2007 666 2046 sermone
686 2007 957 2060 producimus.

417 2074 471 2111 At
492 2087 569 2112 non
590 2073 642 2111 est
662 2073 908 2126 voluptatum
929 2083 1032 2112 tanta
1050 2073 1152 2125 quasi
1175 2072 1346 2111 titillatio
1366 2073 1405 2110 in
1427 2072 1593 2110 senibus.
1624 2072 1749 2110 Credo
1765 2086 1779 2110 τ

370 2139 431 2176 sed
466 2153 513 2176 ne
546 2139 766 2177 desideratio
800 2140 959 2192 quidem
980 2154 988 2177 :
1022 2138 1121 2177 nihil
1157 2149 1285 2176 autem
1321 2137 1540 2182 molestum,
1573 2137 1677 2189 quod
1698 2150 1777 2175 non

370 2205 566 2243 defideres.
611 2206 713 2242 Bene
734 2204 957 2256 Sophocles,
985 2217 1079 2241 cum
1098 2217 1145 2241 ex
1165 2217 1210 2241 eo
1231 2203 1389 2255 quidam
1401 2204 1483 2255 jam
1505 2202 1640 2241 affecto
1668 2211 1778 2241 aetate

370 2279 568 2324 quaercret,
591 2279 809 2308 utereturne
831 2269 941 2306 rebus
962 2269 1146 2312 venereis,
1170 2269 1239 2306 Dii
1261 2268 1433 2313 meliora,
1456 2269 1610 2321 inquit3
1647 2268 1776 2306 liben-

370 2346 427 2374 ter
447 2351 536 2375 vero
556 2336 681 2380 istinc,
719 2345 902 2388 tanquam
929 2349 950 2372 a
969 2334 1130 2373 domino
1161 2334 1293 2387 agresti
1326 2348 1368 2372 ac
1399 2333 1557 2380 furioso,
1591 2333 1774 2388 profugi:

371 2403 521 2454 cupidis
551 2402 658 2440 enim
693 2415 821 2439 rerum
854 2401 1006 2445 talium,
1038 2399 1212 2438 odiosum
1247 2411 1285 2438 et
1318 2400 1525 2439 molestum
1545 2401 1598 2439 est
1628 2399 1777 2438 fortaffe

372 2479 513 2510 carere;
543 2467 681 2504 satiatis
702 2480 805 2511 vero,
827 2477 865 2504 et
885 2466 1060 2518 expletis,
1077 2465 1287 2516 jucundius
1307 2466 1358 2503 est
1379 2478 1516 2510 carere,
1539 2479 1655 2518 quam
1677 2464 1772 2503 frui:

372 2545 592 2584 quanquam
615 2546 692 2570 non
713 2542 814 2570 caret
834 2533 880 2578 is,
903 2533 970 2585 qui
991 2545 1066 2569 non
1088 2531 1281 2570 defiderat.
1314 2533 1420 2585 Ergo
1440 2531 1515 2570 hoc
1536 2545 1613 2570 non
1629 2530 1777 2570 defide-

374 2611 466 2643 rare,
488 2597 575 2636 dico
595 2597 665 2636 effe
678 2598 905 2649 jucundius,
927 2611 1046 2651 quam
1066 2595 1158 2636 frui.
