2223 3003
842 226 946 266 DE
1033 226 1284 266 FATO.
1692 241 1767 279 109

332 336 343 345 ”
361 339 489 369 tamen
524 337 650 367 teneas
682 327 925 374 sententiam,
955 326 1031 366 hoc
1068 327 1186 366 modo
1203 346 1214 373 ;
1247 327 1286 366 Si
1317 340 1364 365 ex
1395 326 1601 365 aeternitate
1630 339 1766 365 verum

361 397 437 436 hoc
458 395 548 442 fuit,
582 397 645 434 Ex
665 394 736 433 isto
755 395 894 434 morbo
912 393 1174 440 convalesces;
1207 394 1281 432 five
1310 393 1528 433 adhibueris
1550 394 1766 439 medicum,

362 465 436 503 five
469 477 563 509 non,
593 461 843 501 convalesces.
891 462 1083 513 Itemque,
1127 462 1165 499 Si
1199 475 1245 499 ex
1280 462 1488 499 aeternitate
1520 460 1596 500 hoc
1627 460 1767 499 falsum

365 529 457 575 fuit,
489 530 551 568 Ex
572 527 643 566 isto
661 527 801 565 morbo
820 525 1056 564 convalesces
1072 543 1084 569 3
1117 525 1191 563 five
1219 524 1440 564 adhibueris
1461 527 1674 573 medicum,
1693 527 1768 565 five

363 611 442 635 non
462 593 694 637 adhibueris,
716 605 795 629 non
816 591 1065 630 convalesces.
1099 590 1252 629 Deinde
1273 600 1422 630 caetera.

417 663 516 700 Haec
551 659 646 697 ratio
682 671 702 695 a
722 656 939 710 Chrysippo
970 655 1274 710 reprehenditur.
1321 656 1508 707 Qaedam
1539 659 1645 697 enim
1667 659 1767 704 sunt,

361 727 506 780 inquit,
549 726 591 763 in
635 724 748 763 rebus
785 723 986 777 simplicia,
1033 723 1209 775 quaedam
1244 723 1437 775 copulata.
1487 724 1661 776 Simplex
1700 725 1766 771 est,

363 795 558 833 Morietur
576 806 621 831 eo
640 791 702 830 die
722 792 892 830 Socrates
911 805 920 829 τ
953 790 1061 835 huic,
1079 790 1152 828 five
1173 790 1268 843 quid
1284 789 1432 836 fecerit,
1464 790 1538 829 five
1565 804 1642 828 non
1665 790 1767 829 sece-

363 862 427 906 rit‚
448 860 581 898 finitus
601 858 654 897 est
674 858 866 896 moriendi
887 858 982 896 dies.
1021 859 1076 895 At
1097 857 1123 895 fi
1145 857 1197 895 ita
1216 856 1341 894 fatum
1362 856 1420 902 fit,
1443 856 1632 895 Nascetur
1651 858 1768 895 OEdi-

361 941 433 981 pus
454 927 550 965 Laio
567 945 579 972 ;
611 939 690 964 non
711 925 851 978 poterit
871 925 963 970 dici,
987 925 1072 963 Sive
1092 923 1209 962 fuerit
1230 924 1347 962 Laius
1379 938 1471 962 cum
1492 924 1668 969 muliere,
1696 924 1769 962 five

361 1007 441 1032 non
461 993 606 1039 fuerit3
638 992 816 1046 copulata
835 992 941 1029 enim
964 1005 1018 1030 res
1039 991 1105 1037 est,
1137 1000 1174 1029 et
1193 991 1407 1045 corffatalis:
1438 990 1487 1028 fic
1507 991 1613 1029 enim
1634 990 1769 1043 appel-

362 1061 415 1100 lat
433 1076 442 1099 ε
475 1061 566 1113 quia
585 1060 639 1098 ita
657 1057 783 1097 fatum
803 1058 861 1103 fit,
892 1066 929 1095 et
950 1058 1254 1096 concubiturum
1286 1071 1378 1095 cum
1405 1070 1523 1095 uxore
1544 1057 1701 1102 Laium,
1732 1066 1771 1095 et

363 1142 410 1167 ex
441 1141 484 1166 ea
509 1127 702 1180 OEdipum
735 1135 1040 1178 procreaturum.
1088 1126 1145 1163 Ut
1175 1125 1201 1163 fi
1232 1124 1320 1162 esset
1347 1125 1510 1170 dictum,
1542 1123 1773 1162 Lud‘tabitur

365 1194 566 1247 Olympiis
587 1193 692 1232 Milo
707 1211 719 1236 ς
751 1201 788 1229 et
804 1191 960 1229 referret
981 1191 1135 1243 aliquis,
1169 1192 1288 1243 Ergo,
1310 1191 1384 1228 five
1403 1189 1580 1228 habuerit
1599 1190 1771 1228 adversa-

364 1261 481 1306 rium,
513 1261 586 1299 five
607 1273 685 1298 non
704 1257 897 1303 habuerit,
929 1258 1164 1303 ludtabitur5
1196 1266 1334 1295 erraret
1350 1275 1362 1302 3
1395 1256 1448 1294 est
1472 1257 1579 1294 enim
1609 1257 1771 1310 copula-

363 1337 465 1373 tum,
497 1326 738 1371 Lufft'abitur,
769 1325 859 1378 quia
888 1324 964 1363 fine
984 1323 1192 1363 adversario
1213 1323 1320 1362 nulla
1339 1323 1498 1362 luCtatio
1517 1323 1583 1361 est.
1622 1324 1773 1362 Omnes

363 1394 484 1447 igitur
502 1393 609 1432 istius
629 1392 777 1446 generis
805 1391 1000 1444 captiones
1022 1391 1160 1429 eodem
1180 1390 1301 1429 modo
1331 1388 1573 1428 refelluntur.
1617 1390 1702 1428 Sive
1728 1399 1773 1428 tu

364 1459 584 1498 adhibueris
606 1459 818 1503 medicum,
850 1458 924 1496 five
955 1472 1032 1497 non
1059 1456 1292 1502 adhibueris,
1325 1456 1589 1495 convalesces:
1621 1457 1772 1509 captio-

367 1525 465 1563 sum.
499 1526 602 1562 Tam
623 1525 729 1561 enim
749 1523 801 1561 est
820 1522 948 1568 fatale,
984 1524 1185 1562 medicum
1205 1522 1400 1568 adhibere,
1432 1536 1551 1574 quam
1576 1521 1772 1561 convales-

361 1588 464 1630 cere.
498 1592 610 1635 Haec,
631 1600 675 1629 ut
694 1591 789 1634 dixi,
811 1590 1015 1628 confatalia
1035 1591 1100 1628 ille
1121 1590 1298 1642 appellat.

422 1658 535 1696 XIV.
568 1655 779 1696 Carneades
800 1656 874 1694 hoc
896 1664 1024 1694 totum
1045 1669 1166 1708 genus
1186 1669 1262 1693 non
1283 1655 1484 1707 probabat,
1512 1663 1549 1691 et
1570 1654 1687 1692 nimis
1709 1654 1772 1692 in-

366 1723 597 1762 considerate
631 1723 812 1760 concludi
847 1721 946 1760 hanc
979 1723 1165 1763 rationem
1196 1722 1382 1774 putabat;
1414 1722 1543 1773 itaque
1574 1720 1773 1773 premebat

364 1789 439 1827 alio
459 1789 592 1834 modo,
608 1801 677 1826 nec
694 1788 815 1826 ullam
836 1787 1042 1826 adhibebat
1061 1787 1312 1825 calumniam.
1337 1788 1460 1839 Cujus
1480 1796 1557 1824 erat
1577 1785 1658 1824 haec
1674 1800 1772 1824 con-

365 1855 498 1894 clusio.
546 1863 574 1879 “
595 1855 634 1893 Si
654 1855 786 1893 onmia
801 1853 1117 1893 antecedentibus
1149 1854 1266 1891 caulis
1298 1853 1411 1897 fiunt,
1447 1852 1580 1891 omnia
1609 1853 1774 1890 naturali

367 1930 395 1947 “
415 1921 663 1975 colligatione
681 1921 852 1960 conserte
871 1929 1130 1972 contexteque
1151 1919 1263 1958 fiunt.
1294 1919 1413 1971 Qod
1434 1919 1460 1958 fi
1481 1919 1534 1957 ita
1553 1917 1620 1963 est,
1641 1919 1776 1956 omnia

366 1996 393 2013 “
414 1988 607 2027 neceffitas
627 1987 761 2026 efficit.
804 1988 850 2026 Id
870 1987 896 2025 fi
917 2000 1052 2025 verum
1072 1986 1140 2031 est,
1171 1985 1271 2024 nihil
1292 1985 1344 2023 est
1369 1986 1408 2023 in
1430 1984 1555 2024 nostra
1573 1984 1771 2038 potestate.

367 2063 395 2079 “
417 2055 484 2093 Est
503 2064 633 2093 autem
653 2055 801 2107 aliquid
821 2055 860 2092 in
882 2053 1006 2092 nostra
1025 2052 1222 2107 potestate.
1260 2053 1328 2097 At,
1351 2052 1376 2090 fi
1397 2052 1530 2089 omnia
1548 2050 1628 2089 fato
1658 2050 1773 2096 fiunt,

368 2129 395 2146 “
416 2122 549 2161 omnia
567 2122 684 2160 causis
706 2121 1020 2160 antecedentibus
1040 2119 1154 2158 fiunt.
1178 2119 1272 2158 Non
1293 2118 1412 2171 igitur
1430 2116 1510 2156 fato
1531 2117 1644 2163 fiunt,
1666 2131 1773 2170 quae-

368 2196 396 2213 “
416 2202 573 2242 cunque
592 2189 731 2227 fiunt.''

421 2257 519 2295 Haec
541 2257 679 2294 arffius
700 2254 880 2307 adstringi
901 2254 997 2292 ratio
1017 2266 1095 2292 non
1115 2250 1250 2306 potest.
1294 2252 1401 2290 Nam
1419 2250 1534 2304 fiquis
1555 2251 1649 2289 velit
1668 2250 1774 2289 idem

369 2321 520 2369 referre,
551 2332 665 2374 atque
685 2323 738 2359 ita
758 2321 882 2359 dicere
899 2339 910 2366 3
944 2320 982 2358 Si
1001 2332 1119 2358 omne
1139 2317 1318 2356 futurum
1343 2331 1390 2356 ex
1411 2317 1619 2356 aeternitate
1638 2330 1775 2355 verum

370 2388 435 2434 est,
467 2399 508 2428 ut
539 2390 591 2427 ita
617 2398 719 2427 certe
739 2388 889 2426 eveniat
908 2385 1241 2439 quemadmodum
1261 2384 1306 2423 fit
1326 2383 1520 2429 futurum,
1551 2383 1684 2422 omnia
1703 2397 1773 2421 ne-

370 2453 464 2492 cess‘e
495 2455 548 2494 est
581 2456 829 2509 colligatione
863 2453 1027 2493 naturali
1054 2451 1226 2491 conserte
1256 2460 1515 2503 contexteque
1535 2449 1614 2488 fieri
1629 2469 1640 2495 5
1673 2448 1773 2488 nihil

372 2520 487 2558 dicat.
519 2521 699 2560 Multum
720 2523 826 2561 enirn
845 2520 989 2566 differt,
1015 2528 1148 2558 utrum
1168 2518 1278 2557 causa
1297 2518 1478 2556 naturalis
1499 2530 1546 2555 ex
1567 2516 1775 2554 aeternitate

373 2586 502 2627 futura
521 2601 604 2627 vera
626 2588 778 2634 efficiat,
801 2602 847 2628 an
868 2589 983 2628 etiam
1004 2587 1080 2628 sme
1102 2586 1310 2627 aeternitate
1330 2584 1507 2629 naturali,
1540 2582 1668 2621 futura
1688 2594 1774 2634 quae
