2223 3003
470 236 544 290 398
771 229 1568 272 PHILOSOPHICORUM

466 336 585 374 Nox.
608 331 766 386 Eſji’ro]
798 331 822 355 ἣ
843 339 977 382 praeter
995 338 1146 367 caeteras
1168 328 1291 367 nostra
1309 329 1451 367 extulit
1471 330 1620 368 civitas.

466 401 584 439 NoN.
607 396 783 449 Lentus]
816 397 838 420 ἕ
859 394 966 433 hunc
988 394 1177 440 Crassum,
1209 395 1278 447 qui
1297 395 1438 439 lentus,
1460 404 1504 432 ut
1524 395 1641 438 scitis,
1662 392 1788 432 dicere
1807 393 1870 432 so·

520 465 635 508 lebat,
655 462 701 500 ad
721 461 980 500 imitationem
1001 461 1104 514 quasi
1126 461 1242 500 nostri
1261 462 1410 514 generis
1429 461 1677 500 contendiffe.

465 530 583 568 Nox.
607 528 781 572 Imbuere,
800 527 1000 581 ficfficere]
1033 529 1089 565 Ut
1124 527 1165 572 ii,
1198 528 1265 580 qui
1285 528 1459 566 combibi
1490 539 1698 580 purpuram
1717 525 1868 569 volunt,

519 594 716 632 sufficiunt
748 592 852 646 prius
886 593 1013 631 lanam
1044 593 1340 631 medicamentis
1375 593 1607 646 quibusdam
1621 622 1633 637 ,
1669 591 1718 629 fic
1748 590 1869 628 literis

520 659 735 713 talibusque
755 659 937 697 doctrinis
959 668 1045 698 ante
1064 659 1191 697 excoli
1211 660 1374 705 animos,
1405 668 1443 698 et
1463 659 1508 698 ad
1530 658 1752 712 sapientiam
1773 669 1870 695 con-

519 726 739 780 cipiendam
758 725 885 764 imbui
905 735 943 764 et
961 726 1159 778 praeparari
1181 726 1303 764 decet.

464 793 584 832 NoN.
605 792 786 845 Subtgere‚
794 792 967 844 figetes]
991 793 1048 829 Ut
1067 791 1172 829 enim
1191 791 1332 844 segetes
1351 792 1527 844 agricolae
1543 791 1727 844 subigunt
1743 789 1870 828 aratris

520 859 648 896 multo
669 867 755 895 ante
775 869 893 909 quam
915 856 1051 896 serant.

464 924 584 962 NON.
609 924 750 967 Gra-ve,
773 923 887 967 Aere,
920 922 1053 976 Mite.]
1085 922 1194 974 Qid
1228 923 1334 961 enim
1369 932 1434 961 aut
1468 921 1671 962 Herodoto
1702 921 1869 965 dulcius,

518 999 583 1027 aut
604 988 838 1041 Thucydide
858 988 1023 1041 gravius,
1045 997 1110 1026 aut
1141 987 1305 1028 Philisto
1326 989 1492 1034 brevius,
1525 997 1591 1027 aut
1610 986 1874 1040 Theopompo

519 1056 656 1101 acrius,
678 1065 743 1093 aut
763 1053 1034 1107 Theophrasto
1054 1055 1188 1094 mitius
1209 1056 1372 1094 inveniri
1389 1055 1512 1109 potest
1530 1057 1543 1093 ?

463 1123 506 1162 N
512 1135 582 1161 oN.
607 1123 830 1175 Cogancere,
854 1122 1017 1175 Grave.]
1050 1121 1166 1159 Unde
1186 1130 1319 1161 autem
1339 1121 1507 1168 facilius,
1534 1134 1654 1174 quam
1680 1133 1728 1159 ex
1754 1132 1872 1158 anna-

520 1189 619 1227 lium
640 1188 907 1227 monumentis
921 1217 932 1233 ,
968 1197 1034 1227 aut
1053 1200 1111 1226 res
1132 1187 1284 1234 bellica,
1321 1196 1387 1227 aut
1407 1188 1535 1227 omnis
1556 1186 1777 1240 reipublicae
1796 1185 1873 1224 dis-

519 1255 666 1308 ciplina
685 1254 958 1308 cognoscitur?
990 1255 1091 1292 unde
1121 1255 1168 1293 ad
1198 1255 1406 1308 agendum,
1439 1264 1503 1293 aut
1523 1254 1734 1293 dicendum
1762 1253 1875 1305 copia

519 1321 696 1375 depromi
717 1322 840 1373 major
868 1321 1178 1374 graviffimorum
1198 1321 1483 1375 exemplorum,
1505 1321 1608 1375 quasi
1628 1321 1873 1373 incorrupto-

522 1402 609 1426 rum
631 1387 955 1433 testimoniorum,
971 1387 1096 1440 potest
1114 1388 1128 1425 ?

465 1455 585 1494 NoN.
608 1453 818 1506 Exorspm]
851 1454 984 1505 Perge,
1003 1453 1130 1505 quaeso
1147 1468 1155 1491 ε
1187 1467 1258 1491 nec
1278 1454 1384 1491 enim
1406 1453 1585 1505 imperite
1604 1453 1758 1491 exorsus
1778 1465 1832 1490 es.

465 1521 585 1559 NON.
609 1517 861 1572 Contendere]
893 1518 1042 1571 Magna
1071 1518 1189 1558 etiam
1219 1518 1341 1557 animi
1362 1519 1562 1557 contentio
1587 1516 1805 1557 adhibenda
1823 1518 1877 1556 est

521 1586 560 1623 in
581 1584 810 1638 explicando
831 1584 1050 1630 Aristotele,
1072 1584 1099 1622 fi
1119 1584 1270 1639 legeris.

466 1652 585 1690 Nox.
606 1649 771 1705 Comest.]
794 1651 838 1688 Se
858 1650 905 1688 ad
919 1641 1140 1689 extremum
1160 1650 1367 1704 pollicetur
1387 1651 1641 1704 prolaturum,
1657 1663 1742 1703 quae
1759 1650 1877 1704 seipsa

520 1717 664 1757 comest
682 1732 689 1755 :
723 1716 829 1770 quod
847 1717 967 1756 efficit
986 1717 1278 1757 dialecsticorum
1298 1718 1407 1757 ratio.

466 1785 586 1825 Nox.
611 1785 758 1823 Relaxo.
781 1785 974 1837 Remitto]
997 1786 1140 1836 Qaero
1155 1786 1278 1831 enim,
1292 1799 1370 1825 non
1391 1787 1534 1839 quibus
1550 1785 1750 1826 intendam
1764 1785 1875 1824 rebus

523 1850 715 1893 animum,
735 1849 796 1887 sed
816 1850 959 1901 quibus
981 1851 1148 1889 relaxem
1168 1860 1207 1889 et
1227 1852 1437 1890 remittam.

468 1917 617 1955 LAcr.
654 1914 714 1952 lib.
741 1927 812 1952 111.
845 1923 923 1968 cap.
951 1915 1032 1968 15.]
1079 1915 1247 1967 Qando
1280 1915 1502 1970 philosophi
1537 1916 1608 1954 effe
1642 1925 1842 1969 coeperunt
1861 1916 1873 1952 ?

524 1980 685 2026 Thales,
718 1990 761 2018 ut
780 1980 931 2033 opinor,
963 1981 1126 2033 primus.
1161 1982 1312 2020 Recens
1333 1982 1414 2020 haec
1436 1982 1596 2035 quidem
1619 1992 1718 2021 aetas.

469 2049 523 2087 D.
548 2049 664 2085 Auo.
687 2046 746 2085 lib.
773 2059 844 2084 111.
867 2058 995 2085 contra
1015 2046 1155 2101 Acad.]
1189 2048 1232 2086 Id
1252 2048 1358 2086 enirn
1380 2048 1431 2087 est
1452 2049 1628 2102 sapientis
1650 2048 1873 2103 providere:

524 2128 570 2152 ex
591 2128 670 2166 quo
691 2113 871 2166 sapientia
889 2112 942 2151 cst
962 2114 1163 2166 appellata,
1184 2115 1400 2167 prudentia.

470 2181 696 2233 Senvrus]
730 2180 912 2233 Epicurei
930 2180 1058 2233 plures
1079 2180 1215 2219 volunt
1234 2181 1305 2219 effe
1329 2181 1454 2220 caelos.

470 2247 588 2285 Nou.
615 2246 762 2300 Urgeo]
783 2247 915 2298 Itaque
936 2255 1028 2284 tunc
1047 2247 1265 2286 Democriti
1286 2261 1422 2286 manus
1443 2248 1649 2301 urgebatur
1667 2263 1675 2286 :
1698 2248 1751 2286 est
1770 2250 1875 2287 enim

526 2327 601 2351 non
623 2326 774 2365 magna.

471 2381 600 2418 Sasu-1
614 2393 659 2417 us
694 2380 730 2417 in
759 2394 789 2418 ι.
819 2391 852 2418 et
879 2394 912 2419 2.
939 2381 1102 2435 AEncid.]
1146 2383 1310 2420 Annum
1345 2394 1532 2435 magnum
1567 2381 1636 2420 esse
1671 2383 1876 2421 voluerunt

526 2447 709 2485 omnibus
733 2446 893 2499 planetis
926 2448 964 2486 in
994 2448 1160 2487 cundem
1194 2448 1476 2487 recurrentibus
1507 2448 1637 2487 locum
1657 2464 1665 2486 :
1699 2450 1802 2502 quod
1835 2449 1877 2488 fit

527 2512 611 2566 post
632 2513 707 2552 XII
731 2512 854 2552 millia
874 2524 1086 2568 nongentos
1107 2515 1387 2569 quinquaginta
1407 2523 1571 2567 quatuor
1591 2528 1723 2554 annos.
