2223 3003
457 226 538 279 284
857 225 960 263 DE
1034 219 1531 260 OFFICIIS'

455 328 673 371 aleatorem,
706 324 892 367 furacem,
923 320 1129 360 ebriosum.
1189 320 1315 359 Alteri
1345 319 1507 358 dicenda
1524 318 1719 365 videntur,
1746 321 1857 361 alteri

456 407 535 432 non
566 393 754 430 videntur.
815 389 852 427 Si
888 388 989 441 quis,
1019 401 1158 425 aurum
1189 387 1370 433 vendens,
1406 385 1648 425 orichalcum
1682 385 1718 424 se
1748 395 1860 438 putet

457 459 632 502 vendere,
663 456 855 494 indicetne
888 455 924 492 ei
954 454 1012 493 vir
1043 454 1166 492 bonus
1187 467 1323 492 aurum
1354 453 1453 492 illud
1471 453 1570 492 effe?
1600 466 1648 491 an
1667 461 1771 491 emat
1789 452 1859 490 de-

456 523 576 568 nario,
607 522 713 575 quod
742 521 787 560 fit
817 520 928 559 mille
957 519 1191 558 denarium?
1223 519 1475 572 Perspicuum
1489 519 1573 572 jam
1591 518 1659 564 est,
1693 526 1731 556 et
1764 517 1862 570 quid

456 587 558 627 mihi
578 589 763 634 videatur,
793 597 832 626 et
852 600 937 640 quae
957 586 1001 625 fit
1020 586 1120 625 inter
1148 599 1212 625 eos
1233 584 1497 640 philosophos,
1528 598 1625 639 quos
1645 584 1862 630 nominavi,

455 654 720 693 controverfia.

511 721 663 760 XXIV.
697 721 808 760 Paeta
825 729 863 758 et
883 717 1064 773 promiffa
1083 718 1278 772 semperne
1299 718 1476 758 servanda
1491 718 1579 764 fint,
1609 731 1695 770 quae
1714 731 1786 756 nec
1805 717 1860 762 vi,

457 801 528 827 nec
548 787 638 826 dolo
668 787 773 826 malo
805 787 867 838 (ut
888 787 1070 825 Praetores
1092 785 1229 837 solent)
1261 784 1358 823 facta
1377 785 1477 823 sint?
1510 785 1547 824 Si
1579 784 1666 837 quis
1688 783 1860 822 medica·

457 862 636 892 mentum
655 852 825 905 cuipiam
844 850 991 889 dederit
1010 850 1056 887 ad
1076 863 1216 902 aquam
1236 850 1481 895 intercutem,
1511 849 1790 903 pepigeritque,
1812 861 1863 887 ne

457 921 527 958 illo
558 919 842 957 medicamento
875 929 1050 969 unquam
1080 915 1206 968 postea
1227 924 1425 960 uteretur,
1461 916 1487 954 fi
1507 929 1552 954 eo
1577 915 1863 954 medicamento

457 987 566 1024 sanus
596 983 718 1022 faetus
749 981 880 1028 fuerit,
911 992 950 1021 et
983 982 1092 1020 annis
1124 981 1272 1034 aliquot
1303 981 1386 1035 post
1416 981 1597 1019 inciderit
1626 981 1668 1019 in
1693 982 1862 1020 eundem

457 1053 656 1097 morbum,
688 1064 758 1090 nec
788 1050 836 1088 ab
867 1063 926 1095 eo,
959 1049 1122 1102 quicum
1154 1049 1362 1102 pepigerat,
1393 1048 1589 1102 impetret,
1618 1057 1662 1086 ut
1695 1049 1791 1086 item
1817 1061 1864 1086 eo

458 1119 568 1158 liceat
589 1119 660 1164 uti,
682 1117 777 1171 quid
797 1116 1020 1159 faciendum
1041 1116 1116 1154 sit?
1149 1117 1254 1155 Cum
1282 1115 1326 1153 fit
1357 1115 1388 1154 is
1409 1114 1661 1159 inhumanus,
1697 1115 1766 1168 qui
1785 1128 1866 1154 non

458 1186 643 1224 concedat
664 1185 736 1230 uti,
768 1197 839 1222 nec
866 1184 902 1221 ei
922 1183 1138 1236 quidquam
1158 1182 1224 1221 fiat
1243 1182 1406 1235 injuriae,
1427 1182 1515 1221 vitae
1532 1191 1573 1220 et
1592 1181 1703 1219 saluti
1723 1181 1865 1220 consu-

458 1252 619 1290 lendum
639 1251 705 1288 est.

514 1316 654 1370 Qid?
685 1316 711 1354 fi
742 1314 830 1368 quis
865 1314 1008 1367 sapiens
1039 1323 1192 1366 rogatus
1223 1313 1268 1352 fit
1297 1313 1345 1352 ab
1375 1327 1434 1358 eo,
1468 1313 1537 1366 qui
1567 1326 1658 1351 eum
1683 1311 1864 1351 heredem

458 1383 586 1428 faciat,
609 1396 701 1421 cum
721 1382 756 1420 ei
778 1381 1004 1419 testamento
1023 1380 1234 1419 sestertium
1255 1380 1397 1419 millies
1419 1381 1670 1433 relinquatur,
1693 1389 1735 1418 ut
1756 1390 1863 1417 ante-

458 1464 576 1503 quam
607 1448 869 1487 haereditatem
900 1446 1019 1491 adeat,
1051 1447 1137 1485 luce
1167 1447 1294 1500 palam
1326 1446 1366 1484 in
1400 1445 1485 1485 foro
1520 1446 1642 1490 saltet,
1678 1446 1796 1496 idque
1827 1446 1865 1482 se

458 1516 652 1554 sansturum
672 1512 901 1566 promiserit,
916 1511 1021 1564 qued
1040 1511 1149 1549 aliter
1167 1525 1257 1549 eum
1278 1510 1458 1549 heredem
1476 1511 1683 1564 scripturus
1702 1511 1768 1548 ille
1788 1524 1866 1550 non

457 1581 573 1625 effet;
617 1579 745 1623 faciat,
785 1578 891 1630 quod
929 1577 1160 1631 promiserit,
1190 1577 1340 1616 necne?
1373 1577 1587 1616 Promififfe
1625 1577 1785 1621 nollem,
1827 1587 1867 1616 et

458 1649 498 1687 id
528 1647 690 1686 arbitror
720 1643 829 1683 fuifl'e
859 1638 1068 1697 gravitatis.
1120 1644 1206 1690 Sed,
1243 1644 1429 1697 quoniam
1460 1643 1649 1697 promisit,
1681 1643 1705 1681 li
1736 1643 1867 1681 saltare

459 1717 499 1754 in
528 1714 613 1754 foro
647 1722 758 1766 turpe
778 1711 909 1756 ducet,
941 1710 1136 1750 honestius
1158 1712 1381 1756 mentietur,
1414 1711 1440 1749 fi
1461 1725 1507 1750 ex
1528 1710 1746 1749 haereditate
1766 1710 1866 1748 nihil

458 1781 616 1835 ceperit,
638 1792 756 1833 quam
777 1778 803 1817 fi
825 1778 996 1832 ceperit:
1028 1778 1097 1817 nifi
1118 1777 1217 1818 forte
1242 1792 1327 1817 eam
1359 1778 1563 1832 pecuniam
1585 1778 1624 1815 in
1646 1776 1868 1829 reipublicae

460 1860 647 1900 magnum
682 1844 839 1897 aliquod
869 1854 1022 1896 tempus
1042 1845 1277 1890 contulerit;
1310 1854 1367 1890 ut,
1402 1845 1460 1882 vel
1479 1843 1609 1882 saltare
1638 1857 1743 1887 eum,
1774 1857 1867 1881 cum

459 1913 588 1968 patriae
609 1910 850 1950 consulturus
871 1909 928 1954 fit,
952 1918 1062 1962 turpe
1082 1923 1159 1947 non
1179 1909 1238 1947 fit.

515 1978 645 2018 XXV.
679 1979 738 2015 Ac
770 1989 817 2014 ne
852 1975 916 2013 illa
945 1975 1105 2028 quidem
1136 1975 1314 2028 promissa
1344 1975 1520 2014 servanda
1552 1975 1650 2018 sunt,
1682 1988 1766 2026 quae
1789 1987 1865 2011 non

462 2046 549 2085 sunt
570 2044 724 2097 iisipfis
745 2042 868 2087 utilia,
890 2042 1034 2095 quibus
1064 2041 1129 2080 illa
1150 2042 1381 2095 promiseris.
1429 2042 1490 2080 Sol
1524 2039 1758 2080 Phaethonti
1786 2039 1868 2078 filio

463 2116 524 2165 (ut
546 2112 743 2151 redeamus
764 2109 809 2147 ad
829 2108 994 2161 fabulas)
1026 2107 1218 2148 facturum
1241 2109 1275 2147 se
1295 2109 1367 2147 esse
1387 2109 1500 2154 dixit,
1525 2108 1717 2161 quidquid
1738 2107 1866 2160 optas·

462 2179 512 2218 set
532 2195 539 2217 ;
572 2178 734 2232 optavit,
756 2186 799 2215 ut
820 2176 859 2214 in
880 2189 1039 2214 currum
1061 2175 1176 2229 patris
1197 2176 1393 2214 tolleretur
1412 2191 1419 2214 :
1454 2175 1622 2213 sublatus
1642 2175 1719 2213 est:
1751 2183 1869 2226 atque

462 2246 508 2290 is,
530 2254 735 2297 autequam
757 2243 942 2287 constitit,
965 2243 1043 2280 ictu
1064 2240 1242 2280 fulminis
1263 2242 1496 2295 deflagravit.
1548 2243 1706 2292 Qanto
1727 2239 1867 2278 melius

463 2311 599 2355 fuerat,
621 2311 659 2348 in
681 2309 770 2354 hoc,
792 2309 1018 2363 promiss‘um
1040 2309 1156 2361 patris
1178 2323 1254 2347 non
1275 2308 1346 2347 ess'e
1367 2309 1553 2346 servatum
1574 2308 1585 2343 Ρ
1618 2306 1740 2358 Qid,
1760 2305 1867 2357 quod

462 2376 634 2415 Theseus
655 2376 780 2428 exegit
803 2374 1028 2428 promiss‘um
1061 2388 1081 2412 a
1101 2374 1317 2429 Neptuno?
1350 2374 1424 2412 Cui
1446 2387 1537 2411 cum
1560 2382 1631 2410 tres
1653 2372 1865 2424 optationes

463 2444 672 2496 Neptunus
694 2441 863 2486 dediffet‚
895 2442 1040 2494 optavit
1060 2442 1262 2480 interitum
1285 2440 1509 2493 Hippolyti,
1542 2438 1610 2476 filii
1634 2438 1701 2481 sui,
1722 2451 1811 2475 cum
1835 2437 1867 2474 is

464 2510 558 2561 patri
581 2508 769 2561 suspectus
796 2507 884 2546 effct
916 2508 961 2545 de
983 2521 1170 2548 noverca:
1202 2521 1281 2562 quo
1300 2515 1432 2561 optato
1453 2506 1671 2559 impetrato,
1694 2502 1867 2542 Theseus

463 2577 502 2614 in
525 2575 704 2614 maximis
727 2574 801 2614 fuit
824 2574 1007 2614 luctibus.
