2223 3003
634 239 910 279 LIBER
967 241 1466 281 SECUNDUS.
1678 258 1757 300 157

354 338 598 378 sustulerunt.
649 340 811 385 Homini,
843 339 986 393 inquit,
1017 350 1155 379 mortuo
1174 354 1217 380 ne
1235 340 1300 394 offiz
1319 341 1437 395 legito,
1464 341 1529 395 qub
1541 342 1617 396 post
1631 343 1758 396 sunus

340 405 481 457 filciat.
501 405 662 458 Excipit
682 406 862 444 bellicam
888 407 1206 459 peregrinamque
1226 416 1408 446 mortem.
1449 409 1547 447 Haec
1576 420 1756 462 praeterea

355 470 441 509 sunt
460 472 500 509 in
520 471 670 524 legibus
691 471 738 508 de
758 473 917 508 unctura
932 489 944 515 3
975 472 1118 523 quibus
1125 473 1276 524 firvilt}
1295 475 1452 512 unb'lura
1471 474 1635 520 tollitur,
1662 489 1751 514 om-

353 535 487 588 nisque
506 535 786 589 circumpotatio.
833 536 932 586 Qae
951 544 989 572 et
1008 537 1108 572 reete
1128 536 1332 581 tolluntur,
1356 552 1482 590 neque
1513 540 1750 587 tollerentur,

353 601 422 639 nifi
443 600 610 640 fuissent.
655 601 715 638 Ne
717 601 929 653 fitmptuqsc'z
948 601 1121 652 rqspqfio,
1154 615 1196 639 ne
1214 602 1328 653 longa?
1341 617 1491 648 coz-once,
1525 620 1586 644 nec
1614 621 1753 646 acerrae

351 673 632 718 praetereantur.
665 664 735 702 Illa
749 665 832 715 jam
853 663 1081 716 fignificatio
1098 664 1165 709 est,
1193 665 1314 704 laudis
1330 678 1554 707 ornamenta
1574 671 1619 708 ad
1643 686 1750 710 mor-

351 739 437 769 tuos
457 730 659 783 pertinere,
681 729 787 782 quod
806 743 968 768 coronam
987 730 1131 769 virtute
1140 740 1307 784 partam,
1328 741 1365 770 et
1381 733 1429 778 ei,
1451 734 1519 785 qui
1539 736 1750 787 peperisset,

350 804 388 834 et
407 797 487 848 ejus
507 796 667 849 parenti,
699 795 775 833 fine
796 794 928 833 fraude
947 796 1018 834 effe
1038 796 1100 834 lex
1127 797 1344 850 impositam
1359 798 1486 850 jubet.
1533 800 1748 853 Credoque,

351 861 457 914 quod
473 871 550 900 erat
571 861 802 907 factitatum,
826 872 868 901 ut
894 862 962 900 uni
978 863 1088 916 plura
1107 863 1258 909 fierent,
1279 865 1444 917 leetique
1463 865 1590 918 plures
1609 866 1749 905 sterne-

349 937 480 966 rentur
495 947 507 974 ;
538 928 577 966 id
601 942 757 981 quoque
778 943 824 967 ne
844 929 962 974 fieret,
985 930 1068 983 lege
1088 929 1259 969 sanctum
1279 930 1345 969 est.
1388 932 1478 983 Qa
1497 932 1537 970 In
1558 932 1641 986 lege
1657 947 1750 972 cum

347 993 451 1039 effet,
486 996 594 1034 IVeve
608 1009 739 1034 aurum
757 995 889 1041 addito,
917 1009 1035 1048 quam
1069 995 1239 1035 humane
1256 997 1400 1049 excipit
1420 998 1533 1035 altera
1552 998 1628 1043 lex,
1659 1000 1755 1051 Qoi

347 1074 437 1100 auro
456 1060 575 1100 dentes
593 1061 712 1100 vinch
727 1063 860 1115 estuat,
895 1062 947 1115 ast
971 1063 1017 1112 im
1037 1077 1114 1102 cum
1134 1063 1191 1101 illo
1201 1063 1355 1116 stpelire
1373 1078 1536 1109 urereve,
1557 1066 1603 1118 st
1607 1065 1753 1118 fraude

349 1126 426 1178 esto.
450 1127 503 1165 Et
515 1127 628 1165 fimul
646 1127 745 1165 illud
765 1128 947 1173 videtote,
964 1128 1068 1167 aliud
1087 1127 1266 1167 habitum
1283 1129 1367 1175 effe,
1387 1130 1555 1183 sepelire,
1572 1140 1610 1169 et
1627 1144 1750 1170 urere.

404 1193 504 1231 Duae
523 1193 611 1232 sunt
630 1203 807 1246 praeterea
826 1194 927 1246 leges
948 1195 994 1232 de
1014 1194 1194 1247 sepulcris
1210 1213 1222 1240 ;
1255 1209 1420 1248 quarum
1444 1197 1560 1234 altera
1577 1197 1750 1250 privato-

348 1271 435 1296 rum
455 1258 640 1304 aedificiis,
664 1259 779 1297 altera
797 1260 885 1312 ipfis
906 1260 1087 1313 sepulcris
1103 1269 1225 1299 cavet.
1272 1262 1381 1299 Nam
1396 1262 1502 1313 quod
1522 1277 1646 1315 rogum
1665 1263 1750 1317 biff-

348 1333 472 1364 tumve
489 1340 620 1364 novum
638 1334 738 1364 vetat
750 1326 900 1378 propius
905 1326 1104 1379 fixaginta
1116 1326 1222 1379 pedes
1241 1326 1350 1379 adjici
1365 1327 1456 1366 cedes
1470 1328 1616 1374 alienas,
1632 1329 1752 1368 invito

347 1389 502 1436 domino3
533 1391 759 1430 incendium
784 1392 936 1430 videtur
969 1405 1108 1430 arcere.
1154 1391 1276 1444 de
1305 1393 1585 1445 autemsorum,
1613 1394 1652 1432 id
1680 1395 1751 1440 est,

348 1455 580 1494 vestibulum
601 1456 778 1509 sepulcri,
799 1456 994 1510 bzfiumve,
1012 1458 1160 1510 usttcapi
1175 1466 1276 1496 vetat
1290 1476 1302 1504 5
1326 1467 1456 1496 tuetur
1466 1459 1530 1510 jus
1551 1459 1748 1512 sepulcro·
1766 1499 1775 1512 ι

350 1532 451 1557 rum.
483 1520 580 1558 Haec
603 1519 789 1559 habemus
809 1522 849 1559 in
868 1523 1114 1567 Duodecim3
1137 1522 1221 1561 sane
1233 1523 1443 1562 secundum
1458 1534 1646 1570 naturam,
1661 1539 1747 1578 quae

348 1596 484 1622 norma
512 1584 606 1638 legis
626 1585 692 1623 est.
738 1587 904 1639 Reliqua
923 1587 1011 1626 sunt
1040 1589 1081 1626 in
1112 1602 1243 1627 more:
1281 1589 1399 1627 funus
1419 1599 1463 1627 ut
1483 1590 1686 1635 indicatur,
1719 1591 1748 1629 fi

347 1650 444 1702 quid
463 1650 645 1688 ludorum
662 1669 673 1695 ;
705 1651 963 1703 dominusque
982 1651 1125 1691 funeris
1146 1662 1274 1691 utatur
1292 1654 1447 1691 accenso
1464 1663 1577 1706 atque
1596 1655 1747 1694 lictori-

348 1716 434 1754 bus.
481 1718 751 1756 Honsratorum
771 1719 934 1756 virorum
953 1718 1070 1757 laudes
1099 1719 1136 1757 in
1156 1719 1314 1758 concione
1342 1730 1592 1765 memoranter,
1627 1723 1752 1776 easque

346 1781 452 1820 etiam
473 1792 583 1820 cantu
601 1782 652 1820 ad
667 1783 843 1821 tibicinem
854 1785 1114 1837 prostquunto'r
1128 1803 1140 1829 ς,
1172 1785 1235 1822 cui
1256 1798 1397 1823 nomen
1417 1787 1530 1824 nenice
1544 1801 1558 1825 .·
1580 1800 1658 1839 quo
1674 1801 1746 1826 vo·

347 1847 486 1885 cabulo
505 1848 621 1886 etiam
641 1849 768 1886 Graeci
784 1858 918 1887 cantus
939 1849 1120 1902 lugubres
1142 1850 1359 1888 nominant.

388 1914 519 1951 XXV.
554 1914 780 1965 Qnrrus.
799 1913 960 1952 Gaudeo
980 1913 1102 1952 nostra
1115 1915 1202 1966 jura
1220 1914 1267 1953 ad
1287 1924 1462 1954 naturam
1481 1917 1721 1957 accomodari
1729 1938 1747 1965 3

346 1979 614 2031 majorumque
636 1978 817 2030 sapientia
837 1978 1049 2018 admodum
1066 1980 1246 2019 delector.
1291 1981 1503 2020 MARCUS.
1527 1983 1599 2021 Sed
1614 1985 1746 2031 credo,

347 2044 694 2095 Qinte‚utcaeteri
707 2044 956 2098 sumptus,fic
971 2045 1086 2084 etiam
1104 2046 1378 2099 sepulcrorum,
1396 2048 1558 2086 modurn
1573 2051 1670 2087 reete
1683 2064 1744 2088 re-

345 2109 448 2161 quiri
464 2124 472 2147 :
491 2123 587 2162 quos
602 2110 707 2148 enim
723 2111 769 2148 ad
781 2110 954 2164 sumptus
970 2111 1248 2164 progress'ajam
1264 2112 1331 2150 ista
1346 2126 1402 2150 res
1420 2113 1477 2158 fit,
1492 2114 1532 2151 in
1547 2116 1594 2153 C.
1611 2116 1746 2169 Figuli

345 2174 516 2227 sepulcro
536 2175 653 2213 vides.
697 2176 767 2213 Sed
786 2176 901 2214 credo
920 2177 1127 2214 minimam
1146 2177 1242 2215 olim
1264 2177 1368 2215 istius
1386 2178 1439 2215 rei
1458 2177 1567 2216 fuisse
1587 2181 1742 2233 cupidi-

344 2249 464 2279 tatem
481 2259 493 2285 ;
520 2240 691 2292 alioquin
708 2240 832 2278 multa
846 2241 1032 2279 exstarent
1047 2241 1224 2293 exempla
1243 2243 1448 2293 majorum.
1481 2244 1630 2282 Nostrae
1650 2247 1744 2297 qui-

345 2306 434 2345 dem
454 2307 548 2360 legis
582 2308 818 2359 interpretes,
853 2321 931 2359 quo
960 2308 1286 2360 capitejubentur
1316 2308 1491 2362 sumptus
1521 2319 1560 2348 et
1589 2310 1743 2351 luctum

347 2385 537 2410 removere
571 2385 592 2409 a
621 2373 796 2411 Deorum
817 2372 1001 2410 Manium
1027 2373 1127 2424 jure,
1157 2371 1232 2411 hoc
1262 2373 1501 2427 intelligunt,
1533 2375 1573 2413 in
1603 2378 1743 2429 primis

348 2437 606 2489 sepulcrorum
635 2438 964 2491 magnificentiam
984 2438 1057 2476 esse
1074 2438 1340 2479 minuendam.
1383 2441 1469 2479 Nec
1489 2439 1571 2479 haec
1602 2455 1622 2480 a
1641 2443 1741 2495 sapi-

348 2502 544 2542 entiffimis
564 2505 695 2557 legum
716 2505 963 2557 scriptoribus
983 2505 1153 2558 negle&a
1169 2504 1268 2543 sunt.
1300 2506 1407 2544 Nam
1426 2516 1464 2545 et
1479 2506 1740 2560 Athenisjam

348 2567 411 2605 ille
432 2581 515 2607 mos
535 2581 556 2607 a
575 2571 759 2624 Cecrope,
780 2580 823 2610 ut
840 2571 961 2617 aiunt,
986 2571 1204 2624 permansit,
1224 2570 1299 2610 hoc
1315 2573 1378 2624 jus
1403 2573 1500 2612 terra
1518 2572 1706 2612 humandi
1721 2592 1741 2619 5
