2223 3003
704 260 1489 302 ·DESENECTUTE.
1743 280 1816 319 321

472 362 629 402 XXIII.
659 362 794 402 Nemo
814 376 987 416 unquam
1007 362 1122 409 mihi,
1144 363 1286 417 Scipio,
1314 363 1567 416 persuadebit,
1589 373 1651 403 aut
1673 374 1820 418 patrem

415 437 531 469 tuum
553 429 733 475 Paulum,
758 439 823 468 aut
853 431 948 469 duos
969 443 1071 475 avos,
1106 430 1273 469 Paulum
1292 438 1330 468 et
1351 430 1594 476 Africanum,
1626 441 1690 470 aut
1710 431 1820 470 Afri-

417 496 502 533 cani
534 505 697 548 patrem,
730 504 796 533 aut
825 505 1020 548 patruum,
1052 504 1117 533 aut
1147 496 1292 533 multos
1324 496 1538 548 praestantes
1574 497 1687 543 viros,
1723 511 1820 550 quos

416 574 638 600 enumerare
659 575 736 600 non
756 560 809 598 est
825 560 981 604 necesse,
1013 569 1117 598 tanta
1136 560 1206 598 effe
1227 571 1397 606 conatos,
1422 576 1507 614 quae
1527 563 1574 601 ad
1594 563 1820 616 posteritatis

416 628 646 666 memoriam
666 625 915 679 pertinerent,
948 625 1016 663 nifi
1037 626 1168 664 animo
1194 636 1404 671 cernerent,
1435 628 1693 680 posteritatem
1720 629 1822 667 adse

415 694 619 747 pertinere.
651 693 716 729 An
736 691 862 729 censes
895 692 956 742 (ut
982 691 1029 729 de
1050 705 1113 729 me
1133 692 1214 745 ipso
1234 693 1393 745 aliquid,
1427 707 1534 732 more
1554 692 1700 739 senum,
1733 695 1820 748 glo-

414 759 506 811 rier)
540 772 604 797 me
635 766 758 796 tantos
789 757 935 796 labores
967 757 1124 796 diurnos
1146 758 1426 811 nocturnosque
1457 759 1564 797 domi
1593 761 1823 813 militiaeque

415 825 680 878 suscepturum
711 823 835 869 fuiss'e,
866 824 893 862 fi
912 823 1048 863 iisdem
1077 824 1220 864 finibus
1239 825 1403 878 gloriam
1424 838 1565 871 meam,
1597 826 1740 878 quibus
1761 829 1822 865 vi-

415 901 510 936 tam,
542 891 655 929 essem
676 891 948 929 terminaturus
968 891 980 928 ?
1013 891 1156 930 Nonne
1177 892 1316 930 melius
1338 892 1464 930 multo
1485 891 1624 938 fuisset,
1662 893 1823 932 otiosam

415 966 581 1002 aetatem,
603 967 641 995 et
660 957 847 1010 quietam,
879 956 955 995 fine
975 957 1056 995 ullo
1086 957 1216 996 labore
1241 967 1307 996 aut
1326 959 1575 997 contentione
1595 959 1789 998 traducere
1808 961 1821 995 ?

417 1024 488 1063 Sed
509 1024 634 1062 nescio
655 1023 854 1076 quomodo
874 1024 1040 1069 animus,
1072 1024 1221 1077 erigens
1241 1023 1290 1070 se,
1317 1024 1577 1078 posteritatem
1597 1025 1745 1078 semper
1770 1025 1823 1064 ita

416 1090 684 1144 prospiciebat,
712 1089 830 1142 quasi,
863 1104 955 1128 cum
975 1090 1180 1129 exceffiffet
1199 1105 1220 1129 e
1238 1091 1330 1136 vita,
1362 1100 1448 1129 tum
1469 1091 1634 1144 denique
1654 1092 1822 1130 vieturus

416 1157 517 1196 effet.
538 1157 656 1210 Qod
677 1157 836 1209 quidem
857 1157 898 1195 ni
918 1157 970 1195 ita
989 1157 1024 1195 se
1043 1156 1213 1203 haberet,
1235 1165 1280 1196 ut
1298 1156 1419 1196 animi
1438 1157 1676 1196 immortales
1691 1157 1822 1202 essent,

414 1222 519 1262 haud
551 1224 693 1277 optimi
724 1223 909 1277 cujusque
940 1224 1092 1264 animus
1113 1225 1285 1264 maxime
1309 1224 1356 1264 ad
1374 1224 1639 1264 immortalem
1659 1225 1824 1277 gloriam

414 1290 615 1329 niteretur.

472 1357 596 1410 Qid,
629 1356 735 1410 quod
755 1356 1046 1411 sapientisiimus
1073 1357 1235 1412 quisque
1255 1358 1467 1412 aequiflimo
1493 1358 1624 1397 animo
1645 1358 1823 1401 moritur,

413 1422 654 1463 stultiffimus
686 1424 956 1477 iniquiffimo?
988 1425 1133 1464 Nonne
1162 1425 1272 1465 vobis
1303 1425 1454 1464 videtur
1484 1425 1636 1463 animus
1668 1425 1714 1469 is,
1755 1424 1824 1477 qui

415 1490 504 1544 plus
525 1499 654 1529 cernat
674 1499 713 1528 et
731 1490 902 1544 longius,
923 1491 1064 1538 videre,
1095 1492 1131 1530 se
1161 1493 1207 1531 ad
1233 1493 1393 1531 meliora
1421 1491 1611 1546 proficisci
1623 1510 1636 1536 ⁵
1667 1491 1734 1529 ille
1754 1505 1827 1528 au-

417 1566 512 1602 tem,
531 1557 641 1609 cujus
659 1555 829 1594 obtufior
849 1556 893 1595 s1t
912 1558 1025 1603 acies,
1047 1571 1124 1596 non
1144 1558 1299 1596 videre?
1330 1558 1528 1610 Equidem
1547 1556 1682 1595 efferor
1700 1555 1827 1595 studio

416 1633 541 1676 patres
572 1624 726 1667 vestr08‚
763 1635 860 1675 quos
891 1624 995 1661 colui
1026 1633 1065 1662 et
1096 1624 1228 1669 dilexi,
1265 1623 1421 1662 videndi
1437 1643 1450 1669 5
1482 1636 1606 1676 neque
1636 1635 1726 1661 vero
1758 1636 1824 1661 eos

416 1689 543 1728 solum
576 1688 781 1727 convenire
812 1702 916 1734 aveo,
952 1703 1048 1742 quos
1080 1689 1156 1742 ipse
1187 1690 1376 1743 cognovi;
1408 1688 1470 1728 sed
1501 1690 1588 1728 illos
1615 1689 1745 1735 etiam,
1778 1689 1827 1727 de

417 1755 561 1807 quibus
582 1755 725 1800 audivi,
757 1764 795 1792 et
815 1755 906 1808 legi,
937 1765 974 1793 et
1004 1755 1080 1809 ipse
1100 1755 1326 1809 conscripsi:
1358 1755 1437 1809 quo
1458 1755 1618 1809 quidem
1639 1769 1704 1794 me
1731 1769 1824 1809 pro-

418 1821 654 1860 ficiscentem
683 1819 788 1859 haud
809 1821 894 1859 sane
914 1822 1002 1874 quis
1022 1821 1134 1860 facile
1155 1822 1365 1867 retraxerit,
1398 1835 1507 1867 neve,
1543 1831 1728 1874 tanquam
1748 1822 1825 1860 Pe-

420 1887 526 1932 liam,
549 1887 735 1926 recoxerit
753 1901 761 1924 :
794 1896 845 1931 et,
867 1887 892 1925 fi
915 1888 1000 1940 quis
1030 1887 1136 1925 Deus
1158 1887 1258 1924 mihi
1277 1887 1472 1940 largiatur,
1495 1896 1538 1925 ut
1557 1900 1604 1925 ex
1623 1886 1695 1924 hac
1716 1895 1825 1925 aetate

420 1952 691 2005 repuerascam,
713 1961 751 1990 et
770 1952 810 1989 in
832 1953 942 1990 cunis
963 1953 1128 2005 vagiam,
1143 1952 1249 1990 valde
1270 1952 1465 1997 recusem;
1489 1966 1559 1990 nec
1580 1966 1669 1991 vero
1689 1952 1822 1997 veliin,

419 2019 521 2071 quafi
543 2018 700 2057 decurso
721 2018 854 2072 spatio,
876 2019 923 2057 ad
942 2032 1106 2057 carceres
1128 2033 1148 2056 a
1168 2019 1270 2057 calce
1291 2019 1473 2058 revocari.

475 2085 584 2136 Qid
616 2087 722 2124 enim
754 2084 871 2124 habet
902 2086 978 2124 vita
1012 2086 1244 2124 commodi?
1275 2086 1370 2138 quid
1390 2099 1468 2123 non
1488 2085 1618 2138 potius
1649 2085 1823 2123 laboris?

420 2150 482 2188 sed
501 2149 640 2189 habeat
660 2151 744 2189 sane
764 2166 772 2189 :
796 2149 913 2189 habet
934 2161 1034 2189 certe
1054 2161 1197 2195 tamen,
1219 2160 1283 2188 aut
1304 2150 1525 2196 satietatem,
1548 2159 1613 2188 aut
1634 2151 1824 2190 modurn:

420 2231 498 2255 non
519 2217 617 2255 libet
647 2218 753 2255 enim
785 2216 885 2254 mihi
906 2217 1098 2270 deplorare
1124 2218 1258 2261 vitam,
1292 2217 1398 2269 quod
1429 2217 1561 2263 multi,
1591 2227 1629 2256 et
1659 2218 1686 2256 ii
1707 2218 1825 2263 dosti,

420 2283 515 2336 saepe
545 2282 744 2321 fecerunt:
777 2295 847 2320 nec
882 2296 945 2320 me
976 2282 1106 2321 vixisse
1138 2283 1326 2335 poenitet;
1360 2284 1545 2336 quoniam
1576 2284 1629 2322 ita
1659 2285 1752 2330 vixi,
1783 2294 1827 2322 ut

422 2363 498 2387 non
519 2347 655 2387 frustra
686 2361 750 2387 me
781 2358 915 2386 natum
937 2347 1181 2386 existimem:
1219 2358 1256 2385 et
1290 2362 1337 2387 ex
1364 2348 1436 2387 hac
1466 2350 1544 2387 vita
1577 2349 1629 2387 ita
1658 2350 1825 2395 discedo,

423 2424 605 2468 tanquam
626 2429 673 2454 ex
694 2414 874 2468 hospitio,
897 2429 974 2453 non
999 2424 1181 2467 tanquam
1201 2428 1245 2453 ex
1267 2414 1408 2454 domo:
1433 2417 1701 2456 commorandi
1721 2417 1827 2457 enim

424 2490 556 2518 natura
575 2482 825 2520 diversorium
846 2482 973 2527 nobis,
996 2495 1071 2520 non
1094 2480 1307 2526 habitandi,
1330 2482 1448 2521 dedit.

481 2547 518 2584 O
539 2548 764 2599 praeclarum
785 2549 902 2593 diem,
928 2562 1019 2586 cum
1041 2548 1085 2585 ad
1107 2547 1204 2585 illnd
1224 2548 1401 2587 divinum
1423 2549 1640 2588 animorum
1662 2548 1827 2587 concili-

425 2627 493 2651 um
514 2622 738 2665 coetumque
758 2613 989 2667 proficiscar,
1024 2627 1194 2666 cumque
1222 2628 1268 2653 ex
1301 2613 1372 2653 hac
1407 2616 1517 2653 turba
1547 2625 1584 2653 et
1611 2615 1829 2654 colluvione

508 2680 574 2718 To
587 2691 638 2718 M.
671 2679 744 2718 111.
1467 2682 1488 2718 S
1516 2680 1537 2718 s
