2223 3003
721 238 997 279 LIBER
1060 237 1422 277 PRIMUS.
1697 240 1771 293 189

374 338 491 384 fraus,
522 339 624 392 quafi
644 339 882 393 vulpeculae3
914 340 985 384 vis,
1018 339 1138 378 leonis
1169 339 1344 378 videtur:
1377 348 1586 393 utrumque
1612 339 1773 381 homine

375 406 647 444 alienissimum
667 421 675 444 z
708 406 768 444 sed
788 405 887 444 fraus
908 406 998 444 odio
1017 406 1132 458 digna
1152 407 1307 458 majore.
1339 406 1480 445 Totius
1501 415 1630 445 autem
1651 408 1771 460 injus-

375 473 470 510 titiae
490 473 597 510 nulla
615 471 814 524 capitalior
833 472 898 515 est,
921 484 1038 522 quam
1059 485 1207 516 eorum,
1226 473 1293 523 qui
1313 485 1405 509 cum
1427 473 1596 510 maxime
1615 471 1771 518 fallunt,

375 538 415 576 id
435 548 568 592 agunt,
590 548 633 576 ut
652 538 723 575 viri
743 537 836 575 boni
857 537 926 573 esse
945 537 1156 574 videantur.
1189 538 1250 574 De
1264 538 1411 588 justitia
1430 538 1514 576 satis
1535 539 1683 578 dictum
1704 540 1770 579 est.

431 605 542 643 XIV.
566 605 759 655 Deinceps
784 602 844 653 (ut
864 610 942 639 erat
959 602 1214 653 propofitum)
1237 603 1284 639 de
1305 603 1556 642 beneficentia
1574 619 1616 644 ac
1633 606 1773 644 libera-

376 671 482 708 litate
501 670 674 712 dicatum
708 681 782 719 qua
801 667 961 719 quidem
983 666 1083 704 nihil
1109 667 1161 704 est
1182 677 1324 706 naturae
1344 667 1514 707 hominis
1546 684 1771 712 accommo-

375 736 526 773 datius:
559 734 620 771 sed
641 733 757 771 habet
776 733 918 771 multas
938 733 1147 772 cmitiones.
1194 733 1419 772 Videndum
1449 735 1501 772 est
1534 737 1654 781 enirn,
1690 739 1772 790 pri-

375 798 501 846 mum,
524 814 570 838 ne
590 799 687 837 obfit
708 799 937 852 benignitas,
962 808 999 837 et
1020 799 1064 837 iis
1086 799 1187 852 ipfis,
1216 799 1358 851 quibus
1389 800 1554 853 benigne
1582 802 1775 842 videbitur

374 866 470 911 fieri,
501 875 538 904 et
557 865 700 904 caeteris
720 880 729 903 ε
760 865 912 910 deinde,
944 878 991 902 ne
1011 866 1133 917 major
1152 865 1368 918 benignitas
1390 866 1447 911 fit,
1469 880 1586 919 quam
1608 867 1773 906 faculta-

374 943 429 971 tes
449 947 457 971 :
480 942 580 978 tum,
604 942 646 970 ut
666 946 734 985 pro
755 933 940 986 dignitate
960 933 1100 985 cuique
1121 933 1322 971 tribuatur.
1356 934 1400 971 Id
1420 935 1525 972 enim
1551 935 1603 972 est
1617 935 1774 987 justitiae

374 998 690 1044 fundamentum,
712 999 758 1037 ad
779 1013 896 1052 quam
919 998 999 1037 haec
1020 998 1214 1037 referenda
1233 999 1318 1037 sunt
1338 1001 1483 1038 omnia.
1516 1001 1622 1038 Nam
1647 1010 1685 1039 et
1705 1003 1775 1054 qui

374 1066 637 1119 gratificantur
657 1066 840 1118 cuipiam,
855 1066 960 1119 quod
972 1066 1069 1105 obsit
1089 1065 1161 1110 illi,
1176 1066 1239 1104 cui
1255 1066 1423 1119 prodesse
1443 1067 1538 1105 velle
1559 1067 1772 1114 videantur,

374 1146 454 1170 non
474 1132 651 1177 benefici,
669 1145 792 1185 neque
812 1132 1002 1177 liberales,
1020 1131 1080 1170 sed
1101 1132 1300 1185 perniciosi
1320 1132 1560 1170 afl'entatores
1572 1134 1775 1185 judicandi

375 1197 488 1243 sunt;
520 1207 557 1236 et
572 1198 640 1250 qui
658 1198 740 1236 aliis
760 1207 916 1244 nocent,
939 1207 982 1236 ut
1001 1198 1042 1236 in
1062 1198 1154 1236 alios
1174 1198 1347 1236 liberales
1367 1198 1454 1243 sint,
1476 1199 1516 1236 in
1535 1199 1667 1237 eadem
1687 1199 1777 1238 sunt

374 1264 572 1316 injustitia,
597 1273 640 1302 ut
659 1264 685 1302 fi
706 1264 746 1301 in
767 1264 872 1303 suam
893 1278 976 1303 rem
995 1265 1115 1302 aliena
1135 1272 1374 1303 convertant.

430 1331 527 1368 Sunt
547 1339 676 1368 autem
696 1329 828 1375 multi,
853 1339 891 1368 et
910 1331 1071 1383 quidem
1091 1331 1224 1384 cupidi
1244 1331 1452 1383 splendoris
1484 1339 1521 1369 et
1540 1331 1684 1383 gloriae,
1705 1331 1776 1384 qui

375 1396 545 1450 eripiunt
564 1397 662 1442 aliis,
684 1397 789 1450 quod
808 1398 891 1436 aliis
911 1398 1122 1451 largiantur
1132 1416 1144 1443 ;
1175 1397 1296 1450 hique
1315 1398 1545 1436 arbitrantur
1564 1398 1600 1436 se
1627 1398 1775 1437 benefi-

376 1477 441 1501 cos
459 1464 499 1501 in
517 1465 601 1502 suos
617 1465 760 1503 amicos
777 1464 902 1503 visum
922 1464 982 1510 iri,
996 1465 1022 1503 fi
1039 1465 1275 1517 locupletent
1290 1479 1352 1503 eos
1369 1479 1599 1518 quacunque
1616 1466 1774 1504 ratione.

379 1528 424 1565 Id
454 1538 583 1567 autem
615 1539 767 1567 tantum
797 1530 899 1568 abest
928 1531 975 1568 ab
995 1531 1138 1575 officio,
1175 1540 1218 1569 ut
1238 1529 1338 1569 nihil
1364 1532 1486 1584 magis
1506 1532 1637 1569 officio
1663 1531 1777 1584 poffit

378 1593 448 1632 effe
467 1596 717 1634 contrarium.
749 1595 974 1634 Videndum
996 1597 1047 1634 est
1067 1597 1199 1648 igitur,
1235 1606 1279 1634 ut
1299 1611 1340 1634 ea
1360 1597 1585 1634 liberalitate
1604 1607 1773 1641 utamur,

377 1673 462 1713 quae
481 1662 596 1714 profit
616 1661 764 1706 amicis,
783 1670 917 1699 noceat
936 1661 1097 1699 nemini.
1121 1662 1250 1711 Qare
1271 1662 1319 1699 L.
1343 1662 1467 1712 Syllae,
1489 1671 1527 1699 et
1548 1663 1596 1700 C.
1620 1662 1775 1701 Caesaris

375 1728 629 1778 pecuniarum
652 1727 840 1766 transsatio
861 1741 880 1765 a
893 1728 1005 1779 justis
1025 1727 1194 1765 dominis
1213 1727 1259 1764 ad
1277 1727 1419 1766 alienos
1440 1742 1516 1766 non
1538 1728 1653 1766 debet
1673 1729 1775 1767 libe-

378 1792 464 1830 ralis
485 1793 617 1831 videri.
651 1793 766 1832 Nihil
787 1793 838 1831 est
858 1794 964 1831 enim
985 1794 1154 1838 liberale,
1176 1794 1280 1846 quod
1301 1808 1378 1832 non
1398 1794 1501 1832 idem
1513 1795 1676 1846 justum.

431 1859 544 1897 Alter
573 1869 651 1897 erat
680 1860 788 1898 locus
810 1860 1013 1904 cautionis,
1045 1873 1092 1897 ne
1123 1859 1339 1910 benignitas
1370 1861 1493 1910 major
1521 1859 1626 1904 effet,
1657 1874 1776 1912 quarn

375 1923 575 1964 facultates
593 1945 604 1971 ς
637 1926 756 1978 quod,
787 1926 856 1977 qui
877 1914 1121 1977 benigniores
1141 1925 1278 1964 volunt
1309 1925 1380 1963 effe
1400 1939 1518 1978 quam
1539 1939 1595 1963 res
1616 1927 1775 1979 patitur,

373 1991 549 2044 primum
570 1993 609 2030 in
630 2005 675 2030 eo
695 2001 869 2045 peccant,
901 1992 1005 2045 quod
1034 1992 1205 2044 injuriosi
1227 1992 1314 2030 sunt
1344 1992 1385 2030 in
1410 1993 1624 2045 proximos.
1668 1994 1777 2045 Qas

375 2058 481 2095 enim
501 2059 629 2111 copias
650 2057 711 2096 his
732 2067 770 2097 et
789 2058 1020 2112 suppeditari
1041 2059 1186 2111 aequius
1206 2058 1272 2103 est,
1305 2067 1341 2095 et
1361 2059 1542 2110 relinqui,
1574 2072 1633 2097 eas
1655 2059 1776 2097 trans-

377 2121 506 2161 ferunt
538 2125 584 2162 ad
617 2125 773 2163 alienos.
820 2124 919 2163 Inest
938 2134 1067 2162 autem
1088 2125 1128 2162 in
1149 2125 1215 2162 tali
1236 2123 1460 2162 liberalitate
1480 2124 1669 2176 cupiditas
1690 2125 1776 2178 ple-

376 2202 542 2242 rumque
576 2191 746 2242 rapiendi
779 2199 818 2227 et
851 2190 1047 2228 auferendi
1068 2203 1135 2241 per
1154 2190 1348 2241 injuriam,
1385 2198 1427 2227 ut
1459 2190 1504 2227 ad
1534 2190 1776 2242 largiendum

377 2255 579 2308 suppetant
599 2256 732 2309 copiae.
765 2255 906 2292 Videre
925 2256 1042 2292 etiam
1071 2255 1161 2292 licet
1191 2255 1390 2307 plerosque
1424 2269 1501 2293 non
1532 2265 1612 2294 tam
1643 2266 1777 2295 natura

376 2321 566 2367 liberales,
597 2335 716 2375 quam
748 2321 914 2374 quadam
947 2321 1068 2373 gloria
1104 2321 1251 2366 ductos,
1294 2331 1336 2359 ut
1371 2321 1534 2360 benefici
1561 2321 1774 2368 videantur,

378 2386 500 2426 facere
529 2389 667 2434 multa,
703 2401 787 2440 quae
814 2387 1004 2441 proficisci
1035 2387 1082 2425 ab
1101 2387 1348 2428 ostentatione
1369 2388 1506 2441 magis,
1528 2402 1645 2441 quam
1666 2403 1686 2426 a
1703 2403 1773 2427 vo-

377 2452 523 2492 luntate
544 2456 756 2494 videantur.
783 2455 892 2494 Talis
913 2463 1041 2493 autem
1062 2454 1254 2492 simulatio
1272 2455 1430 2493 vanitati
1446 2455 1498 2493 est
1518 2456 1775 2507 conjunctior,

379 2531 496 2570 quam
515 2530 580 2559 aut
598 2521 832 2566 liberalitati,
855 2530 920 2559 aut
938 2520 1141 2559 honestati.

435 2584 617 2625 Tertium
649 2587 703 2626 est
734 2587 991 2641 propositum,
1040 2596 1082 2626 ut
1116 2587 1156 2625 in
1194 2586 1444 2627 beneficentia
1481 2587 1647 2627 delenitus
1686 2584 1776 2624 eflct
