2223 3003
423 222 498 276 316
750 220 854 260 DE
913 216 1491 258 SENECTUTE.

419 320 664 358 Severitatem
695 319 734 356 in
754 317 944 355 senectute
973 315 1110 368 probo,
1140 314 1204 353 sed
1234 328 1319 354 eam
1341 315 1456 367 (ficut
1474 314 1565 368 alia)
1595 315 1823 366 modicam;

417 386 663 424 acerbitatem
684 382 792 420 nullo
812 381 944 420 modo.
960 381 1140 419 Avaritia
1158 394 1246 420 vero
1266 381 1393 420 senilis
1414 381 1510 434 quid
1530 381 1601 420 fibi
1618 382 1726 428 velit,
1742 396 1828 424 non

401 440 606 502 intelligo.
639 447 766 487 Potest
785 448 890 486 enim
910 447 1127 500 quidquam
1146 447 1218 486 effe
1238 447 1450 494 absurdius,
1471 461 1605 502 quam,
1631 461 1712 502 quo
1741 449 1827 488 mi-

415 530 486 555 nus
508 517 576 554 viae
596 514 720 559 restat,
739 527 786 552 eo
804 513 892 568 plus
913 513 1044 552 viatici
1063 515 1258 567 quaerere?

470 582 582 620 XIX.
616 582 763 634 Qarta
788 581 898 619 restat
916 580 1038 626 causa,
1069 595 1154 634 quae
1173 581 1345 621 maxime
1364 594 1514 634 angere,
1540 589 1656 634 atque
1675 579 1826 622 sollici-

414 658 494 686 tam
525 647 664 686 habere
698 648 864 686 nostram
902 657 1053 687 aetatem
1084 648 1259 694 videtur,
1300 649 1624 702 appropinquatio
1652 648 1791 687 mortiS
1806 665 1826 694 5

414 729 499 768 quae
518 724 620 754 certe
639 728 660 752 a
678 714 870 754 seneetute
889 728 967 753 non
986 715 1109 768 potest
1127 715 1242 769 longe
1261 715 1396 754 abeffe.
1417 717 1454 754 Ο
1475 715 1660 754 miserum
1677 715 1827 760 senem,

413 782 483 834 qui
502 791 669 821 mortem
689 781 1016 820 contemnendam
1046 781 1117 820 effe
1146 782 1188 820 in
1218 791 1298 820 tam
1319 781 1435 834 longa
1464 791 1572 821 aetate
1601 795 1681 820 non
1709 771 1822 820 vide*-

413 848 486 886 rit!
519 862 604 900 quae
623 857 688 886 aut
707 848 819 901 plane
838 847 1068 900 negligenda
1085 847 1153 892 est,
1173 847 1200 885 s1
1220 848 1384 886 omnino
1402 848 1596 902 extinguit
1614 840 1792 887 animum
1804 865 1820 893 ς

412 923 478 952 aut
497 915 613 952 etiam
633 912 814 966 optanda,
843 913 870 951 fi
901 912 1032 965 aliquo
1051 925 1143 952 eum
1169 912 1340 958 deducit,
1372 913 1441 952 ubi
1461 913 1506 952 fit
1535 912 1688 952 futurus
1709 922 1823 952 aeter·

410 994 498 1020 nus.
547 979 674 1032 Atqui
694 979 853 1018 tertium
873 988 976 1018 certe
995 978 1096 1018 nihil
1125 979 1290 1018 inveniri
1308 980 1445 1033 potest.
1491 980 1600 1033 Qid
1630 980 1748 1032 igitur
1767 979 1824 1018 ti-

412 1060 555 1092 meam,
584 1046 612 1084 fi
638 1054 704 1085 aut
735 1060 814 1085 non
834 1045 948 1085 miser
966 1045 1052 1100 post
1078 1055 1264 1092 mortem,
1289 1055 1355 1085 aut
1375 1046 1507 1085 beatus
1527 1046 1645 1086 etiam
1664 1044 1824 1084 futurus

412 1113 497 1152 sum
515 1113 528 1150 ?

467 1180 706 1232 Qanquam
737 1180 824 1233 quis
858 1178 911 1218 est
942 1188 1020 1218 tam
1042 1178 1194 1224 stultus,
1225 1179 1402 1232 quamvis
1422 1179 1467 1218 fit
1487 1177 1720 1223 adolescens,
1753 1177 1821 1216 cui

411 1245 456 1284 s1t
476 1247 734 1298 exploratum,
765 1246 800 1285 se
831 1245 877 1284 ad
897 1246 1094 1299 vesperum
1114 1245 1185 1284 effe
1205 1247 1398 1284 vieturum
1415 1246 1428 1283 ?
1460 1245 1568 1294 Qlin
1594 1245 1711 1283 etiam
1731 1252 1820 1282 aetas

411 1311 477 1349 illa
497 1312 624 1350 multo
643 1312 785 1364 plures,
818 1325 937 1364 quam
958 1311 1096 1357 nostra,
1131 1311 1268 1350 mortis
1288 1311 1393 1350 casus
1413 1310 1544 1350 habet.
1587 1309 1756 1349 Facilius
1777 1309 1820 1346 in

411 1378 567 1416 morbos
588 1378 766 1417 incidunt
785 1377 1065 1423 adolescentes;
1097 1378 1247 1431 gravius
1268 1386 1453 1431 aegrotant
1468 1396 1480 1423 ς
1515 1376 1657 1416 tristius
1678 1389 1820 1414 curan-

409 1453 472 1481 tur
490 1459 498 1482 :
531 1445 660 1497 itaque
680 1444 793 1497 pauci
813 1444 974 1482 veniunt
994 1444 1041 1482 ad
1060 1444 1292 1482 senectutem
1309 1459 1319 1483 ι
1351 1444 1457 1496 quod
1483 1444 1524 1482 ni
1544 1443 1596 1481 ita
1615 1442 1822 1486 accideret,

409 1510 550 1548 melius
577 1519 614 1547 et
645 1509 871 1562 prudentius
892 1509 1096 1547 viveretur.
1128 1509 1246 1547 Mens
1267 1510 1388 1554 enim,
1419 1518 1457 1547 et
1485 1509 1596 1553 ratio,
1627 1516 1667 1546 et
1692 1507 1821 1546 confi-

409 1577 522 1621 lium,
553 1576 594 1614 in
614 1575 766 1613 senibus
785 1574 838 1612 est
853 1592 866 1619 ς
898 1575 968 1626 qui
987 1575 1015 1612 fi
1041 1574 1141 1612 nulli
1160 1574 1330 1620 fuissent,
1361 1575 1479 1614 nullae
1498 1575 1662 1614 omnino
1681 1574 1819 1612 civita-

410 1652 465 1681 tes
486 1641 653 1681 fuissent.
686 1640 758 1680 Sed
779 1641 892 1679 redeo
912 1640 962 1679 ad'
979 1650 1147 1679 mortem
1168 1641 1476 1693 impendentem.
1509 1640 1628 1692 Qod
1649 1639 1746 1678 illud
1766 1639 1821 1678 est

409 1710 555 1748 crimen
577 1708 794 1753 senectutis,
815 1721 909 1746 cum
929 1707 1030 1746 illud
1049 1707 1207 1746 videatis
1227 1721 1318 1746 cum
1341 1707 1595 1746 adolescentia
1613 1707 1684 1745 effe
1704 1719 1819 1745 com-

410 1777 555 1816 mune?
587 1776 688 1815 Senfi
709 1789 782 1828 ego
802 1785 888 1815 tum
909 1775 950 1814 in
969 1775 1123 1829 optimo
1145 1774 1228 1814 filio
1248 1789 1350 1820 meo,
1380 1785 1465 1814 tum
1485 1775 1525 1813 in
1545 1775 1753 1827 expectatis
1773 1773 1821 1812 ad

409 1842 681 1896 ampliffimam
712 1842 942 1894 dignitatem
961 1841 1145 1880 fratribus
1167 1841 1257 1887 tuis,
1289 1841 1432 1894 Scipio,
1459 1841 1568 1880 omni
1589 1841 1689 1879 aetati
1710 1854 1818 1879 mor-

410 1919 490 1948 tem
511 1908 582 1946 effe
601 1921 870 1945 communem.

465 1977 520 2013 At
551 1973 672 2026 sperat
705 1972 935 2017 adolescens,
970 1972 1037 2010 diu
1069 1971 1104 2010 se
1134 1972 1356 2016 vie‘Iurum5
1394 1972 1499 2024 quod
1535 1971 1677 2024 sperare
1713 1971 1818 2009 idem

410 2042 521 2080 senex
542 2053 618 2079 non
640 2039 775 2093 potest.
819 2039 1044 2092 Inlipienter
1075 2039 1194 2092 sperat
1215 2054 1223 2077 :
1259 2039 1354 2091 quid
1375 2039 1480 2078 enim
1499 2039 1664 2082 stultius,
1698 2051 1820 2089 quam

410 2108 554 2145 incerta
586 2119 656 2159 pro
675 2106 788 2143 certis
815 2104 968 2149 habere,
1005 2103 1095 2142 falsa
1124 2118 1193 2158 pro
1212 2105 1340 2143 veris?
1374 2107 1495 2143 Senex
1524 2118 1571 2143 ne
1605 2104 1710 2156 quod
1732 2103 1817 2155 spe-

411 2184 467 2212 ret
501 2174 661 2226 quidem
695 2171 825 2210 habet.
868 2173 923 2210 At
953 2171 1007 2210 est
1039 2170 1086 2209 εὸ
1117 2172 1277 2210 meliore
1307 2171 1543 2215 conditione,
1575 2184 1694 2223 quam
1723 2170 1818 2208 ado-

409 2240 581 2285 lescens;
627 2252 719 2277 cum
751 2238 814 2284 id,
845 2237 950 2291 quod
981 2237 1047 2275 ille
1083 2237 1229 2291 sperat,
1274 2236 1339 2276 hic
1367 2238 1451 2290 jam
1485 2238 1712 2276 consecutus
1747 2236 1817 2275 est.

410 2306 481 2345 llle
513 2306 596 2344 vult
627 2306 693 2344 diu
725 2306 876 2350 vivere,
909 2304 973 2343 hic
1006 2305 1072 2343 diu
1108 2305 1219 2344 vixit.
1262 2305 1514 2357 Qanquam,
1545 2305 1568 2342 ὃ
1590 2304 1659 2342 Dii
1693 2301 1813 2341 boni!

409 2372 504 2426 quid
524 2373 576 2411 est
598 2373 637 2410 in
658 2371 831 2410 hominis
852 2371 929 2410 vita
947 2371 1014 2409 diu
1032 2371 1039 2407 !
1074 2371 1135 2409 Da
1160 2371 1265 2410 enim
1287 2371 1511 2424 supremum
1534 2380 1685 2422 tempus
1705 2383 1714 2407 ι
1746 2382 1815 2406 ex-

411 2442 606 2493 pestemus
626 2438 902 2478 Tarteffiorum
925 2438 1022 2491 regis
1043 2447 1218 2477 aetatem:
1241 2437 1317 2477 fuit
1337 2438 1442 2476 enim
1466 2439 1527 2489 (ut
1548 2436 1733 2489 scriptum
1754 2436 1815 2472 vi-

408 2508 507 2558 deo)
554 2504 846 2559 Arganthonius
877 2505 1037 2558 quidam
1071 2505 1274 2550 Gadibus,
1306 2505 1374 2558 qui
1415 2504 1612 2556 oftoginta
1645 2502 1816 2555 regnavit

409 2587 542 2620 annos,
573 2582 732 2613 centum
752 2582 790 2612 et
809 2573 950 2626 viginti
967 2572 1080 2612 vixit.
1123 2571 1194 2612 Sed
1214 2570 1314 2611 mihi
1335 2585 1382 2611 ne
1403 2571 1634 2610 diuturnum
1654 2569 1818 2623 quidem
