2223 3003
1014 230 1241 284 [¹36]

1087 395 1195 432 DE

643 553 1622 635 LEGIBUS,

718 759 995 800 LIBER
1053 759 1554 799 SECUNDUS.

648 998 715 1043 est,
738 1006 776 1036 et
798 997 870 1036 tibi
890 997 995 1036 aliud
1014 997 1168 1036 dicendi
1189 998 1349 1038 initium
1369 999 1600 1038 sumendum
1622 998 1689 1043 est,
1710 998 1843 1036 locum

650 1072 863 1108 mutemus,
881 1072 920 1102 et
939 1063 979 1101 in
999 1063 1136 1109 insula,
1155 1077 1240 1116 quae
1255 1064 1308 1103 est
1324 1064 1364 1103 in
1383 1064 1566 1108 Fibreno,
1586 1065 1695 1116 (nam
1707 1063 1845 1116 opinor

437 1131 495 1171 illi
512 1130 621 1168 alteri
641 1129 796 1168 flumini
816 1143 960 1168 nomen
976 1128 1066 1182 effe)
1089 1129 1256 1168 sermoni
1272 1131 1422 1184 reliquo
1437 1131 1573 1169 demus
1593 1142 1764 1183 operam,
1786 1128 1843 1167 se-

437 1198 568 1237 dentes
584 1197 597 1235 ?
620 1197 841 1235 MARCUS.
860 1197 954 1234 Sane
969 1195 1142 1248 quidem.
1166 1197 1273 1235 Nam
1289 1197 1358 1235 illo
1377 1197 1464 1235 loco
1481 1196 1728 1235 libentiffime
1744 1194 1845 1233 soleo

438 1264 511 1308 uti,
533 1263 607 1301 five
626 1261 722 1315 quid
742 1274 897 1300 mecum
919 1261 997 1314 ipse
1016 1261 1161 1314 cogito,
1183 1262 1259 1299 five
1277 1271 1343 1300 aut
1364 1262 1501 1307 scribo,
1523 1270 1589 1300 aut
1609 1261 1710 1314 lego.
1748 1262 1846 1299 AT-

441 1342 597 1369 T1CUS.
620 1327 831 1381 Equidem,
865 1328 933 1380 qui
965 1340 1070 1365 nunc
1090 1328 1266 1380 primum
1295 1327 1374 1367 huc
1394 1328 1582 1374 venerim,
1614 1327 1737 1366 satiari
1769 1340 1846 1366 non

438 1410 564 1450 queo3
597 1394 896 1447 magnificasque
916 1394 1041 1439 villas,
1073 1403 1111 1432 et
1130 1395 1350 1448 pavimenta
1370 1409 1596 1440 marmorea,
1618 1404 1656 1433 et
1674 1394 1847 1447 laqueata

439 1465 537 1502 tedia
556 1471 781 1501 contemno.
829 1461 981 1499 Ductus
1002 1474 1090 1499 vero
1109 1474 1310 1513 aquarum,
1331 1475 1428 1514 quos
1449 1462 1508 1500 isti
1531 1461 1647 1500 Nilos
1668 1470 1707 1498 et
1726 1461 1845 1498 Euri-

438 1543 509 1584 pos
541 1537 692 1573 vocant‚
715 1527 801 1580 quis
832 1540 924 1572 non,
958 1540 1051 1564 cum
1070 1525 1154 1565 haec
1172 1527 1312 1572 videat,
1334 1527 1520 1566 irriserit?
1552 1528 1700 1579 Itaque,
1735 1535 1778 1564 ut
1805 1535 1847 1565 tu

439 1596 555 1649 paulo
575 1603 662 1632 ante
682 1593 728 1631 de
752 1593 835 1645 lege
853 1601 891 1630 et
922 1593 968 1637 de
981 1593 1068 1644 jure
1089 1593 1264 1631 differens
1284 1594 1331 1631 ad
1348 1603 1524 1632 naturam
1544 1592 1730 1632 referebas
1757 1606 1845 1632 om-

440 1662 517 1707 nia,
535 1661 583 1699 fic
604 1661 644 1698 in
666 1658 725 1697 his
747 1658 833 1712 ipsis
854 1658 982 1704 rebus,
997 1672 1082 1711 quae
1103 1659 1149 1697 ad
1165 1659 1378 1713 requietem
1391 1660 1511 1699 animi
1531 1660 1846 1699 delectationem-

441 1742 517 1782 que
533 1734 771 1780 quaeruntur‚
795 1734 927 1763 natura
955 1725 1192 1765 dominatur.
1239 1727 1368 1777 Qare
1399 1736 1508 1764 antea
1537 1725 1703 1764 mirabar
1730 1724 1848 1777 (nihil

439 1794 547 1833 enim
567 1791 628 1830 his
649 1792 690 1829 in
710 1791 806 1829 locis
827 1790 895 1828 nisi
920 1790 1003 1829 saxa
1022 1800 1060 1829 et
1080 1801 1232 1830 montes
1263 1791 1481 1845 cogitabam
1498 1809 1510 1837 ς
1543 1791 1661 1843 idque
1681 1799 1725 1828 ut
1744 1789 1847 1829 face-

443 1874 539 1904 rem,
561 1868 598 1896 et
629 1857 869 1895 orationibus
891 1856 1099 1895 inducebar
1119 1858 1210 1902 tuis,
1242 1868 1280 1895 et
1309 1858 1493 1909 versibus)
1517 1857 1578 1896 sed
1598 1857 1778 1902 mirabar,
1806 1867 1849 1896 ut

441 1925 538 1970 dixi,
559 1932 689 1961 tetam
706 1921 813 1959 valde
833 1919 908 1959 hoc
929 1921 1016 1960 loco
1031 1921 1221 1960 delectari.
1243 1922 1363 1961 Nunc
1384 1931 1517 1960 contra
1537 1923 1669 1967 miror,
1688 1932 1737 1966 te,
1755 1936 1848 1961 cum

444 1990 573 2029 Roma
589 1989 696 2033 absis,
719 1987 879 2041 usquam
896 1988 1024 2041 potius
1044 1987 1128 2026 effe.
1175 1989 1393 2027 Mancus.
1416 1989 1503 2041 Ego
1522 2001 1624 2034 vero,
1646 2001 1739 2026 cum
1759 1988 1849 2027 licet

442 2057 569 2110 plures
599 2055 678 2093 dies
699 2053 833 2099 abesse,
867 2054 1073 2107 praesertim
1094 2054 1169 2093 hoc
1192 2065 1363 2109 tempore
1384 2056 1487 2099 anni,
1518 2064 1556 2093 et
1583 2055 1848 2093 amoenitatem

444 2123 541 2161 hanc
561 2132 598 2160 et
621 2121 880 2159 salubritatem
901 2120 1060 2174 sequ0r3
1094 2134 1176 2159 raro
1196 2131 1324 2160 autem
1344 2122 1448 2161 licet.
1482 2122 1554 2160 Sed
1576 2121 1764 2160 nimirum
1785 2135 1848 2160 ine

445 2190 516 2228 alia
534 2202 690 2242 quoque
717 2187 826 2225 causa
854 2187 1030 2233 delectat,
1058 2202 1142 2241 quae
1164 2198 1199 2226 te
1232 2203 1308 2227 non
1329 2189 1484 2242 attingit
1505 2188 1569 2227 ita.
1614 2190 1846 2227 Αττιςυς.

444 2258 543 2308 Qoe
565 2256 719 2294 tandem
741 2254 806 2293 ista
825 2255 934 2294 causa
953 2255 1032 2293 est?
1075 2256 1295 2294 MARcus.
1319 2256 1438 2308 Qia,
1469 2256 1493 2295 si
1514 2269 1647 2295 verum
1667 2255 1848 2298 dicimus.

444 2322 524 2360 haec
547 2322 597 2359 cst
616 2336 712 2366 mea,
734 2330 772 2359 et
792 2319 908 2373 hujus
931 2320 1055 2359 fratris
1077 2323 1154 2360 mei
1170 2336 1351 2375 germana
1372 2323 1490 2376 patria
1509 2337 1517 2361 :
1542 2321 1634 2360 hinc
1651 2322 1756 2359 enim
1773 2322 1847 2359 orti

445 2389 558 2442 stirpe
590 2387 871 2440 antiquiffima:
906 2387 969 2427 hic
1005 2389 1115 2434 sacm,
1147 2388 1213 2427 hic
1239 2402 1376 2443 genus,
1408 2388 1471 2427 hic
1504 2389 1695 2440 majorum
1728 2388 1850 2426 multa

445 2455 611 2508 vestigia.
657 2454 765 2506 (Qid
795 2454 932 2507 plura?
967 2454 1065 2494 hanc
1086 2455 1190 2493 vides
1213 2455 1359 2501 villam,
1382 2465 1423 2494 ut
1461 2469 1562 2493 nunc
1593 2454 1752 2507 quidem
1781 2454 1847 2498 est,

443 2521 586 2560 lautius
618 2519 843 2558 crdificamm
876 2522 991 2573 patris
1014 2520 1128 2560 nostri
1158 2520 1280 2559 studio
1297 2539 1308 2566 3
1340 2521 1421 2574 qui,
1453 2535 1545 2559 cum
1579 2519 1667 2558 ess‘ct
1699 2519 1851 2559 infirma

446 2587 676 2632 valetudine,
710 2586 773 2625 hic
796 2586 871 2625 sese
891 2598 1038 2627 aetatcm
1059 2588 1137 2641 egit
1158 2588 1198 2626 in
1220 2588 1352 2627 literis.
1401 2588 1470 2627 Sed
1492 2587 1566 2627 hoc
1600 2587 1680 2641 ipso
1701 2588 1740 2625 in
1765 2586 1850 2625 loco

439 946 471 984 1,
532 944 564 1026 Ξ
626 946 651 972 T
667 945 694 971 T
707 943 755 971 re
769 944 792 969 υ
807 944 840 970 s.
873 931 946 970 Sed
965 931 1082 976 visne,
1101 932 1287 984 quoniam
1312 942 1350 971 et
1381 933 1466 972 satis
1481 933 1565 985 jam
1596 930 1842 971 ambulatum
