2223 3003
626 260 903 300 LIBER
961 259 1459 299 SECUNDUS.
1668 273 1740 314 251

345 357 491 398 necesse
512 359 728 413 disputare;
759 360 811 399 est
825 360 931 399 enim
951 360 988 398 in
1006 368 1192 413 promptu
1210 374 1218 398 :
1251 357 1402 398 tantum
1423 359 1530 398 locus
1551 357 1744 411 attingen-

348 426 419 464 dus
440 425 529 465 fuit.

405 493 535 545 Caput
569 501 697 531 autem
731 491 784 530 est
819 492 859 529 in
892 491 1003 529 omni
1032 492 1299 544 procuratione
1331 492 1476 545 negotii
1505 501 1542 531 et
1575 491 1746 530 muneris

348 559 512 611 publici,
545 567 609 597 aut
639 558 800 596 avaritiae
821 557 984 609 pellatur
1006 557 1121 594 etiam
1141 557 1306 596 minima
1333 558 1508 610 suspicio.
1567 558 1744 603 Utinam,

349 625 479 677 inquit
500 626 548 663 C.
566 623 726 662 Pontius
745 621 910 665 Samnis,
931 621 978 658 ad
997 621 1064 659 illa
1083 631 1257 674 tempora
1272 636 1334 660 me
1354 622 1506 660 fortuna
1525 624 1744 668 reservasset,

346 700 387 729 et
405 700 490 729 tum
521 689 634 727 essem
655 697 779 732 natus,
802 686 984 739 fiquando
1015 687 1185 725 Romani
1204 688 1303 726 dona
1332 689 1502 741 accipere
1521 690 1718 741 coepiss'ent
1736 690 1743 727 ἔ

341 769 428 793 non
447 754 561 792 effem
581 752 702 807 paffus
722 752 869 790 diutius
899 765 962 790 eos
987 752 1188 805 imperare.
1220 753 1294 790 Nae
1314 752 1373 790 illi
1394 753 1518 791 multa
1537 754 1660 791 secula
1678 768 1745 793 ex-

339 821 532 874 pestanda
551 819 708 858 fuerunt
725 833 735 857 ε
756 818 876 857 modo
896 818 1001 857 enim
1021 817 1098 857 hoc
1118 818 1267 857 malum
1287 820 1327 857 in
1347 818 1447 857 hanc
1467 820 1747 872 rempublicam

342 887 507 925 invafit:
530 887 659 938 itaque
679 884 790 924 facile
809 885 934 938 patior
953 894 1046 923 tunc
1066 885 1194 938 potius
1212 885 1398 924 Pontium
1418 884 1542 931 fuiffe‚
1559 886 1747 938 slquidem

347 953 390 991 in
409 952 478 991 illo
497 961 648 990 tantum
662 949 738 989 fuit
758 950 919 989 roboris.
938 951 1129 989 Nondum
1150 960 1308 989 centum
1325 960 1362 989 et
1381 951 1515 989 decem
1536 952 1624 989 anni
1645 951 1745 997 sunt,

344 1031 441 1057 cum
461 1018 506 1056 de
523 1017 699 1071 pecuniis
731 1017 950 1070 repetundis
971 1030 992 1054 a
1011 1017 1060 1055 L.
1086 1016 1221 1056 Pisone
1241 1016 1316 1055 lata
1334 1016 1387 1055 est
1406 1017 1481 1062 lex,
1514 1017 1621 1055 nulla
1640 1027 1748 1055 antea

338 1097 441 1122 tum
461 1083 601 1122 fuiffet.
633 1085 689 1122 At
708 1096 795 1122 vero
814 1083 941 1136 postea
960 1092 1017 1122 tot
1037 1083 1153 1136 leges,
1169 1072 1208 1121 et
1227 1084 1415 1135 proximae
1433 1096 1596 1136 quaeque
1615 1083 1747 1121 durio-

341 1163 405 1188 res
422 1168 434 1195 ς
467 1158 525 1188 tot
545 1149 612 1194 rei,
642 1158 702 1187 tot
721 1148 906 1194 damnati,
928 1157 1079 1188 tantum
1100 1149 1281 1187 Italicum
1301 1149 1449 1187 bellum
1468 1158 1623 1202 propter
1636 1149 1746 1201 judi-

347 1217 500 1255 ciorum
521 1225 673 1255 metum
705 1215 916 1254 excitatum
929 1233 941 1260 ς
984 1224 1102 1261 tanta,
1140 1215 1295 1254 sublatis
1325 1216 1475 1268 legibus
1509 1225 1547 1253 et
1574 1215 1747 1267 judiciis,

346 1283 531 1336 expilatio
562 1281 804 1334 direptioque
837 1280 1044 1326 sociorum,
1081 1290 1125 1320 ut
1159 1281 1427 1320 imbecillitate
1460 1281 1639 1326 aliorum,
1671 1295 1749 1320 non

340 1348 472 1387 nostra
491 1348 646 1393 virtute,
668 1347 875 1386 valeamus.

402 1415 536 1453 XXII.
574 1413 722 1453 Laudat
752 1411 984 1451 Africanum
1018 1413 1222 1459 Panaefius,
1258 1412 1365 1466 quod
1394 1412 1511 1452 fuerit
1544 1412 1746 1451 abstinens.

341 1481 458 1533 Qid
477 1482 517 1519 ni
538 1481 694 1519 laudet?
725 1479 788 1518 sed
815 1480 856 1518 in
875 1480 945 1518 illo
973 1480 1046 1518 alia
1064 1481 1220 1532 majora.
1263 1481 1364 1518 Laus
1390 1481 1497 1518 enim
1516 1479 1749 1518 abstinentia:

348 1560 427 1586 non
452 1545 625 1584 hominis
655 1545 709 1583 est
738 1545 877 1591 solum,
910 1545 972 1583 sed
1002 1546 1119 1584 etiam
1152 1555 1374 1599 temporum
1407 1547 1578 1584 illorum.
1626 1545 1751 1583 Omni

348 1612 614 1652 Macedonum
634 1624 740 1664 gaza,
761 1625 847 1663 quae
866 1609 943 1649 fuit
961 1612 1144 1657 maxima,
1165 1613 1311 1664 potitus
1331 1611 1384 1649 est
1404 1611 1545 1650 Paulus
1564 1625 1574 1648 t
1597 1620 1749 1649 tantum

347 1679 390 1717 in
409 1678 583 1717 aerarium
612 1677 785 1730 pecuniae
805 1676 964 1721 invexit,
997 1685 1040 1714 ut
1071 1676 1185 1715 unius
1217 1676 1456 1728 imperatoris
1487 1676 1612 1729 praeda
1631 1675 1749 1714 finem

329 1744 520 1783 ,attulerit
540 1743 775 1781 tributorum
792 1756 800 1780 :
823 1751 860 1780 at
876 1740 941 1779 hic
962 1741 1060 1780 nihil
1081 1742 1122 1780 in
1142 1741 1307 1780 domum
1319 1741 1425 1780 suam
1442 1751 1576 1795 praeter
1597 1755 1750 1780 memo-

348 1810 446 1850 riam
466 1808 637 1848 nominis
658 1807 927 1861 sempiternam
959 1807 1111 1847 detulit.
1157 1808 1336 1846 Imitatus
1356 1817 1505 1861 patrem
1527 1807 1750 1853 Africanus,

348 1875 476 1915 nihilo
494 1875 726 1928 locupletior
746 1873 980 1927 Carthagine
999 1873 1135 1913 eversa.
1178 1873 1287 1924 Qid
1306 1874 1319 1911 ?
1350 1874 1419 1925 qui
1444 1874 1525 1925 ejus
1545 1873 1692 1926 collega
1711 1874 1753 1911 in

339 1941 504 1981 censura
522 1939 613 1986 fuit,
645 1941 693 1979 L.
718 1940 958 1984 Mummius,
990 1933 1168 1992 nunquid
1197 1938 1398 1992 copiofior,
1430 1951 1522 1977 cum
1543 1938 1752 1992 copiofiffi-

349 2021 458 2047 mam
478 2005 615 2045 urbem
645 2005 821 2044 funditus
841 2004 1040 2044 sustuliss‘et
1057 2006 1070 2042 ?
1102 2004 1254 2044 Italiam
1273 2017 1420 2050 ornare,
1451 2017 1568 2057 quam
1588 2004 1752 2042 domum

349 2074 469 2118 suam,
491 2072 643 2111 maluit.
664 2073 915 2125 Qanquarn,
938 2071 1048 2110 Italia
1066 2080 1209 2117 ornata,
1227 2071 1364 2110 domus
1384 2070 1464 2123 ipsa
1482 2068 1582 2108 mihi
1603 2069 1753 2108 videtur

345 2139 530 2179 ornatior.

404 2203 579 2244 Nullum
608 2203 727 2256 igitur
755 2203 897 2241 vitium
917 2203 1066 2247 tetrius,
1100 2203 1162 2253 (ut
1186 2215 1245 2246 eo,
1277 2201 1378 2239 unde
1407 2200 1564 2253 digressa
1593 2201 1659 2247 est,
1691 2214 1752 2239 re-

349 2269 446 2310 ferat
472 2269 508 2307 se
538 2269 676 2320 oratio)
713 2282 830 2321 quam
863 2268 1030 2312 avaritia,
1061 2266 1268 2319 praesertim
1300 2267 1339 2304 in
1370 2267 1612 2320 principibus
1647 2280 1752 2305 rem-

345 2336 550 2389 publicam
584 2334 901 2388 gubernantibus.
948 2333 1102 2372 Habere
1135 2333 1242 2371 enim
1275 2333 1434 2386 quaestui
1469 2333 1753 2386 rempublicam

339 2415 431 2442 mon
452 2402 569 2440 modo
599 2411 710 2454 turpe
730 2401 796 2446 est,
824 2400 885 2439 sed
905 2400 1129 2438 sceleratum
1154 2400 1271 2438 etiam
1291 2409 1329 2437 et
1349 2398 1553 2439 nefarium.
1604 2400 1752 2452 Itaque,

339 2468 458 2520 -quod
489 2468 633 2521 Apollo
666 2467 828 2520 Pythius
859 2467 1061 2506 oraculum
1091 2466 1224 2513 edidit,
1256 2468 1428 2520 Spartam
1458 2467 1564 2506 nulla
1597 2480 1636 2505 re
1667 2467 1752 2512 alia,

353 2532 423 2570 nifi
454 2533 621 2579 avaritia,
661 2535 885 2586 perituram,
918 2534 958 2572 id
989 2534 1138 2571 videtur
1172 2546 1249 2571 non
1281 2533 1404 2571 solum
1436 2533 1753 2577 Lacedaemoniis,

355 2598 418 2637 sed
451 2608 489 2638 et
507 2600 691 2638 omnibus
720 2600 915 2652 opulentis
944 2601 1112 2654 populiS,
1141 2599 1364 2654 praedixiffe.
1424 2600 1548 2638 Nulla
1567 2608 1696 2638 autem
1717 2611 1755 2636 re

1359 2666 1375 2703 Ι
1397 2665 1408 2703 i
1432 2678 1453 2704 2
