2223 3003
676 235 956 275 LIBER
1019 235 1382 276 PRIMUS.
1656 237 1731 294 187

335 335 532 375 civitatem
549 333 665 372 etiam
680 342 909 387 acceperunt
928 349 936 372 ε
960 343 996 372 at
1014 334 1289 387 Carthaginem
1308 344 1346 373 et
1361 335 1619 374 Numantiam
1637 335 1730 375 fun-

336 403 439 441 ditus
460 400 702 440 sustulerunt.
726 400 889 439 Nollem
907 399 1141 439 Corinthum
1158 415 1167 440 ε
1190 401 1252 439 sed
1271 401 1383 440 credo
1402 401 1548 454 aliquid
1569 402 1731 449 secutOS,

336 468 666 521 opportunitatem
686 466 763 504 loci
783 466 967 510 maxime,
1000 479 1047 504 ne
1076 466 1194 518 poffet
1213 467 1420 519 aliquando
1440 468 1485 506 ad
1507 468 1652 508 bellum
1672 468 1732 507 fa-

337 533 520 571 ciendum
541 533 649 571 locus
670 531 748 584 ipse
769 530 972 568 adhortari.
1015 531 1108 568 Riea
1128 531 1288 582 quidem
1310 532 1506 578 sententia,
1528 535 1626 587 paci,
1648 549 1733 588 quae

337 599 438 638 nihil
458 599 634 638 habitura
652 598 698 635 fit
716 596 951 640 infidiarum‚
972 595 1119 649 semper
1137 597 1190 634 est
1209 597 1503 638 consulendum.
1545 603 1589 639 In
1610 616 1689 654 quo
1708 601 1735 640 sl

337 665 438 704 mihi
458 664 546 702 effet
565 664 873 715 obtemperatum
885 680 897 707 ;
929 661 955 699 fi
976 675 1054 700 non
1073 661 1279 715 optimam,
1301 671 1339 700 at
1357 663 1527 715 aliquam
1548 669 1732 719 rempub-

337 731 469 775 licam,
499 743 585 782 quae
618 741 723 767 nunc
757 727 865 766 nulla
892 727 957 774 est,
991 726 1236 767 haberemus.
1286 729 1339 767 Et
1369 727 1463 768 cum
1487 731 1549 776 iis,
1581 745 1677 784 quos
1698 734 1735 772 vi

338 796 537 842 deviceris,
566 794 847 834 consulendum
867 794 919 833 est
933 813 946 840 ς
978 803 1065 833 tum
1093 794 1134 841 ii,
1165 795 1250 848 qui,
1281 796 1396 834 armis
1416 796 1560 850 positis,
1591 798 1637 835 ad
1658 799 1735 837 im-

338 873 576 931 peratorun}5
588 861 708 900 fidem
735 860 977 915 confugient,
1008 862 1185 915 quamvis
1205 875 1364 902 murum
1383 863 1477 902 aries
1503 863 1736 916 percusserit,

339 929 549 982 recipiendi
569 928 670 968 sunt.
714 929 760 967 In
781 942 859 981 quo
879 938 1075 982 tantopere
1094 929 1195 982 apud
1212 928 1357 968 nostros
1381 929 1528 982 justitia
1548 931 1652 969 culta
1669 932 1737 977 est,

339 1004 384 1034 ut
403 995 446 1042 ii,
476 996 545 1049 qui
564 996 750 1041 civitates,
772 1005 837 1034 aut
857 995 1029 1034 nationes
1050 995 1213 1034 devictas
1245 995 1349 1035 bello
1375 996 1415 1034 in
1436 995 1554 1036 fidem
1574 998 1738 1051 recepis-

338 1061 436 1108 sent,
456 1076 587 1101 earum
606 1063 758 1115 patroni
777 1061 891 1101 essent
911 1075 1020 1100 more
1039 1063 1247 1115 majorum.

387 1131 449 1167 Ac
469 1129 562 1167 belli
583 1129 741 1181 quidem
762 1129 918 1182 aequitas
939 1128 1164 1168 sanetiffirne
1183 1128 1310 1168 feciali
1329 1128 1466 1182 populi
1485 1129 1656 1170 Romani
1671 1132 1739 1183 ju-

340 1208 380 1232 re
401 1195 604 1248 perscripta
633 1195 698 1233 est.
744 1196 807 1233 Ex
837 1208 916 1247 quo
945 1195 1113 1247 intelligi
1141 1195 1278 1248 potest,
1308 1196 1466 1234 nullum
1497 1196 1648 1235 bellum
1671 1197 1742 1236 effe

335 1261 500 1313 justum,
531 1261 600 1298 nifi
631 1260 736 1313 quod
766 1269 832 1299 aut
862 1261 975 1299 rebus
995 1261 1167 1314 repetitis
1188 1270 1354 1314 geratur,
1385 1270 1451 1299 aut
1470 1262 1742 1301 denuntiatum

343 1335 430 1365 ante
459 1327 504 1365 s1t
526 1336 564 1365 et
592 1327 798 1366 indicium.
831 1327 1049 1380 Pompilius
1070 1327 1278 1380 imperator
1298 1327 1452 1366 tenebat
1471 1328 1710 1380 provinciam
1729 1348 1740 1374 ;

343 1393 385 1431 in
404 1394 513 1446 cujus
533 1394 703 1432 exercitu
718 1394 876 1432 Catonis
898 1393 1001 1432 filius
1022 1394 1096 1432 tiro
1117 1394 1323 1433 militabat.
1347 1395 1453 1433 Cum
1471 1403 1601 1433 autem
1621 1396 1742 1434 Pom-

346 1459 444 1511 pilio
459 1460 648 1498 videretur
667 1473 785 1498 unam
805 1461 1001 1498 dimittere
1021 1460 1231 1513 legionem,
1249 1460 1409 1500 Catonis
1429 1474 1586 1514 quoque
1599 1461 1744 1507 filiurn,

346 1525 476 1576 quiin
506 1524 638 1562 eadem
671 1525 821 1577 legione
841 1526 1046 1572 militabat,
1077 1526 1236 1566 dimifit.
1282 1527 1355 1566 Sed
1382 1525 1474 1566 cum
1493 1541 1624 1567 amore
1642 1542 1745 1581 pug-

347 1589 465 1628 nandi
495 1589 536 1628 in
566 1589 736 1628 exercitu
763 1590 1006 1638 remanfiffet,
1039 1592 1137 1631 Cato
1157 1592 1203 1631 ad
1223 1593 1466 1645 Pompilium
1496 1593 1655 1646 scripsit,
1686 1602 1744 1638 ut,

345 1655 376 1695 fi
407 1669 498 1694 eum
524 1665 715 1710 pateretur
747 1657 789 1695 in
819 1658 991 1696 exercitu
1024 1670 1233 1702 remanere,
1263 1657 1430 1697 secundo
1449 1671 1540 1696 eum
1560 1660 1748 1712 obligaret

346 1722 498 1760 militiae
517 1722 751 1761 sacramento
762 1741 775 1768 ς
807 1723 910 1776 quia,
931 1723 1055 1776 priore
1075 1723 1222 1769 amiffo,
1237 1724 1326 1776 jure
1341 1735 1434 1763 cum
1449 1722 1622 1764 hostibus
1644 1739 1746 1779 pug-

345 1800 435 1826 nare
456 1801 533 1826 non
553 1797 714 1841 poterat.
761 1789 871 1827 Adeo
892 1789 1043 1828 summa
1072 1799 1151 1828 erat
1170 1789 1380 1828 observatio
1400 1790 1441 1829 in
1461 1790 1565 1830 bello
1584 1804 1747 1831 moven-

345 1854 411 1894 do.
457 1856 521 1894 M.
541 1855 700 1908 quidem
723 1856 882 1895 Catonis
900 1856 996 1894 senis
1017 1856 1174 1908 epistola
1203 1857 1256 1894 est
1276 1857 1323 1894 ad
1352 1857 1418 1895 Μ.
1439 1856 1583 1901 filium,
1614 1858 1655 1895 in
1673 1871 1750 1910 qua

345 1920 507 1973 scripfit,
528 1928 558 1944 “
578 1921 613 1958 se
633 1920 786 1965 audisse,
809 1934 900 1959 eum
920 1920 1076 1959 miffum
1096 1920 1245 1960 fastum
1262 1920 1334 1959 effe
1352 1934 1374 1959 a
1393 1921 1575 1968 Consule,
1595 1936 1688 1962 cum
1707 1924 1750 1963 in

349 1993 378 2011 “
399 1986 631 2025 Macedonia
661 1987 809 2026 Perfico
828 1987 931 2026 bello
950 1987 1064 2026 miles
1085 1987 1187 2027 effet.
1233 1987 1377 2026 Monet
1404 1988 1525 2041 igitur
1544 1998 1587 2028 ut
1606 1998 1748 2035 caveat,

350 2060 378 2077 “
399 2067 447 2091 ne
480 2053 662 2106 proelium
696 2054 811 2093 ineat.
858 2055 990 2107 Negat
1019 2055 1124 2093 enim
1149 2054 1215 2106 jus
1241 2053 1326 2100 effe,
1360 2055 1429 2107 qui
1447 2055 1559 2094 miles
1590 2069 1669 2095 non
1689 2056 1749 2102 fit.

348 2126 377 2143 “
397 2132 566 2172 pugnare
585 2132 677 2159 cum
697 2119 844 2159 hoste.''

405 2185 500 2223 XII.
522 2185 719 2237 Equidem
740 2185 840 2224 illud
857 2186 976 2224 etiam
995 2184 1271 2230 animadverto,
1290 2184 1397 2238 quod
1416 2185 1485 2238 qui
1503 2186 1657 2240 proprio
1676 2200 1750 2226 no-

347 2250 457 2290 mine
477 2250 683 2303 perduellis
703 2249 804 2296 effet,
836 2250 868 2288 is
888 2249 1005 2288 hostis
1025 2259 1236 2295 vocaretur,
1257 2251 1412 2289 lenitate
1432 2251 1538 2290 verbi
1557 2252 1750 2292 tristitiam

347 2316 404 2355 rei
434 2316 651 2369 mitigante.
702 2315 835 2355 Hostis
867 2316 973 2354 enim
994 2316 1095 2369 apud
1115 2317 1276 2369 majores
1296 2316 1441 2356 nostros
1473 2317 1505 2356 is
1536 2318 1750 2365 dicebatur,

351 2394 470 2433 quem
501 2395 604 2421 nunc
630 2382 878 2435 peregrinum
905 2382 1087 2421 dicimus.
1136 2382 1314 2422 Indicant
1349 2382 1557 2423 duodecim
1584 2384 1748 2431 tabula-²5

353 2460 453 2486 AUT
474 2462 652 2488 sTATus
677 2462 777 2488 mes
802 2462 896 2488 CUM
922 2462 1082 2488 uosTE.
1104 2449 1298 2502 Itemque,
1314 2462 1545 2489 ADVERsus
1566 2463 1748 2490 HosTEM

358 2525 561 2553 AETERNA
586 2529 905 2555 AUCTOR1TAS.
956 2516 1064 2568 Qid
1095 2515 1140 2553 ad
1171 2514 1269 2554 hanc
1303 2516 1636 2556 mansuetudinem
1663 2516 1750 2555 addi

351 2577 503 2632 potest?
534 2592 640 2626 eum,
661 2582 825 2633 quicum
846 2581 944 2621 bella
962 2595 1082 2635 geram
1118 2590 1197 2621 tam
1216 2581 1328 2621 molli
1357 2583 1517 2621 nomine
1537 2581 1714 2635 appellari
1735 2581 1747 2617 ?

1306 2654 1446 2692 Aaz
