2223 3003
707 277 984 317 LIBER
1048 278 1410 318 PRIMUS.
1686 295 1759 336 133

362 374 486 415 Chius
508 376 636 415 Aristo
666 376 780 421 dixit,
812 377 936 415 solum
957 377 1106 415 bonum
1136 376 1207 416 esse
1233 377 1388 422 diceret,
1420 377 1525 430 quod
1555 375 1762 418 honestum

361 442 465 488 esset,
498 443 737 495 malumque,
767 443 870 495 quod
905 452 1016 495 turpe
1032 461 1044 487 ς
1090 453 1239 481 caeteras
1267 457 1323 482 res
1343 456 1478 481 omnes
1497 443 1610 496 plane
1638 458 1760 497 pares,

360 522 403 547 ac
424 523 471 547 ne
492 510 703 559 minimum
724 509 897 560 quidem,
932 517 1064 546 utrum
1083 507 1261 552 adessent,
1284 523 1330 547 an
1351 509 1529 555 abessent,
1559 511 1758 557 intereffe;

361 575 469 612 valde
489 589 510 613 a
528 576 743 614 Xenocrate
762 582 800 610 et
820 572 1040 617 Aristotele,
1071 581 1108 609 et
1139 573 1186 610 ab
1217 573 1283 610 illa
1303 575 1474 612 Platonis
1506 575 1653 614 familia
1683 577 1762 615 dis-

361 650 543 693 creparet,
568 640 733 690 essetque
767 639 868 676 inter
901 651 964 676 eos
999 638 1045 675 de
1075 651 1113 675 re
1134 639 1318 683 maxima,
1350 648 1388 676 et
1408 640 1454 676 de
1474 641 1582 678 omni
1609 642 1761 681 vivendi

360 708 505 744 ratio'ne
525 705 707 743 diffenfio.
752 705 872 742 Nunc
889 717 978 742 vero
999 718 1091 742 cum
1113 704 1243 749 decus,
1266 705 1372 756 quod
1392 705 1542 757 antiqui
1563 706 1761 747 summum

361 772 510 810 bonum
543 771 614 809 esse
645 771 838 815 dixerunt,
869 769 934 808 hic
966 769 1091 809 solum
1122 770 1272 809 bonum
1303 770 1433 816 dicat,
1465 772 1560 809 item
1582 772 1759 819 dedecus,

360 839 465 892 quod
494 837 553 876 illi
587 837 787 875 summum
815 837 979 882 malum,
1010 835 1076 874 hic
1103 836 1256 881 solum,
1288 838 1453 882 divitias,
1484 838 1760 885 valetudinem,

357 903 707 957 pulchritudinem,
729 903 953 942 commodas
985 916 1041 941 res
1061 903 1241 956 appellet,
1273 917 1350 941 non
1383 904 1524 949 bonas,
1557 915 1760 958 pauperta-

357 979 451 1015 tem,
496 969 750 1015 debilitatem,
797 969 986 1014 dolorem,
1031 970 1312 1014 incommodas,
1344 983 1422 1008 non
1454 969 1572 1008 malas
1588 989 1601 1015 ς
1647 971 1762 1010 sentit

358 1037 477 1082 idem,
499 1037 606 1090 quod
625 1037 872 1082 Xenocrates,
905 1037 1011 1089 quod
1031 1036 1281 1081 Aristoteles,
1314 1036 1488 1089 loquitur
1520 1037 1595 1075 alio
1626 1038 1759 1076 modo.

358 1104 421 1142 Ex
440 1103 512 1142 hac
532 1113 659 1142 autern
681 1117 758 1141 non
777 1117 920 1149 rerum,
953 1103 1014 1141 sed
1033 1103 1255 1148 verborum,
1277 1103 1475 1149 discordia,
1511 1104 1763 1142 controversia

358 1178 445 1207 nata
464 1169 517 1208 est
537 1170 582 1208 de
598 1169 766 1215 finibus,
788 1170 829 1208 in
849 1183 924 1223 qua
943 1169 1129 1222 quoniam
1151 1169 1424 1222 usucapionem
1449 1183 1515 1208 ΧΠ
1539 1170 1677 1208 tabulae
1697 1171 1760 1208 in-

358 1245 416 1274 ter
435 1236 609 1288 quinque
628 1236 742 1288 pedes
775 1235 846 1273 effe
866 1236 1087 1279 voluerunt,
1118 1236 1266 1287 depasci
1300 1245 1467 1274 veterem
1496 1235 1762 1287 poffeffioncm

357 1301 578 1340 Academiae
598 1301 645 1339 ab
665 1300 740 1340 hoc
760 1311 873 1340 acuto
893 1300 1054 1339 homine
1075 1314 1152 1339 non
1173 1300 1336 1338 finemus
1352 1319 1364 1345 3
1387 1314 1457 1339 nec
1476 1300 1659 1339 Mamilia
1677 1301 1763 1354 lege

359 1367 510 1421 finguli,
532 1368 593 1406 sed
610 1381 657 1406 ex
677 1368 723 1406 iis
744 1377 818 1406 tres
837 1368 970 1406 arbitri
990 1367 1085 1405 fines
1106 1380 1298 1420 regemus.

413 1435 644 1487 QINTUS.
669 1436 893 1486 Qamnam
913 1435 1032 1487 igitur
1052 1434 1279 1473 sententiam
1306 1434 1473 1473 dicimus
1492 1434 1505 1471 ?
1543 1435 1760 1474 MARCUS.

360 1499 524 1551 Requiri
546 1501 693 1552 placere
714 1502 914 1546 terminos,
946 1514 1042 1553 quos
1074 1502 1242 1539 Socrates
1274 1501 1446 1553 pegerit;
1478 1500 1599 1553 iisque
1618 1514 1759 1554 parere.

362 1567 590 1617 (QlNTUS.
610 1566 805 1611 Praeclare,
826 1566 1049 1620 frater,jam
1066 1581 1169 1605 nunc
1189 1581 1209 1604 a
1225 1576 1262 1605 te
1281 1568 1395 1605 verba
1415 1566 1642 1619 usurpantur
1661 1568 1761 1605 civi-

361 1631 406 1668 lis
423 1632 520 1683 juris
541 1641 578 1669 et
607 1632 766 1684 legum,
799 1646 878 1683 quo
908 1633 954 1669 de
975 1645 1109 1683 genere
1128 1634 1286 1684 expecto
1307 1632 1605 1683 disputationem
1635 1642 1758 1670 tuam.

361 1697 467 1735 Nam
488 1697 554 1735 ista
574 1697 733 1749 quidem
754 1710 892 1750 magna
911 1697 1135 1749 dijudicatio
1154 1697 1222 1742 est,
1253 1706 1296 1734 ut
1316 1710 1362 1734 ex
1394 1706 1430 1734 te
1449 1696 1530 1749 ipso
1551 1697 1644 1749 saepe
1665 1711 1759 1750 cog—

359 1763 462 1800 novi.
506 1763 577 1800 Sed
595 1772 696 1800 certe
717 1776 773 1800 res
795 1763 847 1801 ita
866 1763 902 1801 se
922 1762 1079 1807 habent,
1102 1771 1157 1807 ut,
1179 1776 1226 1800 ex
1247 1772 1379 1800 natura
1397 1764 1537 1807 vivere,
1559 1762 1759 1802 summum

359 1829 507 1866 bonum
528 1828 586 1873 fit,
609 1829 648 1866 id
668 1828 734 1873 est,
756 1829 834 1866 vita
854 1828 1008 1867 modica
1027 1838 1064 1866 et
1084 1828 1184 1880 apta,
1206 1828 1347 1866 virtute
1367 1827 1536 1881 perfrui,
1560 1838 1623 1866 aut
1644 1839 1760 1867 natu-

358 1907 440 1932 ram
461 1894 580 1946 sequi,
595 1904 633 1932 et
652 1896 732 1945 ejus
749 1894 851 1946 quasi
868 1895 952 1945 lege
971 1894 1109 1937 vivere,
1132 1893 1170 1930 id
1191 1892 1256 1937 est,
1275 1892 1388 1938 nihil,
1406 1902 1597 1944 quantum
1618 1894 1658 1931 in
1678 1894 1760 1946 ipso

357 1960 415 2005 fit,
436 1960 740 2012 praetermittere,
766 1973 844 2011 quo
864 1960 994 1997 minus
1015 1972 1069 2004 ea,
1091 1972 1176 2011 quae
1196 1967 1329 1997 natura
1347 1958 1526 2012 postulet,
1549 1959 1760 2012 consequa-

356 2035 432 2071 tur,
455 2027 560 2079 quod
581 2027 681 2065 inter
700 2025 781 2065 haec
802 2026 894 2064 velit
914 2026 1056 2064 virtute
1074 2035 1257 2077 tanquam
1279 2025 1361 2077 lege
1381 2026 1519 2064 vivere.
1593 2040 1759 2079 uaprop-

357 2101 413 2130 tei·
433 2091 508 2131 hoc
529 2093 730 2145 dijudicari
751 2093 877 2131 nescio
897 2106 944 2130 an
965 2105 1154 2144 unquam,
1176 2091 1237 2130 sed
1257 2090 1333 2129 hoc
1359 2091 1531 2131 sermone
1561 2101 1662 2130 certe
1681 2105 1761 2132 non

357 2159 493 2211 potest,
513 2159 539 2197 fi
559 2159 719 2211 quidem
739 2159 792 2203 id,
814 2159 919 2211 quod
940 2158 1188 2210 suscepimus,
1209 2156 1414 2210 perfe&uri
1435 2157 1564 2195 fimus.

398 2225 531 2263 XXII.
555 2227 784 2263 AT‘rxcus.
801 2226 856 2261 At
875 2237 945 2276 ego
965 2223 1042 2261 huc
1059 2223 1314 2267 declinabam,
1336 2235 1405 2260 nec
1426 2223 1584 2262 invitus.
1608 2223 1758 2276 Qun-

361 2303 459 2330 Tus.
484 2292 638 2330 Licebit
658 2289 771 2329 alias:
806 2304 908 2328 nunc
930 2290 969 2327 id
988 2302 1159 2342 agamuS,
1191 2289 1295 2341 quod
1316 2290 1522 2342 coepimus,
1547 2304 1639 2328 cum
1659 2304 1758 2343 prae-

361 2355 485 2395 sertim
507 2357 553 2394 ad
570 2357 609 2395 id
630 2355 728 2394 nihil
750 2356 936 2409 pertineat
952 2354 1033 2393 haec
1054 2354 1101 2392 de
1122 2353 1274 2393 summo
1293 2355 1396 2393 malo
1417 2355 1597 2408 bonoque
1617 2355 1759 2394 diffen-

361 2421 424 2458 [ιο.
444 2423 655 2462 MARcus.
674 2421 1149 2473 Prudentiffime,Qinte‚
1168 2419 1264 2459 dicis
1279 2435 1288 2459 ε
1308 2434 1398 2460 nam
1414 2434 1498 2474 quae
1513 2435 1534 2459 a
1551 2435 1614 2459 me
1630 2420 1757 2460 adhue

361 2486 460 2524 dicta
480 2487 578 2534 sunt,
600 2492 622 2515 *
645 2492 668 2515 *
690 2492 714 2515 ἕ
1052 2488 1055 2491 ⁴

417 2553 645 2605 QmTUS.
667 2556 755 2595 Nec
776 2555 946 2609 Lycurgi
967 2555 1082 2609 leges,
1106 2567 1175 2592 nec
1197 2554 1359 2600 Solonis,
1381 2568 1505 2609 neque
1527 2553 1758 2598 Charondae‚
