2223 3003
760 296 1037 336 LIBER
1100 297 1463 337 PRIMUS.
1738 313 1808 352 191

417 395 707 448 ponderandum
727 394 792 434 est.
816 396 944 434 Multi
958 396 1065 434 enim
1085 395 1233 435 faciunt
1252 397 1378 436 multa
1398 397 1610 436 temeritate
1630 399 1812 451 quadam,

416 462 492 499 fine
506 461 658 514 judicio
678 461 736 500 vel
754 462 886 507 modo,
917 461 957 500 in
977 476 1111 500 omnes
1132 463 1332 515 repentino
1352 464 1535 516 quodam,
1557 464 1661 518 quasl
1682 475 1812 511 vento,

415 528 566 581 impetu
586 528 706 567 animi
726 527 876 565 incitati
893 541 902 565 τ
934 541 1019 580 quae
1049 527 1234 566 beneficia
1253 543 1360 581 aeque
1380 544 1519 583 magna
1538 544 1614 569 non
1636 531 1722 570 sunt
1741 531 1813 570 ha-

415 594 552 640 benda,
579 604 692 647 atque
711 607 767 638 ea,
798 606 883 644 quae
895 593 1061 645 judicio,
1090 593 1334 639 considerate,
1365 597 1656 649 constanterque
1689 598 1813 637 delata

413 659 513 698 sunt.
536 661 607 698 Sed
627 660 667 697 in
688 657 914 696 collocando
929 657 1132 703 beneficio,
1151 668 1188 697 et
1208 659 1248 696 in
1269 658 1463 698 referenda
1481 662 1613 714 gratia,
1633 663 1659 700 fi
1680 674 1812 703 caetera

411 726 515 778 paria
534 725 620 770 fint,
640 723 716 763 hoc
736 724 906 762 maxime
923 724 1043 762 officii
1063 724 1129 769 est,
1162 734 1206 762 ut
1225 725 1386 778 quisque
1407 727 1577 766 maxime
1596 729 1677 780 opis
1705 730 1810 768 indi-

410 801 509 844 geat,
540 792 592 830 ita
621 791 657 829 ei
686 790 927 844 potissimum
958 790 1166 843 opitulari:
1199 792 1304 844 quod
1333 801 1467 831 contra
1486 793 1530 831 fit
1560 807 1580 831 a
1604 795 1809 848 plerisque.

412 860 450 896 A
470 872 549 910 quo
568 857 674 895 enim
694 856 912 909 plurimum
932 856 1096 911 sperant,
1126 858 1273 897 etiamfi
1293 858 1360 897 ille
1379 858 1440 898 his
1461 873 1539 898 non
1560 870 1659 913 eget,
1681 871 1810 900 tamen

411 924 445 960 ei
462 924 703 977 potiffimum
723 923 947 962 inserviunt.

466 990 579 1028 XVI.
614 990 779 1042 Optime
800 999 931 1028 autem
958 989 1113 1028 societas
1129 989 1340 1030 hominum
1367 991 1666 1045 conjunetioque
1687 993 1808 1032 serva-

410 1055 528 1101 bitur,
550 1056 590 1101 fi,
613 1065 656 1093 ut
675 1056 837 1107 quisque
857 1056 929 1094 erit
945 1056 1292 1108 conjnnfflffimus,
1317 1058 1369 1095 ita
1388 1058 1428 1096 in
1449 1072 1539 1096 eum
1559 1059 1809 1112 benignitatis

409 1121 627 1174 plurimum
648 1121 881 1160 conferetur.
914 1121 999 1167 Sed,
1027 1136 1112 1174 quae
1128 1124 1261 1161 natura
1279 1125 1470 1177 principia
1489 1125 1561 1163 fint
1581 1127 1809 1164 communi-

410 1189 497 1227 tatis
517 1198 554 1227 et
574 1189 762 1227 societatis
783 1187 976 1233 humanae‚
999 1190 1248 1241 repetendum
1270 1191 1383 1228 altius
1404 1192 1568 1230 videtur.
1615 1192 1682 1230 Est
1701 1194 1808 1232 enim

406 1254 596 1305 primum,
613 1253 720 1306 quod
735 1254 904 1291 cernitur
922 1254 963 1290 in
985 1255 1144 1291 univerfi
1160 1256 1307 1307 generis
1324 1255 1487 1293 humani
1503 1257 1678 1294 societate
1694 1272 1702 1294 z
1726 1259 1807 1308 ejus

407 1328 537 1357 autem
571 1319 774 1358 vinculum
803 1318 856 1356 est
889 1319 986 1357 ratio
1018 1328 1056 1357 et
1089 1321 1209 1357 oratio
1226 1339 1236 1365 ,-
1269 1334 1354 1373 quae
1389 1321 1576 1367 docendo,
1612 1321 1807 1368 discendo,

407 1384 748 1430 communicando,
782 1383 1041 1437 disceptando,
1071 1385 1298 1437 judicando,
1334 1387 1516 1424 conciliat
1546 1387 1645 1425 inter
1664 1387 1699 1425 se
1732 1387 1808 1426 ho-

407 1451 547 1496 mines,
577 1451 859 1504 conjungitque
889 1450 1052 1489 naturali
1082 1451 1248 1504 quadam
1276 1452 1467 1491 societate.
1510 1453 1652 1505 Neque
1672 1454 1748 1492 ulla
1769 1468 1809 1492 re

407 1515 562 1568 longius
582 1516 761 1555 absumus
778 1531 799 1554 a
817 1526 950 1555 natura
964 1516 1155 1562 ferarum5
1178 1518 1218 1555 in
1238 1518 1380 1570 quibus
1400 1505 1523 1557 ineffe'
1534 1517 1807 1559 fortitudinem

408 1581 503 1634 saepe
523 1581 704 1626 dicimus,
727 1591 770 1619 ut
799 1582 839 1620 in
873 1582 996 1634 equis,
1028 1584 1069 1620 in
1100 1583 1305 1629 leonibus;
1331 1584 1536 1636 justitiam,
1568 1586 1805 1637 aequitatem,

410 1636 719 1686 bonitatem'non
741 1648 922 1686 dicimus.
952 1651 1047 1686 Sunt
1062 1649 1167 1686 enim
1184 1649 1339 1687 rationis
1360 1659 1398 1687 et
1417 1651 1599 1688 orationis
1615 1660 1804 1703 expertes.

460 1717 522 1753 Ac
543 1715 717 1753 latiffime
737 1715 897 1767 quidem
918 1724 1048 1767 patens
1082 1713 1310 1753 hominibus
1340 1715 1439 1753 inter
1471 1716 1586 1768 ips05,
1619 1718 1804 1756 omnibus

404 1780 505 1819 inter
523 1795 673 1825 omnes,
705 1781 859 1819 societas
879 1780 961 1819 haec
981 1781 1057 1826 est;
1089 1781 1129 1819 in
1151 1795 1227 1834 qua
1245 1783 1425 1820 omnium
1458 1797 1599 1828 rerum,
1636 1798 1727 1836 quas
1758 1784 1805 1823 ad

403 1860 660 1886 communem
692 1846 903 1885 hominum
933 1847 1044 1885 usum
1065 1857 1199 1886 natura
1221 1849 1370 1900 genuit,
1401 1849 1453 1886 est
1484 1849 1662 1887 servanda
1691 1864 1804 1889 com-

404 1915 603 1952 munitas:
637 1923 679 1951 ut
708 1927 794 1965 quae
822 1913 1008 1965 descripta
1027 1913 1115 1950 sunt
1134 1913 1284 1964 legibus
1310 1923 1348 1950 et
1373 1914 1460 1965 jure
1489 1914 1610 1959 civili,
1640 1913 1722 1952 haec
1752 1916 1806 1954 ita

403 1989 618 2025 teneantur,
642 1988 685 2016 ut
702 1980 745 2016 fit
765 1979 1044 2024 constitutum3
1076 1992 1097 2016 e
1113 1979 1254 2031 quibus
1274 1979 1361 2033 ipfis
1377 1990 1510 2018 caetera
1531 1981 1580 2018 fic
1598 1981 1803 2021 observen-

401 2054 477 2091 tur,
509 2056 552 2084 ut
573 2047 612 2084 in
629 2046 857 2084 Graecorum
877 2046 1080 2099 proverbio
1100 2045 1152 2083 est
1167 2064 1179 2091 5
1212 2047 1420 2085 Amicorum
1439 2047 1498 2101 q'ffi’
1515 2048 1630 2086 omnia
1649 2063 1803 2087 commu-

402 2111 477 2150 nia.
521 2113 667 2150 Omnia
686 2122 816 2150 autem
833 2112 1060 2150 communia
1088 2110 1297 2151 hominum
1319 2113 1495 2151 videntur
1523 2126 1579 2158 ea,
1611 2127 1696 2165 quae
1716 2114 1803 2153 sunt

401 2178 550 2230 generis
580 2179 674 2230 ejus,
707 2179 825 2231 quod,
857 2179 903 2216 ab
938 2178 1069 2216 Ennio
1087 2178 1257 2229 positum
1288 2179 1328 2215 in
1359 2191 1434 2216 una
1453 2192 1505 2224 re,
1539 2178 1731 2218 transferri
1760 2181 1802 2219 in

399 2244 542 2283 multas
563 2244 698 2296 potest.

536 2312 651 2348 Homo
672 2310 736 2363 qui
750 2309 897 2347 erranti
912 2308 1056 2347 comiter
1075 2307 1245 2360 monstrat
1264 2309 1377 2355 viam,

536 2376 650 2427 Qcss'
664 2375 777 2413 lumen
795 2374 908 2427 destzo
927 2374 1054 2411 ltmn'ne
1073 2372 1254 2418 accendat,
1262 2374 1366 2426 facit
1381 2390 1395 2413 :

537 2442 777 2481 IVihilominus
796 2442 860 2494 iffi
875 2442 980 2485 lucet,
1003 2455 1080 2479 cum
1100 2441 1153 2478 illi
1168 2440 1380 2479 accenderit.

457 2505 546 2543 Una
564 2520 610 2545 ex
643 2522 680 2546 re
700 2509 785 2546 satis
813 2505 1046 2560 praecipitur,
1079 2517 1134 2551 ut,
1153 2507 1343 2558 quidquid
1363 2507 1439 2545 fine
1459 2507 1692 2548 detrimento
1709 2509 1797 2562 pos-

401 2570 446 2607 s1t
467 2573 720 2617 commodari,
755 2573 794 2610 id
821 2573 1009 2611 tribuatur
1029 2572 1085 2610 vel
1108 2573 1254 2625 ignoto.
1306 2573 1367 2610 Ex
1387 2586 1464 2624 quo
1486 2573 1572 2611 sunt
1593 2574 1658 2611 illa
1683 2589 1795 2612 com-

399 2635 545 2682 munia,
584 2637 678 2675 Non
707 2637 910 2690 prohibere
945 2652 1040 2691 aqua
1068 2639 1308 2691 profluente3
1355 2639 1439 2677 Pati
1469 2639 1515 2676 ab
1544 2640 1633 2691 igne
1664 2640 1796 2692 ignem
