2223 3003
473 242 548 283 332
844 229 946 268 DE
1014 226 1498 266 AMICITIA..

468 331 637 369 maxime
659 327 755 367 illud
775 325 1090 364 considerandum
1110 325 1230 363 videri
1251 325 1358 370 solet,
1389 340 1485 364 num
1506 334 1661 380 propter
1685 326 1867 368 imbecil-

467 396 615 435 litatem
637 404 749 445 atque
769 392 941 444 inopiam
973 391 1176 430 defiderata
1209 391 1253 430 fit
1272 392 1466 438 amicitia3
1499 402 1542 431 ut
1562 393 1696 432 dandis
1727 395 1868 447 recipi-

466 462 647 513 endisque
668 459 828 503 meritis,
846 458 953 511 quod
973 458 1134 511 quisque
1155 458 1284 497 minus
1305 472 1372 512 per
1391 458 1427 497 se
1446 459 1524 512 ipse
1545 459 1678 513 posset,
1703 460 1744 498 id
1763 460 1866 499 acci-

465 536 569 580 peret
599 526 646 563 ab
676 525 766 569 alio,
796 524 1038 577 viciffimque
1067 524 1260 570 redderet;
1292 539 1340 563 an
1369 524 1458 564 effet
1487 525 1562 564 hoc
1582 525 1748 578 quidem
1775 538 1866 579 pro-

464 593 594 646 prium
615 591 822 637 amicitiae,
852 591 912 629 sed
932 591 1144 643 antiquior,
1172 600 1210 629 et
1230 590 1442 645 pulchrior,
1475 602 1512 630 et
1532 593 1655 646 magis
1684 606 1706 631 a
1735 601 1872 631 natura

464 658 543 712 ipsa
562 657 731 712 profesta
750 658 823 696 alia
841 657 977 696 causa?
998 659 1124 696 Amor
1143 657 1248 696 enim
1272 659 1337 710 (ex
1351 672 1430 711 quo
1444 659 1614 697 amicitia
1634 658 1874 710 nominata,)

463 725 642 778 princeps
675 724 729 763 est
761 723 809 762 ad
841 723 1150 762 benevolentiam
1180 724 1490 777 conjungendam
1509 739 1518 763 ε
1564 738 1657 763 nam
1682 725 1868 763 utilitates

464 791 624 844 quidem
644 791 760 829 etiam
780 789 827 827 ab
847 790 894 827 iis
916 789 1183 842 percipiuntur
1201 790 1308 842 saepe,
1336 791 1406 842 qui
1426 790 1667 829 simulatione
1685 790 1871 828 amicitiae

463 857 647 896 coluntur
664 865 703 894 et
721 855 967 894 observantur
986 853 1096 891 cauffi
1115 855 1314 906 temporis.
1357 856 1403 893 In
1429 856 1600 894 amicitia
1619 865 1748 895 autem
1767 855 1868 894 nihil

464 923 615 967 fletum,
636 921 740 960 nihil
758 919 981 959 fimulatum
996 937 1010 965 ,ς
1041 928 1092 964 et,
1114 919 1314 974 quidquid*
1327 920 1367 958 in
1386 934 1428 959 ea
1446 920 1521 967 est,
1544 922 1586 959 id
1603 922 1656 960 est
1675 935 1810 961 verum
1829 931 1874 961 et.

463 988 744 1027 voluntarium.

518 1057 764 1109 Qapropter
784 1069 804 1094 a
822 1063 956 1094 natura
976 1054 1077 1094 mihi
1097 1055 1249 1094 videtur
1268 1055 1412 1110 potius,
1435 1069 1553 1108 quam
1572 1056 1620 1094 ab
1640 1055 1876 1109 indigentia,

462 1132 543 1161 orta
563 1122 746 1168 amicitia,
783 1131 827 1161 et.
854 1122 1112 1175 applicatione
1139 1122 1263 1176 magis
1294 1123 1415 1161 animi
1448 1136 1540 1161 cum
1573 1122 1743 1175 quodam
1764 1122 1875 1160 sensu

462 1190 628 1235 amandi,
657 1203 774 1242 quam
796 1190 1047 1242 cogitatione,
1073 1199 1264 1243 quantum
1285 1189 1351 1228 illa
1370 1203 1427 1228 res
1448 1189 1625 1228 utilitatis
1645 1189 1734 1227 effet
1754 1187 1874 1227 habi-

462 1266 558 1293 tura.
603 1255 722 1307 Qod
743 1255 918 1307 quidem,
952 1255 1064 1308 quale
1085 1255 1145 1300 fit,
1175 1255 1298 1293 etiamr
1313 1255 1353 1293 in
1375 1255 1501 1293 bestiis
1529 1255 1761 1307 quibusdam
1782 1254 1871 1291 ani-

462 1322 650 1360 madverti
671 1322 791 1374 potest
810 1340 820 1367 ;
841 1335 926 1373 quae
947 1335 993 1360 ex
1013 1321 1049 1359 se
1068 1331 1176 1360 natos
1197 1322 1249 1359 ita
1269 1331 1399 1360 amant
1415 1322 1460 1360 ad
1480 1321 1676 1374 quoddam
1698 1329 1873 1373 tempus,

461 1398 499 1425 et
519 1388 566 1425 ab
586 1387 639 1425 eis
672 1389 725 1425 ita
743 1396 933 1431 amantur,
967 1396 1012 1424 ut
1030 1385 1144 1425 facile
1162 1400 1293 1425 earum
1313 1387 1437 1426 sensus
1468 1396 1667 1441 appareat:
1702 1386 1808 1439 quod
1828 1387 1871 1423 in

460 1453 620 1491 homine
641 1453 767 1491 multo
787 1452 839 1490 est
859 1452 1088 1490 evidentius.
1110 1452 1302 1498 Primum,
1319 1467 1365 1491 ex
1385 1467 1428 1492 ea
1446 1454 1616 1497 caritate,
1633 1466 1718 1505 quae
1733 1452 1785 1489 est
1806 1453 1871 1489 in-

460 1530 516 1557 ter
547 1527 654 1557 natos
685 1527 724 1555 et
754 1527 927 1570 parentes
944 1535 955 1563 ;
987 1531 1073 1570 quae
1093 1518 1240 1563 dirimi,
1275 1518 1344 1556 nifi
1375 1518 1586 1556 detestabili
1610 1517 1759 1562 scelere,
1791 1531 1870 1555 non

458 1584 593 1639 potest.
617 1584 782 1628 Deinde,
797 1596 891 1622 cum
911 1583 1046 1621 fimilis
1065 1583 1191 1621 sensus
1211 1584 1343 1621 extitit
1360 1585 1514 1628 amoris,
1531 1584 1555 1622 fi
1577 1584 1747 1636 aliquem
1769 1583 1871 1621 nacti

459 1652 604 1696 sumus,
640 1645 763 1702 cujus⁴
781 1663 875 1688 cum
907 1649 1083 1687 moribus
1102 1657 1142 1687 et
1161 1658 1295 1687 natura
1313 1662 1587 1702 congruamus,
1620 1648 1725 1701 quod
1758 1649 1798 1686 in
1823 1661 1871 1687 eo

460 1717 560 1770 quasl
579 1717 712 1755 lumen
733 1715 891 1768 aliquod
912 1715 1114 1768 probitatis
1134 1724 1171 1753 et
1191 1715 1345 1753 virtutis
1364 1714 1575 1768 perfpicere
1592 1715 1806 1752 videamur.

514 1781 630 1822 Nihil
662 1782 716 1821 est
735 1781 842 1820 enim
874 1781 1079 1820 amabilius
1110 1781 1280 1826 virtute3
1313 1780 1428 1826 nihil,
1451 1781 1556 1833 quod
1577 1781 1698 1833 magis
1726 1780 1871 1819 alliciat

458 1850 636 1889 homines
664 1849 710 1886 ad
742 1849 1014 1900 diligendum5
1047 1848 1192 1901 quippe
1218 1862 1312 1886 cum
1331 1854 1487 1901 pr0pter
1506 1849 1691 1886 virtutem
1717 1857 1755 1885 et
1776 1861 1871 1900 pro-

459 1917 621 1955 bitatem
652 1927 716 1953 eos
748 1914 880 1959 etiam,
911 1927 1008 1966 quos
1040 1926 1240 1965 nunquam
1261 1913 1445 1957 vidimus,
1467 1915 1635 1965 quodam
1667 1913 1786 1951 modo
1805 1914 1868 1950 di-

459 1983 640 2035 ligamus.
673 1980 774 2032 Qis
795 1980 863 2025 est,
893 1980 962 2032 qui
984 1980 1032 2017 C.
1056 1979 1238 2024 Fabricii,
1270 1979 1346 2017 M'.
1370 1979 1481 2016 Curii
1504 1993 1580 2017 non
1601 1992 1693 2017 cum
1713 1978 1868 2016 caritate

459 2050 584 2102 aliqua
604 2057 642 2085 ct
663 2046 928 2085 benevolentia
945 2046 1173 2085 memoriam
1190 2045 1358 2099 usurpet,
1374 2059 1470 2098 quos
1488 2059 1688 2098 nunquam
1704 2045 1867 2082 viderit?

460 2116 559 2167 Qis
581 2123 709 2152 autem
730 2112 796 2157 est,
814 2112 882 2165 qui
903 2112 1167 2164 Tarquinium
1189 2113 1393 2165 Sperbum‚
1415 2113 1483 2164 qui
1505 2114 1569 2165 Sp.
1593 2111 1777 2155 Caffium,
1801 2112 1866 2163 Sp.

460 2181 642 2221 Maelium
664 2194 740 2219 non
763 2179 884 2218 oderit
903 2179 916 2215 ?
949 2180 1056 2217 Cum
1076 2178 1226 2216 duobus
1247 2178 1412 2217 ducibus
1434 2179 1480 2216 de
1506 2179 1670 2231 imperio
1692 2178 1730 2215 in
1759 2177 1870 2215 ltalia

458 2250 694 2287 decertatum
715 2247 781 2292 est,
814 2244 962 2298 Pyrrho
983 2254 1020 2283 et
1042 2245 1262 2283 Annibale:
1295 2246 1341 2284 ab
1363 2245 1495 2290 altero,
1520 2255 1675 2298 propter
1695 2244 1868 2297 probita-

460 2325 540 2353 tem
560 2315 654 2366 ejns,
690 2326 765 2351 non
788 2312 904 2351 nimis
930 2312 1072 2350 alienos
1094 2312 1242 2350 animos
1263 2310 1450 2350 habemus
1469 2330 1482 2355 ς
1512 2311 1690 2355 alterum,
1714 2319 1866 2362 propter

458 2380 740 2424 crudelitatem,
764 2378 911 2432 semper
931 2378 1011 2417 haec
1032 2379 1166 2417 civitas
1187 2378 1324 2416 oderit.

513 2449 586 2487 lx.
621 2446 739 2499 Qod
761 2446 785 2484 s1
820 2455 923 2484 tanta
943 2447 997 2484 vis
1021 2445 1221 2498 probitatis
1242 2444 1308 2489 est,
1344 2453 1387 2483 ut
1406 2457 1489 2482 eam
1511 2443 1569 2481 vel
1593 2443 1630 2481 in
1663 2443 1730 2486 cis,
1767 2455 1866 2494 quos

458 2527 659 2568 nunquam
680 2512 864 2559 vidimus,
882 2512 956 2558 vel,
979 2511 1083 2566 quod
1101 2511 1223 2565 majus
1243 2509 1309 2556 est,
1328 2510 1367 2549 in
1388 2509 1494 2550 hoste
1512 2509 1618 2548 enim
1634 2509 1864 2562 diligamus,
