2223 3003
408 257 482 310 178
800 253 904 292 DE
978 252 1404 293 OFFICIIS

403 358 574 396 bonitate
595 357 780 397 vincatur,
812 365 939 404 neque
958 351 1172 390 amicitiam
1201 353 1327 392 colere
1347 353 1473 406 possit,
1506 366 1577 392 nec
1597 353 1800 406 justitiam,

401 437 472 462 nec
502 421 784 461 liberalitatem.
828 418 955 456 Fortis
975 431 1078 463 vero,
1110 418 1284 457 dolorem
1306 419 1506 458 summum
1529 420 1678 459 malum
1693 422 1803 474 judi-

400 502 489 527 cans
507 507 518 533 ;
546 496 611 525 aut
630 495 861 537 temperan3‚
882 484 1123 538 voluptatem
1143 485 1343 525 summum
1364 487 1514 525 bonum
1534 486 1714 532 statuens,
1735 487 1806 527 effe

399 564 501 593 certe
521 553 630 592 nullo
651 551 770 590 modo
794 551 930 605 potest.
973 551 1086 605 Qae,
1108 566 1330 606 quanquam
1363 554 1415 591 ita
1435 553 1522 592 sunt
1542 554 1581 592 in
1602 563 1803 607 promptu,

399 630 443 659 ut
464 633 521 658 res
540 618 797 672 disputatione
816 631 894 656 non
909 628 1032 672 egeat,
1050 628 1179 657 tamen
1200 619 1286 658 sunt
1306 633 1327 658 a
1342 620 1453 658 nobis
1474 620 1549 659 alio
1565 620 1652 659 loco
1672 620 1804 674 dispu-

399 697 489 726 tata.
522 688 598 726 Hae
617 685 828 739 disciplinae
847 686 980 739 igitur,
995 686 1021 724 fi
1037 686 1108 725 fibi
1127 687 1387 725 consentaneae
1407 686 1477 725 effe
1494 687 1626 732 velint,
1648 687 1695 725 de
1715 687 1804 725 offi-

398 755 460 793 cio
480 753 581 793 nihil
601 761 743 806 queant
761 752 910 791 dicere:
942 766 1068 805 neque
1088 753 1166 791 ulla
1185 753 1304 792 officii
1325 763 1512 808 praecepta
1532 753 1655 798 firma,
1688 753 1803 792 stabi-

397 820 464 866 lia,
486 821 690 872 conjunsta
719 827 878 863 naturae,
910 818 1007 856 tradi
1027 817 1195 871 possunt,
1227 818 1296 856 nisi
1327 829 1392 858 aut
1411 820 1458 858 ab
1485 820 1546 865 iis,
1582 819 1650 872 qui
1670 818 1804 865 solam,

398 896 464 926 aut
484 887 531 925 ab
551 886 613 931 iis,
635 885 704 938 qui
724 884 894 923 maxime
909 882 1147 923 honestatem
1164 893 1320 938 propter
1334 885 1370 923 se
1390 886 1519 925 dicant
1535 885 1804 939 expetendam.

400 955 535 1006 Itaque
556 951 708 1005 propria
725 950 778 988 est
803 963 846 988 ea
874 950 1078 1004 praeceptio
1110 952 1345 997 Stoicorum,
1366 952 1709 998 Academicorum,
1732 953 1806 991 Pe-

399 1019 687 1073 ripateticorum
700 1035 712 1063 ς
745 1017 931 1069 quoniam
951 1017 1156 1062 Aristonis,
1180 1017 1404 1069 Pyrrhonis,
1437 1019 1598 1063 Herilli,
1621 1020 1702 1071 jam
1724 1019 1806 1072 pri-

398 1085 489 1124 dem
502 1083 655 1138 explosa
667 1083 853 1122 sententia
867 1083 920 1122 est
935 1098 943 1122 :
962 1083 1031 1136 qui
1047 1093 1175 1122 tamen
1188 1082 1374 1122 haberent
1384 1085 1448 1136 jus
1465 1084 1576 1122 suum
1590 1084 1810 1137 disputandi

398 1151 445 1190 de
467 1151 611 1196 officio,
647 1150 675 1189 fi
694 1163 821 1189 rerum
842 1149 1013 1203 aliquem
1040 1149 1233 1188 delectum
1254 1149 1504 1203 reliquissent,
1540 1159 1584 1188 ut
1609 1150 1655 1188 ad
1687 1150 1809 1189 officii

398 1217 667 1256 inventionem
686 1216 812 1254 aditus
831 1215 935 1254 effet.
968 1217 1182 1268 Sequemur
1202 1216 1322 1268 igitur
1341 1215 1417 1254 hoc
1438 1215 1598 1268 quidem
1618 1225 1806 1268 tempore,

398 1292 436 1322 et
455 1281 527 1321 hac
547 1283 588 1321 in
609 1281 816 1335 quaestione
834 1280 1076 1334 potiffimum
1097 1282 1260 1327 Stoicos,
1281 1294 1359 1320 non
1380 1290 1423 1320 ut
1443 1281 1667 1335 interpretes
1683 1300 1695 1327 3
1728 1281 1805 1326 sed,

399 1358 443 1388 ut
462 1349 643 1394 solemus,
673 1361 694 1386 e
713 1347 889 1387 fontibus
910 1362 1059 1394 eorum,
1084 1348 1236 1401 judicio
1255 1348 1492 1401 arbitrioque
1511 1348 1652 1393 nostro,
1678 1361 1804 1400 quan-

398 1423 501 1461 tum,
518 1428 675 1469 quoque
695 1414 814 1453 modo
833 1414 1040 1460 videbitur,
1062 1413 1297 1453 hauriemus.
1316 1414 1447 1453 Placet
1467 1415 1600 1468 igitur,
1618 1415 1806 1466 quoniam

399 1483 528 1520 omnis
549 1481 755 1535 disputatio
775 1481 821 1519 de
841 1481 971 1520 officio
990 1479 1121 1519 futura
1139 1480 1205 1526 est,
1233 1490 1320 1519 ante
1339 1480 1513 1525 definire,
1536 1480 1632 1532 quid
1653 1479 1698 1517 fit
1717 1479 1806 1517 offi-

399 1548 507 1586 cium
523 1566 535 1593 ς
568 1547 674 1599 quod
704 1560 725 1585 a
745 1547 914 1586 Panaetio
933 1545 1227 1600 praetermiss‘um
1248 1545 1320 1584 effe
1341 1546 1475 1584 miror.
1520 1545 1664 1583 Omnis
1683 1545 1806 1590 enim,

398 1627 485 1666 quae
505 1627 525 1652 a
545 1613 690 1652 ratione
711 1611 913 1665 suscipitur
932 1613 979 1650 de
1008 1613 1136 1665 aliqua
1167 1626 1218 1658 re,
1251 1612 1455 1657 institutio,
1488 1612 1602 1650 debet
1624 1625 1646 1649 a
1665 1610 1806 1650 defini-

399 1680 504 1719 tione
524 1679 714 1733 proficisci
729 1697 742 1724 ς
774 1687 818 1717 ut
837 1678 1091 1732 intelligatur,
1113 1679 1209 1731 quid
1230 1678 1274 1717 fit
1294 1678 1348 1724 id,
1370 1677 1416 1716 de
1437 1691 1516 1731 quo
1535 1677 1763 1731 disputetur.

455 1746 529 1784 ΙΙΙ.
564 1745 707 1784 Omnis
740 1744 786 1782 de
807 1743 938 1782 officio
959 1744 1102 1797 duplex
1128 1744 1180 1782 est
1201 1743 1370 1797 quaestio.
1418 1745 1555 1781 Unum
1590 1755 1712 1795 genus
1738 1741 1806 1787 est,

399 1811 505 1862 quod
525 1811 690 1863 pertinet
710 1809 756 1847 ad
777 1808 896 1847 finem
917 1809 1110 1847 bonorum
1125 1827 1136 1853 ;
1169 1809 1347 1854 alterum,
1370 1808 1474 1861 quod
1496 1807 1662 1862 positum
1683 1807 1736 1846 est
1765 1808 1807 1845 in

398 1876 613 1928 praeceptis,
648 1874 792 1925 quibus
813 1874 853 1910 in
884 1886 1019 1911 omnes
1040 1883 1162 1925 partes
1194 1875 1281 1911 usus
1315 1875 1403 1911 vitae
1431 1874 1655 1912 confirmari
1677 1873 1804 1926 possit.

399 1941 609 1994 Superioris
627 1939 775 1992 generis
795 1937 1019 1990 hujusmodi
1039 1939 1217 1991 exempla
1232 1938 1338 1983 sunt,
1361 1939 1557 1976 Omniane
1574 1939 1701 1976 officia
1717 1951 1805 1991 per-

399 2007 499 2046 festa
518 2007 617 2051 sint,
650 2019 746 2044 num
767 2004 871 2058 quod
891 2004 1067 2043 officium
1087 2004 1190 2043 aliud
1212 2005 1285 2043 alio
1306 2005 1428 2056 majus
1452 2004 1519 2049 fit;
1551 2014 1588 2042 et
1614 2018 1698 2057 qua:
1719 2004 1805 2043 sunt

398 2074 546 2127 generis
567 2072 750 2125 ejusdem.
784 2072 966 2122 Qorum
987 2079 1117 2109 autem
1137 2071 1356 2109 officiorum
1378 2080 1566 2124 praecepta
1590 2071 1805 2115 traduntur,

397 2155 454 2186 ea,
487 2153 710 2193 quanquam
745 2138 938 2191 pertinent
973 2137 1019 2175 ad
1053 2136 1173 2176 finem
1206 2138 1413 2182 bonorum,
1446 2146 1572 2176 tamen
1601 2138 1641 2175 id
1676 2137 1806 2176 minus

398 2216 568 2259 apparet,
589 2207 679 2259 quia
699 2205 821 2257 magis
842 2205 888 2242 ad
909 2203 1190 2243 institutionem
1211 2206 1298 2243 vitae
1317 2205 1540 2243 communis
1562 2203 1725 2257 spectare
1746 2203 1806 2241 vi-

397 2273 531 2311 detur:
564 2273 611 2311 de
631 2272 772 2325 quibus
793 2270 845 2309 est
865 2271 976 2309 nobis
997 2269 1057 2308 his
1078 2270 1186 2309 libris
1208 2270 1498 2324 explicandum.

452 2341 585 2392 Atque
604 2339 722 2377 etiam
743 2338 814 2376 alia
834 2337 966 2376 divisio
994 2337 1046 2375 est
1064 2337 1183 2377 officii
1200 2354 1208 2377 :
1242 2351 1332 2377 nam
1352 2346 1390 2376 ct
1411 2337 1587 2376 medium
1608 2335 1804 2389 quoddam

397 2405 571 2444 officium
607 2405 763 2450 dicitur,
809 2414 846 2443 et
889 2403 1116 2457 perfeetum.
1166 2404 1385 2444 Perfectum
1427 2403 1618 2448 officium,
1658 2405 1805 2441 rectum

396 2472 547 2524 opinor,
579 2484 774 2515 vocemus,
810 2471 915 2523 quod
937 2471 1064 2509 Grarci
1086 2467 1285 2519 κατόρθωμα.
1303 2490 1313 2515 ;
1352 2469 1427 2509 hoc
1459 2480 1587 2509 autem
1619 2483 1804 2509 commu·

398 2551 444 2577 nc
463 2534 600 2582 morinen
618 2547 771 2579 vocant.
816 2540 948 2592 Atque
978 2551 1021 2577 ca
1040 2536 1089 2578 fic
1110 2535 1314 2585 definiunt,
1348 2546 1404 2584 ut,
1435 2539 1583 2577 rectum
1609 2536 1714 2591 quod
1739 2535 1802 2582 sit,
