2223 3003
712 267 1316 308 FRAGMENTA.
1647 286 1726 326 413

323 369 398 409 ciat
413 367 556 409 necesse
574 367 627 406 est
644 381 653 406 :
685 367 741 406 fin
760 376 887 405 autern
909 366 1032 413 illam,
1050 381 1135 421 quae
1151 367 1325 420 gignitur
1336 385 1348 413 3
1380 380 1582 421 nunquam
1602 369 1726 416 illam,

324 449 441 489 quam
475 444 642 489 expetet,
673 433 1008 488 pulchritudinem
1041 435 1306 487 consequetur.
1351 436 1482 474 Omne
1502 436 1622 489 igitur
1652 451 1728 476 ca:-

323 503 424 549 lum,
459 503 534 541 five
562 501 747 547 mundus,
788 501 863 540 five
897 501 1035 554 quovis
1077 501 1152 540 alio
1186 501 1374 541 vocabulo
1407 503 1560 556 gaudet,
1602 503 1678 543 hoc
1708 519 1729 543 a

322 568 436 607 nobis
455 577 699 622 nuncupatus
718 567 779 606 fit.
825 567 887 605 De
906 581 985 620 quo
1018 567 1058 605 id
1092 565 1265 620 primum
1297 568 1593 616 confideremus,
1624 571 1729 623 quod

321 635 516 689 principio
535 635 588 674 est
606 635 648 674 in
681 634 792 674 omni
811 634 1018 685 quaestione
1046 634 1377 680 confiderandum‚
1414 635 1609 689 semperne
1640 637 1727 676 fue-

322 702 386 748 rit,
417 701 528 740 nullo
546 709 747 753 generatus
767 707 868 744 ortu,
899 713 946 736 an
974 707 1080 737 ortus
1101 699 1145 736 fit
1165 700 1211 737 ab
1243 700 1374 752 aliquo
1405 703 1588 753 temporis
1619 705 1727 755 prin-

322 768 468 821 cipatu.
516 767 637 805 Ortus
668 765 735 811 est,
766 764 1081 818 quandoquidem
1113 764 1298 811 cernitur,
1329 775 1367 804 et
1397 766 1580 818 tangitur,
1612 779 1648 806 et
1678 770 1730 807 est

321 833 495 886 undique
524 841 760 886 corporatus.
808 832 955 870 Omnia
974 840 1103 869 autem
1134 831 1224 869 talia
1242 831 1393 870 sensum
1424 843 1583 872 movent
1598 852 1610 879 3
1642 835 1727 873 sen-

320 899 456 953 susque
494 899 692 939 moventia
724 913 809 952 quae
845 898 959 944 sunt,
1005 898 1136 936 eadem
1168 898 1207 935 in
1246 899 1469 951 opinatione
1499 900 1726 947 confidunt,

320 980 408 1020 quae
427 976 560 1006 ortum
579 965 719 1004 habere
747 966 935 1019 gignique
961 965 1162 1004 diximus:
1194 963 1295 1004 nihil
1329 975 1458 1003 autem
1488 966 1598 1019 gigni
1627 967 1729 1020 poffe

319 1032 397 1072 fine
417 1033 549 1072 caufis.
590 1034 723 1085 Atque
743 1032 857 1070 illum
884 1031 1044 1084 quidem
1073 1031 1176 1084 quafi
1195 1041 1392 1084 parentem
1425 1031 1540 1085 hujus
1573 1034 1727 1072 univer-

318 1098 437 1137 fitatis
471 1099 657 1143 invenire,
699 1098 884 1142 difficile;
927 1106 978 1142 et,
1014 1111 1106 1135 cum
1133 1098 1217 1149 jam
1246 1098 1449 1143 inveneris,
1484 1098 1651 1136 indicare
1686 1101 1728 1138 in

318 1164 475 1217 vulgus,
514 1163 633 1203 nefas.
684 1164 831 1202 Rursus
862 1163 981 1216 igitur
1014 1163 1239 1208 videndum,
1289 1162 1355 1201 ille
1388 1162 1592 1202 fabricator
1632 1166 1728 1203 tanti

319 1232 446 1283 operis
473 1239 608 1269 utrum
637 1230 682 1268 fit
709 1230 884 1268 imitatus
915 1230 1124 1283 exemplar,
1155 1230 1258 1275 idne,
1290 1229 1396 1281 quod
1427 1229 1574 1282 semper
1604 1245 1728 1269 unum

320 1305 360 1335 et
378 1296 499 1342 idern,
529 1305 568 1334 et
587 1296 644 1334 sui
664 1295 786 1334 fimile
801 1314 814 1341 ;
845 1310 891 1334 an
923 1296 977 1340 id,
1014 1295 1119 1348 quod
1152 1304 1377 1348 generatum
1397 1305 1607 1348 ortumque
1627 1297 1727 1335 dici—

319 1376 422 1403 muS.
454 1361 625 1415 Atquifi
658 1361 822 1415 pulcher
841 1361 893 1400 est
924 1361 990 1400 hic
1012 1361 1195 1405 mundus,
1227 1360 1253 1398 fi
1284 1361 1428 1414 probus
1460 1362 1540 1413 ejus
1575 1361 1727 1407 artifex,

319 1428 492 1482 profesto
512 1429 680 1481 speciem
701 1427 919 1466 aeternitatis
946 1427 1091 1466 imitari
1124 1426 1290 1465 maluit:
1322 1426 1374 1464 fin
1397 1426 1516 1472 secus,
1550 1428 1654 1480 quod
1682 1441 1729 1466 ne

319 1496 425 1534 dieta
447 1494 606 1546 quidem
625 1492 681 1530 fas
716 1493 782 1538 est,
813 1501 1038 1545 generatum
1071 1492 1296 1544 exemplum
1327 1492 1380 1529 est
1399 1506 1469 1544 pro
1501 1503 1640 1532 aeterno
1670 1494 1728 1532 se-

320 1570 449 1599 cutus.
493 1554 588 1598 Non
609 1559 728 1611 igitur
747 1558 928 1602 dubium,
959 1557 1056 1610 quin
1087 1557 1338 1596 aeternitatem
1359 1557 1539 1595 maluerit
1572 1561 1726 1611 exequi,

319 1625 639 1680 quandoquidem
669 1638 796 1678 neque
825 1625 974 1664 mundo
1001 1624 1216 1677 quidquam
1247 1622 1463 1676 pulchrius,
1494 1637 1619 1677 neque
1646 1627 1727 1677 ejus

320 1693 550 1732 aedificatore
579 1691 830 1746 praestantius.
881 1691 920 1729 Si
950 1704 1040 1744 ergo
1065 1699 1282 1744 generatus,
1319 1690 1365 1728 ad
1395 1689 1435 1728 id
1467 1690 1519 1728 est
1553 1689 1727 1736 effectus,

318 1759 425 1813 quod
459 1759 604 1799 radone
637 1759 898 1812 sapientiaque
930 1756 1302 1811 comprehenditur,
1339 1765 1453 1809 atque
1487 1757 1729 1796 immutabili

319 1827 529 1865 aeternitate
562 1825 796 1865 continetur.
844 1825 908 1863 Ex
938 1838 1018 1878 quo
1045 1824 1231 1869 efficitur,
1263 1832 1307 1861 ut
1337 1824 1382 1861 s1t
1411 1822 1569 1868 necesse,
1605 1822 1727 1869 hunc,

318 1906 438 1945 quem
472 1892 682 1936 cernimus,
716 1890 927 1935 mundum,
963 1890 1212 1928 simulacrum
1243 1897 1430 1927 aeternum
1461 1888 1532 1926 esse
1565 1889 1727 1941 alicujus

319 1958 464 1996 aeterni.
496 1956 795 1995 Difficillimum
815 1965 945 1994 autem
965 1955 1030 2000 est,
1052 1955 1092 1993 in
1113 1954 1223 1993 omni
1244 1954 1524 2007 conquisitione
1555 1955 1726 2000 rationis,

320 2024 537 2062 exordium.
571 2023 633 2061 De
651 2023 698 2062 iis
714 2023 847 2076 igitur,
866 2035 951 2075 quae
971 2021 1157 2066 diximus,
1179 2019 1262 2059 haec
1283 2020 1327 2058 sit
1347 2021 1472 2073 prima
1491 2019 1698 2059 distinctio.

375 2089 450 2127 III.
483 2089 530 2127 In
549 2089 659 2127 omni
678 2089 849 2128 oratione
868 2101 961 2126 cum
980 2087 1027 2125 iis
1047 2086 1175 2131 rebus,
1207 2085 1253 2123 de
1273 2085 1414 2136 quibus
1435 2084 1724 2136 explicandum,

319 2155 471 2193 videtur
503 2153 574 2191 effe
605 2155 792 2206 cognitio.
825 2155 973 2205 Itaque,
1005 2166 1097 2190 cum
1129 2152 1174 2188 de
1204 2164 1242 2188 re
1274 2150 1399 2188 stabili
1429 2159 1465 2187 et
1486 2151 1728 2189 immutabili

319 2221 548 2273 disputatur,
578 2219 698 2258 oratio
730 2219 816 2257 talis
848 2219 905 2263 fit,
937 2218 1059 2270 qualis
1091 2217 1136 2255 fit
1163 2216 1242 2262 illa,
1273 2231 1357 2269 quae
1384 2230 1507 2268 neque
1537 2217 1725 2269 redargui,

320 2301 445 2340 neque
465 2286 645 2324 convinci
665 2285 800 2338 potest.
849 2286 951 2323 Cum
973 2294 1103 2322 autem
1123 2282 1283 2336 ingressa
1302 2283 1354 2321 est
1376 2284 1527 2321 imitata
1545 2292 1583 2320 et
1603 2283 1729 2321 efficta

322 2353 534 2398 fimulacra,
578 2353 675 2391 bene
711 2352 772 2405 agi
806 2361 934 2405 putat,
967 2350 992 2388 sl
1025 2350 1319 2388 sunilitudinem
1350 2350 1427 2387 veri
1457 2348 1723 2401 consequatur.

323 2420 527 2470 Qantum
548 2420 654 2458 enim
675 2419 721 2457 ad
740 2419 794 2464 id,
830 2418 933 2471 quod
961 2427 1090 2455 ortum
1111 2417 1177 2462 est,
1208 2417 1394 2455 aeternitas
1416 2416 1540 2461 valet,
1574 2426 1725 2453 tantum

322 2485 368 2523 ad
389 2485 506 2524 fidem
526 2486 676 2524 veritas.
723 2487 917 2536 roirca
948 2485 973 2522 si
1006 2483 1104 2522 forte
1131 2484 1178 2522 de
1199 2484 1374 2522 Deorum
1407 2493 1539 2521 natura
1560 2492 1725 2533 ortuque

324 2551 461 2590 mundi
483 2551 713 2597 differentes,
746 2552 874 2590 minus
895 2551 948 2595 id,
971 2550 1075 2603 quod
1095 2563 1264 2595 avemuS,
1287 2551 1416 2588 animo
1437 2548 1722 2601 consequimur,
