2223 3003
435 227 509 265 140
842 209 946 248 DE
1014 207 1475 247 LEGIBUS.

429 322 494 351 aut
525 311 688 350 occidat.
732 309 950 347 MARcus.
969 307 1090 360 Ergo,
1122 316 1166 345 ut
1194 306 1261 344 illa
1280 305 1410 344 divina
1435 318 1560 351 mens,
1594 306 1745 347 summa
1761 307 1827 349 lex

429 379 482 417 est
494 397 506 423 ς
528 379 636 421 item,
646 388 738 414 cum
754 374 795 411 in
814 372 977 411 homine
992 372 1045 411 est
1059 371 1244 425 perfefto,
1261 372 1355 411 etin
1366 381 1498 411 mente
1517 371 1710 426 sapientis.
1729 374 1829 426 Qae

429 446 516 483 sunt
535 453 664 480 autem
683 440 798 484 varie,
828 449 866 478 et
892 439 940 477 ad
968 448 1124 492 tempus
1144 439 1332 492 descripta
1352 439 1523 493 populis,
1542 438 1670 479 favore
1688 441 1828 493 magis,

427 523 545 563 quam
565 521 618 553 re,
639 507 772 560 legum
792 520 936 545 nomen
958 515 1103 545 tenent.
1141 507 1318 545 Omnem
1337 507 1445 545 enim
1464 506 1608 559 legem,
1633 519 1718 559 quae
1738 506 1829 559 qui-

427 577 516 614 dem
535 577 636 614 reste
655 575 718 613 lex
735 574 917 627 appellari
936 573 1062 627 possit,
1083 572 1154 612 effe
1172 573 1420 619 laudabilem,
1437 572 1669 626 quibusdam
1688 572 1832 611 talibus

427 641 664 695 argumentis
682 640 836 679 docent.
878 640 1038 679 Constat
1056 639 1228 694 profeffito
1246 639 1293 679 ad
1319 639 1477 679 salutem
1498 639 1662 685 civium,
1690 639 1830 678 civita-

428 719 594 762 tumque
612 707 940 754 incolumitatem,
966 708 1166 760 vitamque
1183 705 1392 746 hominum
1412 707 1584 760 quietam
1603 715 1642 745 et
1660 707 1830 751 beatam,

428 776 602 815 conditas
618 774 689 814 effe
703 775 806 828 leges
819 793 832 820 5
853 774 1007 827 eosque,
1021 775 1090 827 qui
1109 774 1284 827 primum
1302 773 1492 826 ejusmodi
1512 773 1605 812 scita
1622 772 1831 817 sanxerint,

428 843 582 895 populis
602 839 812 886 ostendisse,
846 853 890 878 ea
907 840 945 879 se
969 840 1175 893 scripturos
1194 848 1309 892 atque
1326 839 1485 885 laturos,
1508 839 1652 893 quibus
1683 838 1742 877 illi
1760 837 1830 876 ad-

429 908 578 961 scriptis
599 905 866 959 susceptisque,
881 904 1038 945 honeste
1057 905 1243 959 beateque
1260 906 1433 945 viverent
1439 924 1452 952 3
1473 918 1634 959 quaeque
1649 905 1702 943 ita
1717 917 1832 943 com·

429 975 560 1026 posita,
582 973 783 1025 sanctaque
802 970 933 1018 essent,
962 985 1022 1011 eas
1041 971 1144 1024 leges
1163 971 1343 1010 videlicet
1361 973 1626 1011 nominarunt.
1669 971 1733 1009 Ex
1752 983 1834 1023 quo

428 1040 598 1093 intelligi
617 1053 684 1093 par
702 1039 768 1084 est,
803 1052 882 1084 eos,
913 1038 982 1091 qui
1001 1039 1213 1092 perniciosa
1241 1049 1279 1077 et
1298 1039 1438 1091 injusta
1465 1038 1619 1092 populis
1643 1036 1743 1090 juffa
1760 1037 1831 1075 de-

430 1107 658 1160 scripserint,
681 1119 773 1144 cum
793 1114 926 1144 contra
944 1104 1121 1150 fecerint,
1150 1119 1268 1158 quam
1295 1105 1462 1158 polliciti
1483 1103 1714 1158 profeffique
1744 1103 1832 1147 sint,

430 1174 583 1226 quidvis
605 1173 733 1226 potius
754 1171 892 1217 tulisse,
913 1185 1030 1224 quam
1050 1171 1152 1225 leges
1170 1190 1182 1216 ;
1215 1181 1258 1210 ut
1277 1171 1522 1224 perspicuum
1543 1170 1614 1208 effe
1634 1169 1762 1223 poffit,
1790 1169 1834 1207 in

429 1240 511 1294 ipso
532 1241 691 1279 nomine
709 1239 806 1291 legis
827 1238 1113 1290 interpretando
1133 1237 1248 1276 ineffe
1265 1238 1347 1276 vim
1366 1246 1405 1275 et
1423 1236 1651 1275 sententiam
1666 1235 1774 1288 justi,
1794 1243 1834 1273 et

425 1306 523 1360 juris
543 1305 710 1360 legendi.

486 1375 631 1425 Qaero
661 1372 780 1425 igitur
812 1383 833 1408 a
863 1378 915 1416 te,
950 1370 1116 1421 Qinte,
1147 1369 1244 1409 ficut
1268 1369 1327 1408 illi
1347 1369 1469 1408 solent
1484 1387 1497 1415 ς
1529 1369 1623 1421 Qo
1642 1369 1668 1408 fi
1700 1368 1832 1408 civitas

431 1449 567 1486 careat,
597 1439 649 1478 ob
667 1451 752 1476 eam
773 1437 894 1491 ipsam
913 1437 1078 1483 causam,
1100 1437 1206 1490 quod
1226 1450 1271 1475 eo
1290 1446 1428 1481 careat,
1449 1450 1520 1490 pro
1540 1435 1665 1474 nihilo
1684 1434 1833 1474 haben-

431 1508 477 1546 da
497 1507 554 1552 fit,
575 1506 615 1544 id
641 1505 742 1543 estne
761 1503 1047 1542 numerandum
1066 1504 1106 1542 in
1127 1504 1239 1542 bonis
1258 1503 1271 1539 ?
1304 1504 1541 1554 Qum-us.
1570 1503 1630 1539 Ac
1650 1502 1834 1541 maximis

430 1573 606 1625 quidem.
650 1571 867 1609 MARCUS.
892 1570 996 1623 Lege
1015 1578 1146 1608 autem
1166 1582 1297 1607 carens
1321 1569 1470 1613 civitas,
1501 1581 1597 1606 anne
1626 1568 1678 1605 ob
1707 1567 1835 1620 ipsum

432 1638 607 1677 habenda
625 1637 735 1676 nullo
750 1636 862 1675 loco?
883 1637 1119 1688 Qus-rus.
1138 1636 1230 1674 Dici
1246 1635 1355 1674 aliter
1371 1649 1447 1674 non
1461 1636 1595 1689 potest.
1614 1635 1832 1674 MARCUS.

432 1704 592 1744 Neceffe
621 1704 675 1743 est
694 1703 829 1757 igitur,
859 1703 987 1756 legem
1013 1701 1147 1742 haberi
1172 1703 1212 1742 in
1245 1703 1358 1742 rebus
1378 1703 1552 1756 optimis.
1595 1703 1833 1754 QmTus.

432 1771 587 1812 Prorsus
606 1769 797 1810 assentior.

489 1839 707 1876 MARcus.
740 1836 863 1887 Qid‚
885 1835 991 1887 quod
1011 1837 1137 1874 multa
1156 1835 1379 1889 perniciose,
1411 1835 1534 1874 multa
1552 1833 1725 1888 pestifere
1745 1833 1836 1872 scis·

434 1913 575 1942 cuntur
594 1902 634 1939 in
654 1901 822 1954 populiS,
843 1914 929 1953 quae
950 1913 1027 1939 non
1048 1901 1170 1952 magis
1190 1901 1285 1953 legis
1316 1914 1458 1939 nomen
1479 1901 1688 1953 attingunt,
1717 1912 1836 1952 quam

436 1970 462 2008 fi
492 1969 655 2007 latrones
686 1966 814 2019 aliqua
844 1966 1011 2005 consessu
1032 1966 1098 2006 suo
1118 1966 1339 2006 sanxerint?
1372 1967 1478 2006 Nam
1510 1979 1634 2018 neque
1661 1966 1836 2003 medico-

437 2049 525 2074 rum
547 2043 734 2088 praecepta
753 2033 830 2071 dici
851 2047 936 2071 vere
958 2033 1116 2086 pofl‘ent,
1139 2034 1163 2072 fi
1184 2047 1270 2086 quae
1291 2033 1399 2072 inscii
1421 2033 1668 2087 imperitique
1690 2045 1759 2085 pro
1780 2032 1837 2070 sa·-

437 2101 624 2140 lutaribus
645 2097 840 2138 mortifera
859 2099 1149 2152 conscripserint
1168 2115 1176 2139 :
1214 2113 1338 2153 neque
1357 2101 1396 2138 in
1418 2100 1564 2153 populo
1584 2099 1660 2143 lex,
1684 2097 1837 2136 cuicui-

438 2167 544 2206 modi
566 2166 683 2205 fuerit
701 2165 780 2210 illa,
801 2166 916 2204 etiam
937 2166 962 2204 fi
985 2166 1243 2219 perniciosum
1268 2167 1415 2219 aliquid
1443 2167 1608 2220 populus
1634 2165 1836 2219 acceperit.

440 2235 544 2287 Ergo
577 2234 630 2272 est
660 2233 721 2271 lex
741 2232 934 2285 justorum
955 2233 1262 2287 injustorumque
1296 2233 1502 2279 distinctio,
1535 2234 1581 2272 ad
1607 2232 1715 2271 illam
1735 2231 1837 2269 anti-

439 2300 674 2354 quiffimam,
706 2308 743 2337 et
776 2313 903 2338 rerum
934 2300 1115 2339 omnium
1146 2301 1361 2354 principem
1387 2300 1554 2353 expressa
1575 2309 1761 2342 naturam,
1792 2297 1838 2335 ad

440 2381 558 2420 quam
579 2366 681 2419 leges
698 2365 907 2404 hominum
928 2367 1160 2420 diriguntur,
1183 2381 1269 2421 quae
1290 2367 1478 2420 supplicio
1495 2366 1693 2419 improbos
1713 2364 1837 2403 affici-

442 2442 526 2477 unt,
548 2430 760 2470 defendunt
780 2445 821 2470 ac
843 2442 999 2471 tuentur
1019 2433 1155 2472 bonos.

496 2498 567 2536 VI.
587 2498 764 2550 Qm'r.
785 2498 963 2536 I’raeclarc
981 2499 1181 2553 intelligo:
1206 2512 1275 2537 nec
1296 2499 1479 2551 verojam
1500 2500 1613 2538 aliam
1631 2497 1701 2536 cfl'c
1718 2497 1838 2536 ullam

441 2564 567 2618 legem
599 2573 693 2617 puto
714 2577 791 2604 non
819 2565 937 2604 modo
963 2564 1194 2612 habendam,
1217 2565 1276 2605 sed
1298 2579 1344 2605 ne
1367 2565 1632 2619 appelland·.un
1662 2564 1835 2618 quidem.
