2223 3003
425 218 498 273 158
829 215 932 255 DE
1004 213 1408 253 LEG113us

418 332 538 373 quam
571 329 663 356 cum
685 312 853 368 proximi
884 312 1103 364 injecerant,
1134 311 1376 363 obductaque
1403 318 1501 349 terra
1518 318 1611 357 erat,
1639 309 1818 366 frugibus

419 385 673 426 obserebatur,
706 389 748 417 ut
769 379 869 417 smus
889 387 927 416 et
960 378 1156 430 gremium
1175 377 1281 431 quasi
1301 376 1433 416 matris
1453 386 1611 416 mortuo
1630 377 1818 418 tribuere-

419 460 483 489 tur
496 469 507 494 5
530 449 653 486 solum
674 454 804 482 autem
819 441 997 496 frugibus
1012 443 1226 497 expiatum,
1245 451 1290 482 ut
1305 443 1402 482 vivis
1417 442 1653 482 redderetur.
1675 444 1821 497 Seque-

420 515 559 553 bantur
579 510 714 564 epulae,
728 523 822 562 quas
841 509 993 547 inibant
1011 518 1186 562 parentes
1205 509 1378 548 coronati
1394 523 1402 548 :
1425 509 1526 563 apud
1541 522 1635 562 quas
1650 509 1697 547 de
1711 521 1821 548 mor·

418 580 477 618 tui
497 577 622 623 laude,
652 589 745 615 cum
766 575 862 628 quid
892 575 970 614 veri
989 585 1081 621 erat,
1111 575 1362 629 praedicatum
1374 594 1387 621 5
1419 589 1511 614 nam
1536 575 1695 614 mentiri
1714 573 1821 614 nefas

416 644 630 684 habebatur
646 658 655 682 ε
686 657 729 681 ac
742 641 843 695 justa
862 641 1036 681 confecta
1054 651 1174 682 erant.
1207 641 1474 695 Posteaquam,
1494 651 1538 681 ut
1564 642 1697 681 scribit
1716 639 1821 680 Pha·

419 711 555 756 lereus,
584 708 805 763 sumptuosa
829 707 912 746 fieri
937 706 1072 747 funera
1087 717 1126 746 et
1144 708 1406 748 lamentabilia
1431 708 1644 762 coepiss‘ent,
1671 707 1823 747 Solonis

419 777 503 830 lege
519 776 663 815 sublata
680 775 786 814 sunt:
807 787 927 826 quam
946 774 1073 827 legem
1092 774 1234 813 eisdem
1252 788 1371 828 prope
1385 775 1510 813 verbis
1528 774 1644 814 nostri
1663 773 1822 812 decem·-

418 842 491 880 viri
511 843 551 880 in
571 841 820 879 undecimam
835 839 1008 877 tabulam
1027 840 1288 891 conjecerunt.
1324 840 1432 878 Nam
1449 839 1496 878 de
1516 840 1639 879 tribus
1659 839 1822 883 riciniis,

419 917 458 946 et
478 908 658 960 pleraque
678 905 765 950 alia,
792 903 945 942 Solonis
978 903 1065 943 sunt
1079 922 1093 949 5
1123 905 1171 942 de
1189 904 1370 943 lamentis
1398 918 1488 944 vero
1505 905 1673 958 expressa
1697 904 1822 944 verbis

420 974 522 1017 sunt,
539 971 714 1011 Mulieres
728 984 841 1023 genas
859 984 902 1008 ne
912 969 1084 1015 radunto,
1105 984 1194 1009 neve
1212 969 1326 1024 leffitm
1331 971 1481 1024 funeris
1499 985 1582 1024 ergo
1601 970 1767 1010 habento.

474 1037 628 1077 XXVI.
651 1037 714 1076 De
733 1035 914 1089 sepulcris
944 1044 1075 1074 autem
1106 1034 1207 1074 nihil
1226 1035 1280 1074 est
1306 1037 1408 1089 apud
1428 1037 1609 1076 Solonem
1639 1036 1822 1090 amplius,

419 1117 553 1157 quam,
575 1103 636 1142 Ne
653 1102 731 1156 quis
749 1116 790 1140 ea
809 1100 934 1146 deleat,
947 1115 1036 1140 neve
1052 1101 1204 1140 alienum
1223 1101 1384 1155 i7fi’rat5
1406 1114 1597 1155 poenaque
1611 1101 1678 1147 est,
1696 1101 1826 1155 Siquis

418 1170 554 1223 bzgstum
576 1169 684 1222 (nam
700 1168 739 1206 id
759 1177 855 1221 puto
873 1167 1056 1221 appellari
1072 1164 1207 1221 rv'peCov)
1225 1177 1293 1207 aut
1310 1177 1584 1214 monumentum,
1600 1168 1745 1221 inquit,
1757 1175 1825 1206 aut

418 1238 615 1276 columnam
634 1234 798 1278 violarit,
829 1234 1005 1285 dejecerit,
1019 1235 1200 1287 fregerit.
1239 1234 1312 1273 Sed
1331 1235 1414 1288 post
1434 1235 1644 1288 aliquanto,
1670 1243 1826 1287 propter

420 1301 487 1341 has
508 1300 783 1355 amplitudines
810 1300 1090 1353 sepulcrorum,
1122 1313 1215 1355 quas
1237 1300 1277 1338 in
1299 1301 1501 1340 Ceramico
1521 1300 1712 1345 videmus,
1740 1300 1825 1353 lege

421 1369 595 1407 sanctum
613 1366 680 1412 est,
717 1381 759 1405 ne
778 1366 856 1420 quis
860 1367 1068 1420 sepulcrum
1071 1366 1222 1420 faceret
1252 1367 1434 1420 operqfius,
1466 1381 1570 1420 quam
1605 1366 1699 1420 quod
1712 1366 1825 1406 decem

417 1435 572 1474 homines
603 1433 783 1488 effecerint
813 1432 946 1472 triduo.
989 1433 1131 1485 Neque
1150 1433 1191 1472 id
1221 1446 1334 1486 opere
1355 1433 1512 1472 tectorio
1530 1433 1720 1478 exornari,
1754 1445 1825 1471 nec

421 1501 591 1540 Hermas
610 1499 696 1545 hos,
713 1512 809 1552 quos
827 1507 978 1543 vocant,
1004 1498 1145 1537 licebat
1164 1498 1315 1552 imponi
1329 1517 1341 1543 5
1375 1512 1446 1536 nec
1466 1499 1513 1536 de
1533 1497 1679 1536 mortui
1699 1497 1825 1543 laude,

421 1567 491 1605 nisi
512 1566 551 1604 in
571 1565 742 1618 publicis
762 1564 965 1617 sepulturis
981 1583 994 1610 5
1025 1577 1096 1603 nec
1125 1565 1172 1603 ab
1192 1564 1281 1609 alio,
1311 1563 1382 1603 nifi
1402 1564 1470 1617 qui
1490 1564 1648 1618 publice
1673 1563 1719 1602 ad
1739 1577 1826 1603 eam

421 1646 504 1671 rem
524 1630 755 1669 constitutus
775 1629 876 1675 esset,
907 1629 985 1668 dici
1005 1629 1160 1669 licebat.
1207 1629 1360 1669 Sublata
1388 1630 1506 1669 etiam
1531 1639 1608 1669 erat
1627 1629 1827 1669 celebritas

420 1699 593 1736 virorum
613 1710 656 1734 ac
681 1696 907 1741 mulierum,
934 1709 1013 1749 quo
1033 1696 1258 1735 lamentatio
1278 1696 1542 1735 minueretur:
1572 1695 1691 1734 habet
1719 1696 1827 1734 enim

421 1765 573 1803 luctum
593 1762 799 1801 concursus
826 1761 1050 1802 hominum.
1097 1763 1294 1815 roirca
1318 1763 1492 1802 Pittacus
1523 1762 1685 1800 omnino
1715 1774 1826 1800 acce-

422 1830 509 1867 dere
529 1841 767 1880 quemquam
788 1837 888 1864 vetat
909 1828 949 1865 in
968 1827 1086 1866 funus
1102 1829 1281 1867 aliorum.
1306 1828 1378 1867 Sed
1397 1827 1450 1866 ait
1470 1827 1595 1867 rursus
1615 1827 1720 1866 idem
1742 1827 1828 1865 De-

423 1893 598 1936 metrius,
621 1890 864 1929 increbruisse
883 1905 966 1928 eam
999 1890 1180 1929 funerum
1205 1892 1545 1945 sepulcrorumque
1571 1893 1827 1945 magnificen-

423 1960 534 2003 tiam,
556 1971 641 2010 quae
663 1970 765 1995 nunc
786 1955 864 1994 fere
886 1957 1022 1994 Romae
1049 1957 1127 2002 est5
1159 1971 1276 2010 quam
1297 1957 1614 1996 consuetudinem
1634 1957 1716 2010 lege
1746 1959 1826 1996 mi-

424 2026 511 2065 nuit
531 2024 622 2077 ipse.
662 2023 754 2062 Fuit
774 2023 879 2061 enim
900 2021 965 2061 hic
987 2023 1056 2068 vir,
1088 2033 1130 2061 ut
1152 2023 1268 2068 scitis,
1291 2037 1367 2062 non
1390 2024 1514 2062 solum
1535 2023 1824 2068 eruditiffinms,

426 2091 486 2130 scd
507 2091 621 2129 etiam
642 2090 736 2128 civis
756 2103 776 2127 e
797 2089 996 2142 republica
1010 2090 1194 2135 maxime,
1217 2090 1442 2143 tuendaeque
1462 2090 1628 2128 civitatis
1648 2089 1828 2143 peritiffi-

425 2171 527 2196 mus.
579 2156 650 2194 Istc
681 2155 799 2208 igitur
820 2155 1020 2208 sumptum
1040 2155 1184 2194 minuit
1215 2169 1291 2194 non
1313 2156 1436 2195 solum
1456 2157 1585 2209 poenal,
1617 2156 1677 2194 scd
1710 2156 1827 2195 etiam

426 2234 628 2275 tempore:
661 2232 747 2260 ante
774 2222 901 2260 lucem
923 2221 1150 2275 enimjuffit
1175 2221 1315 2261 efferri.
1351 2223 1539 2276 Sepulcris
1559 2232 1688 2261 autem
1718 2223 1826 2261 novis

428 2289 552 2327 sinivit
575 2289 763 2327 modum:
797 2302 883 2327 nam
919 2288 1026 2342 super
1057 2298 1162 2327 terrae
1187 2289 1386 2328 tumulum
1420 2290 1543 2328 noluit
1574 2289 1668 2341 quid
1701 2289 1825 2333 statui,

426 2355 494 2394 nisi
515 2354 766 2394 columellam
788 2355 909 2393 tribus
930 2356 1073 2394 cubitis
1095 2369 1141 2393 ne
1160 2356 1350 2401 altiorem,
1380 2366 1444 2394 aut
1466 2355 1651 2400 mensam,
1684 2366 1747 2393 aut
1769 2356 1825 2393 la-

427 2421 576 2460 bellum
595 2434 604 2458 :
637 2429 674 2458 ct
695 2419 786 2458 huic
808 2422 1066 2474 procurationi
1086 2431 1234 2460 certum
1255 2420 1516 2475 magistratum
1538 2421 1768 2475 praefecerat.

474 2486 646 2525 XXVII.
673 2487 768 2524 Haec
791 2487 908 2539 igitur
928 2486 1181 2526 Athenienses
1203 2487 1273 2525 tui.
1307 2488 1378 2526 Scd
1396 2487 1590 2526 videamus
1611 2488 1825 2532 Platonem,

424 2552 496 2605 qui
522 2551 623 2605 justa
643 2550 826 2592 funerum
852 2553 976 2606 rejicit
994 2553 1041 2593 ad
1067 2553 1291 2609 interpretes
1312 2554 1573 2608 religionum5
1609 2566 1727 2607 quem
1757 2565 1827 2592 nos
