2223 3003
473 239 553 278 402
767 209 1576 263 PHILOSOPHICORUM

476 325 611 367 IDEM,
634 319 780 373 δίψα]
802 317 866 356 Ad
879 315 1095 369 juvenilem
1116 315 1336 362 libidinem,
1357 315 1468 369 copia
1486 313 1734 369 voluptatum
1751 316 1877 370 gliscit

529 389 606 432 illa,
628 396 670 424 ut
688 385 789 438 ignis
808 384 907 422 oleo.

475 456 610 498 IDEM,
648 449 979 503 Verecutzdantur]
1028 448 1088 488 Hi
1120 448 1238 488 nostri
1271 447 1388 487 amici
1421 447 1741 494 verecundantur,
1776 448 1879 504 capti

528 518 726 572 splendore
751 517 920 555 virtutis.

476 587 529 624 D.
552 586 670 623 Auo.
695 583 782 623 Vita
799 582 939 636 beata]
962 582 1104 627 Oratae,
1124 579 1279 621 homini
1298 580 1498 627 ditiffimo,
1516 579 1789 626 amoeniffimo,
1810 579 1881 619 de-

528 649 762 695 licatiffimo,
794 662 919 701 neque
950 647 996 687 acl
1015 648 1254 701 voluptatem
1272 647 1490 701 quidquam
1518 646 1659 692 defuit,
1687 658 1816 699 neque
1834 645 1883 684 ad

528 717 707 771 gratiam,
729 728 855 768 neque
874 714 920 752 ad
941 714 1083 753 bonam
1104 714 1372 766 integramque
1398 710 1676 753 valetudinem.
1708 712 1817 751 Nam
1843 720 1883 750 et

529 783 680 837 praediis
701 779 1034 834 quaestuofiffimis‚
1055 779 1190 819 amicis
1211 778 1514 831 jucundissimis,
1535 787 1730 832 quantum
1748 777 1880 823 libuit,

529 859 567 888 et
586 847 808 891 abundavit,
846 855 885 883 et
904 845 981 883 illis
1007 844 1191 883 omnibus
1221 843 1411 897 aptiffime
1440 844 1488 882 ad
1517 844 1679 883 salutem
1710 843 1882 898 corporis

529 914 616 953 usus
638 912 691 951 est
702 930 714 958 ς
745 910 901 964 ejusque
933 910 995 962 (ut
1015 910 1180 948 breviter
1199 917 1331 948 totum
1349 909 1564 962 explicem)
1591 921 1708 948 omne
1726 910 1883 950 institu-

529 988 618 1018 tum
637 977 956 1029 voluntatemque
975 989 1135 1014 omnem
1156 975 1335 1014 succeffio
1353 973 1529 1028 prospera
1546 974 1752 1014 consecuta
1768 975 1837 1014 est.

474 1047 591 1086 Non.
612 1043 795 1098 Balneae.]
826 1044 982 1082 Primus
1001 1042 1195 1081 balneolas
1214 1042 1424 1096 suspendit,
1444 1040 1600 1080 inclufit
1618 1040 1755 1096 pisces.

476 1114 628 1153 Pmsc.
648 1112 711 1151 lib.
734 1111 798 1164 x.]
829 1112 855 1137 ’ὓ
874 1118 913 1149 et
932 1110 1154 1149 amoenitate
1174 1109 1326 1148 summa
1343 1107 1560 1163 perfructus
1580 1108 1648 1147 est.

476 1179 593 1219 Non.
617 1177 778 1232 Ostrea]
800 1179 825 1204 *
845 1176 1113 1230 solertiamque
1131 1189 1230 1222 eam,
1246 1190 1332 1231 quae
1351 1175 1471 1230 posset
1490 1175 1551 1215 vel
1570 1175 1612 1215 in
1631 1174 1775 1229 tegulis
1792 1186 1885 1229 pro-

531 1245 715 1283 seminare
734 1242 885 1282 ostreas.

477 1312 614 1356 IDEM,
636 1309 833 1362 Summus.]
864 1308 977 1346 Vixit
1007 1307 1053 1346 ad
1084 1307 1277 1347 summam
1299 1306 1530 1345 senectutem
1562 1305 1780 1344 valetudine
1809 1318 1882 1359 op-

531 1377 640 1415 tima.

476 1444 614 1488 IDEM,
634 1440 842 1493 [avitare]
877 1439 1104 1491 Voluptates
1126 1448 1256 1478 autem
1275 1438 1384 1477 nulla
1401 1439 1448 1476 ad
1467 1451 1524 1476 res
1545 1437 1762 1476 neceffarias
1782 1437 1884 1476 invi-

531 1517 702 1547 tamenta
720 1505 884 1545 afferunt
904 1504 1071 1543 senibus.

479 1575 531 1612 D.
554 1574 674 1612 Auo.
697 1572 758 1612 lib.
785 1585 843 1610 ιν.
866 1579 994 1611 contra
1014 1569 1217 1623 Pelagium.
1249 1569 1365 1609 Non.
1385 1568 1599 1622 Conficere.]
1622 1569 1687 1607 An
1708 1582 1797 1607 vero
1815 1581 1886 1607 vo-

531 1640 698 1693 luptates
728 1637 901 1691 corporis
935 1636 1170 1691 expetendae,
1206 1650 1291 1689 quae
1320 1648 1406 1675 vere
1434 1645 1473 1674 et
1491 1636 1657 1688 graviter
1686 1648 1707 1673 a
1727 1635 1887 1674 Platone

534 1706 644 1745 dictae
663 1703 750 1743 sunt
763 1704 952 1743 illecebrae
967 1713 1081 1756 atque
1100 1701 1190 1741 escae
1210 1702 1430 1741 malorum?
1453 1702 1553 1753 Qae
1572 1702 1677 1740 enirn
1693 1700 1888 1740 confeetio

533 1771 586 1810 est
604 1770 849 1815 valetudinis,
871 1783 957 1823 quae
977 1767 1208 1808 deformatio
1228 1768 1368 1807 coloris
1389 1777 1427 1807 et
1446 1768 1632 1822 corporis,
1651 1767 1757 1820 quod
1778 1777 1888 1820 turpe

534 1837 736 1882 damnum,
767 1836 873 1888 quod
899 1835 1080 1880 dedecus,
1117 1835 1223 1887 quod
1255 1849 1332 1874 non
1365 1844 1546 1873 evocetur
1572 1845 1687 1887 atque
1715 1834 1888 1872 eliciatur

534 1901 759 1955 voluptate?
785 1901 895 1952 cujus
917 1909 1047 1938 motus
1068 1908 1111 1938 ut
1131 1900 1293 1952 quisque
1312 1899 1364 1937 est
1384 1900 1593 1943 maximus,
1609 1900 1662 1937 ita
1680 1899 1732 1937 est
1752 1898 1886 1936 inimi—

535 1967 704 2006 ciffimus
725 1964 992 2020 philosophiae.
1017 1966 1240 2018 Congrueoe
1256 1965 1362 2003 enim
1383 1978 1476 2003 cum
1496 1965 1729 2018 cogitatione
1750 1977 1887 2017 magna

535 2033 709 2086 voluptas
744 2032 913 2085 corporis
945 2045 1023 2070 non
1043 2031 1180 2084 potest.
1222 2031 1323 2084 Qis
1343 2031 1464 2076 enim,
1486 2045 1579 2070 cum
1600 2040 1727 2069 utatur
1748 2030 1888 2083 volup-

537 2109 612 2138 tate
633 2113 688 2143 ea,
710 2112 784 2151 qua
806 2098 910 2136 nulla
930 2097 1041 2150 poffit
1072 2098 1194 2149 major
1225 2097 1310 2142 ess‘e,
1342 2097 1534 2135 attendere
1566 2098 1758 2141 animum,
1794 2096 1889 2134 inire

538 2165 740 2209 rationem,
783 2164 951 2216 cogitare
984 2162 1149 2201 omnino
1180 2163 1395 2215 quidquam
1426 2163 1549 2215 potest
1568 2163 1580 2200 ?
1624 2164 1724 2215 Qis
1760 2172 1888 2201 autem

540 2241 667 2268 tantus
689 2230 740 2267 cst
761 2243 913 2283 gurges,
937 2229 1003 2281 qui
1025 2228 1103 2266 dics
1124 2237 1162 2267 et
1183 2231 1311 2267 noc‘tes
1333 2228 1410 2267 sine
1431 2228 1508 2267 ulla
1528 2229 1683 2267 minimi
1706 2228 1888 2280 temporis

539 2295 812 2333 intermiffionc
829 2294 919 2331 velit
942 2295 991 2331 ita
1012 2294 1156 2332 moveri
1181 2293 1262 2332 suos
1285 2293 1423 2338 sensus,
1441 2302 1482 2331 ut
1502 2303 1706 2331 moventur
1727 2293 1764 2330 in
1784 2292 1889 2330 sum-

539 2361 614 2399 mis
636 2359 924 2413 voluptatibus?
948 2361 1048 2411 Qis
1070 2369 1198 2398 autem
1221 2360 1320 2399 bona
1340 2367 1469 2397 mente
1491 2359 1670 2411 praeditus
1692 2373 1768 2397 non
1791 2359 1888 2396 nial-

539 2426 591 2465 lct
613 2426 734 2465 nullas
755 2426 917 2464 omnino
939 2427 1048 2465 nobis
1070 2441 1089 2465 a
1110 2436 1240 2465 natura
1260 2425 1473 2477 voluptates
1495 2425 1596 2463 datas
1617 2426 1629 2461 ?

486 2493 537 2532 D.
564 2494 683 2531 Aue.
706 2502 834 2530 cmfra
853 2493 979 2545 I'elag,
1001 2493 1060 2531 lib.
1081 2506 1116 2530 v.
1140 2501 1218 2544 cap.
1245 2491 1302 2544 5.]
1326 2493 1347 2515 *
1372 2501 1462 2528 tunc
1483 2491 1713 2543 obsequatur
1734 2500 1888 2534 natur-s,

539 2573 631 2598 cum
653 2559 727 2598 sine
750 2559 927 2612 magistro
948 2558 1113 2605 senserit,
1137 2558 1230 2611 quid
1251 2567 1384 2597 natura
1403 2557 1598 2597 desideret.
