2223 3003
386 265 435 316 245
669 265 771 302 DE
828 264 1476 305 DIVINATIONE

383 371 427 399 ut
445 361 542 399 nihil
564 361 621 406 sit,
643 362 746 412 quod
767 373 930 399 errorem
950 361 1087 398 animis
1109 360 1510 412 perturbationemque
1529 358 1670 398 afferat.
1701 361 1765 399 Ex

383 441 461 478 quo
480 427 593 464 etiam
610 425 871 477 Pythagoricis
891 425 1139 463 interdistum
1159 434 1328 478 putatur,
1346 439 1392 463 ne
1411 424 1498 463 faba
1514 424 1763 469 vescerentur,

382 491 485 542 quod
505 490 619 527 habet
638 489 874 528 inflationem
895 503 1074 542 magnam
1105 490 1136 528 is
1156 490 1281 534 cibus,
1312 490 1579 542 tranquillitati
1609 491 1763 535 mentis,

382 555 582 606 quaerentis
602 567 700 599 vera,
720 555 961 593 contrariam.

436 621 540 657 Cum
560 633 650 672 ergo
669 619 720 657 est
746 620 878 658 somno
909 619 1098 658 sevocatus
1133 621 1282 659 animus
1302 634 1323 658 a
1342 620 1529 665 societate,
1563 629 1601 659 et
1620 634 1640 658 a
1668 634 1763 659 con-

380 683 532 736 tagione
564 684 747 736 corporis,
776 694 861 722 tum
892 685 1072 723 meminit
1091 685 1383 737 praeteritorum,
1411 685 1602 737 praesentia
1627 685 1762 728 cernit,

380 747 508 786 futura
526 749 718 800 praevidet.
756 750 863 800 Jacet
882 750 986 788 enim
1004 763 1142 802 corpus
1163 751 1401 795 dormientis,
1438 759 1480 787 ut
1499 750 1642 788 mortui
1659 768 1671 794 ς
1704 749 1762 787 vi-

380 822 444 866 get
463 823 605 858 autem,
636 823 673 851 et
692 814 786 852 vivit
806 815 955 852 animus
973 829 982 852 t
1014 815 1119 866 quod
1139 815 1264 853 multo
1284 815 1404 868 magis
1424 814 1537 853 faciet
1555 815 1637 867 post
1656 827 1762 852 mor-

381 887 474 923 tem,
517 892 608 917 cum
637 879 797 918 omnino
823 893 979 932 corpore
1012 879 1205 918 excesserit
1224 895 1233 918 :
1278 881 1406 932 itaque
1438 880 1764 933 appropinquante

379 953 503 981 morte
522 944 648 982 multo
667 943 719 981 est
737 944 915 983 divinior.
938 945 1043 983 Nam
1063 954 1101 982 et
1119 943 1285 998 idipsum
1303 945 1448 990 vident,
1465 946 1533 998 qui
1552 945 1639 983 sunt
1657 957 1763 983 mor-

381 1007 430 1046 bo
449 1009 552 1060 gravi
572 1017 609 1046 et
629 1008 828 1047 mortifero
857 1008 995 1054 affecti,
1025 1009 1158 1048 instare
1179 1019 1369 1048 mortem:
1400 1011 1527 1062 itaque
1545 1009 1606 1048 his
1626 1023 1763 1048 occur-

379 1081 469 1110 runt
483 1073 710 1126 plerumque
729 1075 914 1126 imagines
930 1083 1172 1112 mortuorum
1186 1092 1198 1118 ;
1221 1084 1382 1127 tumque
1402 1073 1461 1112 vel
1477 1075 1645 1112 maxime
1661 1075 1765 1112 laudi

379 1137 527 1176 student
541 1156 554 1182 ;
585 1138 722 1190 eosque
742 1139 810 1191 qui
833 1138 952 1183 secus,
985 1152 1102 1190 quam
1128 1138 1271 1183 decuit,
1301 1139 1492 1185 vixerunt,
1518 1147 1764 1192 peccatorum

380 1203 533 1242 suorum
552 1213 638 1242 tum
659 1204 826 1242 maxime
846 1204 1022 1256 poenitet.

433 1269 616 1307 Divinare
645 1278 774 1307 autem
793 1270 1011 1314 morientes,
1043 1270 1159 1308 etiam
1179 1270 1248 1309 illo
1266 1272 1445 1324 exemplo
1464 1271 1666 1310 confirmat
1687 1272 1763 1310 Po·-

379 1333 558 1379 fidonius,
580 1348 658 1387 quo
680 1334 802 1379 affert,
823 1333 1026 1373 Rhodium
1056 1335 1247 1387 quendam
1267 1337 1497 1375 morientem
1523 1337 1585 1375 sex
1604 1337 1763 1389 aequales

379 1399 599 1444 nominasse,
636 1409 674 1438 et
706 1399 850 1445 dixisse,
884 1401 952 1453 qui
985 1401 1134 1453 primus
1167 1414 1315 1446 eorum,
1355 1403 1423 1454 qui
1456 1402 1655 1446 secundus,
1695 1402 1764 1453 qui

377 1464 554 1517 deinceps
574 1466 783 1504 moriturus
802 1465 903 1503 effet.
946 1466 1016 1503 Sed
1050 1466 1172 1504 tribus
1192 1467 1317 1505 modis
1347 1467 1472 1505 censet
1492 1468 1668 1505 Deorum
1693 1480 1762 1518 ap-

377 1529 488 1580 pulsu
507 1529 684 1569 homines
703 1530 913 1568 somniare:
946 1544 1036 1575 uno,
1069 1531 1173 1582 quod
1191 1532 1394 1583 praevideat
1413 1533 1565 1570 animus
1585 1531 1663 1584 ipse
1696 1544 1764 1583 per

377 1593 462 1638 sese,
503 1595 647 1647 quippe
680 1595 747 1646 qui
782 1595 958 1633 Deorum
989 1596 1218 1647 cognatione
1254 1605 1425 1634 teneatur
1439 1616 1451 1641 ς
1496 1588 1626 1641 altero,
1659 1596 1764 1648 quod

375 1658 512 1711 plenus
531 1671 592 1696 aer
611 1658 655 1696 fit
674 1659 956 1697 immortalium
976 1659 1208 1705 animorum,
1224 1660 1263 1698 in
1281 1661 1423 1712 quibus
1443 1670 1625 1712 tanquam
1645 1661 1762 1713 infig—

375 1724 464 1761 nitae
498 1732 594 1775 nota:
628 1724 794 1760 veritatis
819 1733 1042 1774 appareant;
1074 1725 1200 1766 tertio,
1230 1723 1334 1774 quod
1363 1724 1430 1775 ipfi
1452 1725 1521 1761 Dii
1550 1737 1642 1761 cum
1672 1725 1761 1763 dor-

376 1787 586 1827 mientibus
608 1787 901 1838 colloquantur:
933 1786 1063 1838 idque,
1099 1796 1142 1824 ut
1175 1786 1291 1824 modo
1319 1787 1414 1832 dixi,
1449 1787 1600 1826 facilius
1634 1790 1760 1827 evenit

375 1853 704 1906 appropinquante
736 1861 873 1895 morte,
904 1860 946 1888 ut
972 1852 1090 1889 animi
1110 1850 1238 1889 futura
1256 1862 1500 1904 augurentur.
1546 1853 1607 1891 Ex
1627 1867 1706 1905 quo
1724 1865 1761 1892 et

375 1919 474 1956 illud
506 1919 558 1956 est
589 1917 736 1961 Calani,
763 1917 810 1954 de
843 1931 922 1969 quo
941 1926 1026 1955 ante
1057 1917 1151 1962 dixi,
1181 1927 1218 1955 et
1239 1919 1441 1956 Homerici
1465 1919 1656 1963 Hectoris,
1692 1921 1759 1972 qui

375 1985 543 2022 moriens
564 1983 819 2036 propinquam
840 1981 986 2021 Achilli
1009 1991 1173 2021 mortem
1192 1982 1404 2021 denuntiat.

431 2049 582 2087 XXXI.
615 2049 754 2100 Neque
783 2047 888 2085 enim
909 2047 1006 2085 illud
1027 2048 1186 2086 verbum
1208 2057 1349 2087 temere
1368 2048 1601 2087 consuetudo
1621 2063 1758 2102 appro-

376 2113 542 2156 bavisset,
565 2113 589 2150 si
609 2126 650 2150 ea
670 2126 724 2150 res
746 2112 849 2150 nulla
868 2111 955 2150 effet
975 2113 1135 2151 omnino
1152 2131 1164 2157 ;

512 2178 738 2231 Praestzgibat
758 2179 906 2222 animus,
914 2178 1063 2231 frustra
1082 2193 1133 2217 mc
1151 2179 1215 2223 irc,
1236 2193 1314 2218 cum
1332 2180 1460 2218 exirem
1479 2179 1584 2219 domo.

377 2245 502 2298 Sagire
530 2245 649 2289 enim,
681 2244 814 2282 sentire
835 2254 942 2283 acute
959 2245 1037 2289 est;
1068 2259 1114 2283 ex
1148 2259 1225 2298 quo
1256 2245 1346 2298 sagae
1375 2260 1481 2290 anus,
1512 2246 1600 2298 quia
1637 2247 1758 2285 multa

375 2311 466 2349 scire
486 2310 644 2354 volunt;
666 2319 703 2348 et
723 2310 866 2363 sagaces
882 2310 972 2348 dieti
987 2323 1110 2349 canes.
1134 2312 1169 2349 Is
1188 2311 1319 2363 igitur,
1337 2312 1404 2364 qui
1420 2322 1505 2350 ante
1522 2312 1627 2364 sagit,
1642 2326 1757 2364 quam

374 2375 500 2414 oblata
521 2389 575 2414 res
595 2375 661 2419 est,
683 2375 822 2413 dicitur
843 2375 1047 2428 praesagire,
1079 2376 1116 2413 id
1135 2376 1200 2420 est,
1229 2375 1356 2414 futura
1375 2387 1459 2415 ante
1480 2377 1625 2415 sentire.
1660 2378 1756 2415 Inest

375 2442 492 2494 igitur
513 2442 550 2478 in
572 2442 709 2478 animis
731 2440 940 2493 praesagitio
967 2441 1197 2479 extrinsecus
1218 2441 1367 2494 injecta,
1400 2453 1512 2495 atque
1533 2443 1673 2481 inclusa
1694 2443 1753 2480 di-

374 2507 530 2545 vinitus.
577 2507 632 2544 Ea
666 2507 690 2545 si
722 2507 852 2545 exarsit
883 2508 1017 2551 acrius,
1048 2506 1152 2547 furor
1182 2508 1405 2561 appellatur,
1438 2523 1529 2550 cum
1549 2523 1567 2546 a
1598 2522 1754 2562 corpore

375 2573 522 2613 animus
543 2572 744 2613 abstractus
764 2573 895 2613 divino
911 2573 1089 2613 instinctu
1109 2574 1334 2615 concitatur.
