2223 3003
370 378 404 408 P·

373 417 434 448 419
457 416 492 446 25
516 405 607 435 rursus
634 406 814 436 individuam
840 408 863 436 E
888 407 992 442 rursum
1014 407 1086 435 indi-

378 813 439 842 420

394 2203 449 2232 42¹

625 270 920 312 VARIAE
1005 271 1570 314 LECTIONES.

560 446 665 474 viduum

456 487 492 515 28
514 494 612 524 aptum
629 487 653 514 E
667 489 752 514 aetum

456 535 494 564 30
515 535 591 554 vera.
611 535 674 564 quae
689 525 715 561 4
729 532 842 561 utraque

454 581 493 588 —
515 574 580 593 cum
595 565 624 594 in
640 565 664 593 E
679 575 735 594 cum
750 565 778 601 4
792 568 821 592 in

457 615 494 643 32
515 604 542 633 se
556 605 579 633 E
585 605 642 642 stse

459 654 495 683 33
517 645 586 673 cieri
600 645 624 673 E
638 646 697 672 utri

459 694 497 722 34
518 684 615 712 omnia
630 685 653 712 E
668 685 695 712 d.

458 733 494 762 35
518 724 605 752 firmae
621 725 644 752 E
660 724 789 762 4firmat

456 779 497 786 -—
518 772 649 801 veraeque
663 764 686 792 E
703 772 814 801 veraque
826 763 853 797 4
865 771 928 790 vere
941 771 1000 799 que

481 813 492 832 1
517 804 591 832 Cum
607 804 629 831 E
644 803 754 840 Quando

457 859 498 867 —
517 843 623 872 eaedem
637 843 662 871 E
675 847 760 870 eadem

480 893 497 912 2
517 882 605 917 sensu,
627 883 673 911 sed
687 882 710 910 E
717 882 806 918 sensus
821 887 847 910 et

457 939 499 946 —
517 922 699 951 continentur
711 923 734 950 E
749 923 897 950 continetur

459 979 501 986 —
521 970 580 991 turn
593 962 783 1001 intelligentia

569 1003 633 1037 4d.

481 1044 498 1071 8
519 1041 782 1072 Ita—-convertit
797 1041 820 1070 E
829 1041 855 1076 4
867 1041 907 1068 vis
923 1046 1018 1068 natura
1032 1048 1090 1067 con-

568 1088 684 1111 verteret

461 1137 501 1145 —
521 1129 624 1151 terram
640 1122 662 1150 E
677 1128 749 1150 terra

484 1171 503 1200 9
524 1162 724 1191 circumveftio
739 1161 762 1188 E
777 1161 945 1199 circumjeltio

467 1211 477 1230 1
488 1211 498 1230 1
523 1202 662 1230 celeritati
675 1210 771 1239 parem
786 1201 808 1228 E
823 1201 966 1229 celet-itam
975 1203 1079 1236 partem

467 1251 477 1270 1
487 1251 502 1270 2
523 1251 614 1280 eaque

570 1281 724 1316 causationes

468 1329 478 1349 1
488 1330 502 1358 3
526 1321 576 1349 alii
591 1322 614 1349 E
627 1321 653 1355 4
667 1321 764 1357 aliique

463 1375 505 1383 —
523 1360 698 1398 viciffimque
711 1361 735 1388 E
749 1359 857 1396 vicifflm

464 1415 504 1422 —
524 1400 643 1428 fiderum
659 1400 682 1428 E
695 1400 722 1429 d.

469 1449 479 1468 ι
488 1450 507 1475 4
527 1440 677 1468 collocatio
692 1439 715 1466 E
729 1439 847 1467 collocata

471 1479 506 1508 16
527 1489 612 1517 quam
630 1479 653 1507 E
667 1479 733 1516 quod

470 1528 504 1554 ¹7
528 1519 752 1557 unumquodque
765 1518 788 1546 E
803 1517 830 1552 4
843 1518 882 1545 ibi
894 1517 1002 1555 quidque

470 1568 480 1587 1
491 1561 506 1588 8
529 1568 545 1587 e
560 1559 582 1587 E
598 1568 632 1586 ex

470 1608 506 1636 19
525 1597 691 1636 corporibus
706 1597 729 1625 Ε
744 1599 867 1635 corporeis

470 1648 502 1668 21
529 1647 589 1667 tum
600 1639 624 1667 E
639 1639 664 1672 4
679 1644 741 1665 tunc

469 1688 505 1708 22
526 1678 557 1707 in
571 1687 663 1716 eoque
677 1677 812 1706 haerentia
830 1678 854 1706 E
868 1679 894 1712 4
916 1678 944 1704 in
961 1685 1039 1712 eaque
1054 1677 1096 1702 in-

577 1718 708 1746 berentia

471 1767 506 1794 23
530 1757 678 1786 lustrarent
692 1758 715 1785 E
727 1757 882 1794 lustrat-erit

471 1807 509 1832 24
527 1806 594 1826 vero
610 1797 691 1825 unius
705 1797 728 1825 E
740 1799 809 1835 tujm
824 1797 849 1831 4
864 1798 940 1824 unius

473 1847 506 1875 25
529 1848 562 1866 ea
578 1837 600 1865 E
616 1845 640 1864 et
655 1847 671 1863 a

469 1891 510 1899 —
529 1877 606 1905 vinci
620 1877 643 1904 E
656 1877 772 1915 aajunt'ti

472 1926 509 1953 27
531 1917 641 1945 Helicis
658 1917 681 1945 E
697 1916 723 1951 4
730 1916 869 1953 felicitate

469 1971 511 1978 —
529 1957 712 1985 vertebantur
726 1956 748 1984 E
763 1957 881 1984 vomebat
894 1956 920 1991 4
933 1956 1053 1984 vertebat

471 2011 510 2018 —-
535 2006 619 2034 quam
634 1996 656 2024 E
671 1997 697 2030 4
711 1999 771 2032 quia

474 2038 510 2065 28
531 2036 669 2065 contrarie
685 2035 708 2063 E
723 2038 856 2064 tontraria

475 2085 513 2112 30
532 2086 595 2114 quae
609 2076 639 2104 in
653 2076 709 2104 istis
724 2076 748 2109 4
759 2085 819 2113 quae
835 2079 862 2104 in

476 2124 507 2152 3¹
533 2115 657 2144 declaret
674 2116 697 2143 E
713 2114 739 2151 4
753 2116 897 2144 dcclararet

476 2164 512 2192 33
535 2155 631 2183 doceri
648 2155 671 2182 E
687 2158 769 2182 nocer-i

499 2204 508 2222 1
534 2203 664 2232 generata
678 2194 700 2222 E
711 2202 849 2230 generatas

495 2234 513 2263 6
535 2234 756 2263 commetiuntur
772 2235 795 2263 E
811 2236 1023 2262 commentiuntur

495 2276 511 2302 8
535 2274 668 2312 praeditos
682 2273 705 2301 E
719 2273 745 2308 4
756 2275 898 2311 praeditum

478 2323 508 2342 ιι
534 2315 656 2351 denique
671 2315 694 2342 E
709 2315 806 2341 demum

474 2369 515 2376 -
535 2353 669 2382 contestis
684 2353 738 2382 suis
751 2354 774 2382 E
788 2353 971 2390 confellifflmis

478 2402 512 2422 12
533 2402 657 2431 cumque
673 2394 696 2421 E
712 2394 836 2431 Quaque

478 2442 515 2469 14
536 2435 562 2461 fe
577 2433 600 2462 E
613 2433 640 2468 4
653 2433 679 2462 d.

479 2482 488 2500 ι
498 2482 514 2508 7
536 2481 629 2502 ortum
646 2473 668 2501 E
682 2479 802 2502 exortum

478 2515 513 2542 18
535 2513 679 2544 effinxerat
693 2513 717 2544 E
731 2513 886 2552 etfinxerat

474 2552 562 2583 Tou.
575 2552 629 2583 111.

879 960 930 989 illa
945 959 1048 999 septem
1064 959 1088 987 E

696 1240 722 1269 se
737 1241 760 1269 E
772 1241 798 1274 4
812 1241 899 1277 easque
912 1242 982 1268 inter
988 1238 1018 1275 se
1033 1247 1093 1266 con-

1139 417 1193 445 42¹
1225 416 1260 445 ¹9
1281 407 1358 437 intus
1373 407 1438 443 411¹.

1221 457 1259 484 24
1278 456 1306 476 et
1320 448 1425 476 aerium
1441 447 1464 475 E
1479 447 1610 477 ethereum

1221 496 1255 525 25
1279 488 1402 524 aquatile
1418 488 1441 515 E
1457 487 1483 522 4
1497 489 1523 516 d.

1221 528 1258 556 26
1281 527 1320 554 ita
1335 535 1365 554 ut
1379 528 1403 555 E
1417 533 1447 554 ut
1460 533 1486 554 et

1224 575 1258 602 ²7
1281 566 1412 603 Cumque
1435 566 1457 594 E
1481 577 1586 604 cumque
1604 570 1672 597 enim
1692 567 1719 605 4
1734 569 1849 608 Cumque

1325 616 1381 633 lum

1221 659 1261 667 —
1281 645 1467 674 universitatis
1481 646 1503 673 E
1515 646 1541 679 4
1555 647 1672 682 univetfi

1220 699 1260 707 —
1281 693 1386 713 naturae
1402 685 1424 713 Ε
1440 684 1466 720 4
1477 692 1574 713 natura

1225 726 1260 752 28
1283 724 1424 768 sapientiae
1446 734 1532 762 quam
1555 726 1578 754 E
1593 727 1801 766 sapientiamque
1821 726 1850 765 4

1321 767 1504 801 sapientiaque

1224 812 1260 841 ²9
1280 803 1376 832 effecit
1390 803 1413 831 E
1426 804 1503 839 efficit

1222 858 1262 864 —
1281 843 1380 871 caelum
1398 844 1420 871 E
1435 852 1506 871 orme
1518 844 1610 873 caelum

1226 891 1261 918 30
1281 883 1334 910 hac
1350 883 1373 910 E
1385 882 1412 917 4
1423 883 1449 911 d.

1226 931 1260 958 32
1282 932 1362 960 aeque
1376 923 1398 950 E
1410 923 1435 957 4
1449 923 1478 950 de
1492 933 1538 961 quo

1227 970 1261 998 33
1285 962 1313 989 in
1326 962 1460 990 omnibus
1477 963 1499 990 E
1514 963 1626 991 omnibus

1224 1016 1263 1022 —
1284 1002 1418 1030 celeraret
1432 1002 1456 1030 E
1471 1002 1497 1039 φ
1513 1003 1606 1030 celaret

1223 1055 1263 1061 —-
1285 1041 1402 1069 alterurn
1419 1041 1442 1069 E
1456 1042 1481 1070 d.

1225 1095 1264 1101 -—
1285 1082 1407 1108 anticam
1423 1082 1447 1109 E
1461 1082 1575 1118 aliquam
1589 1081 1616 1118 4
1629 1085 1764 1121 antiquam

1229 1129 1267 1156 34
1289 1120 1426 1158 Qinque
1444 1121 1466 1148 E
1482 1121 1604 1159 :Quidque

1147 1169 1204 1195 422
1251 1168 1260 1186 1
1287 1167 1380 1187 autem
1396 1160 1419 1187 E
1433 1161 1456 1188 d.

1225 1214 1266 1220 -
1286 1209 1351 1227 eum
1367 1199 1390 1227 E
1405 1201 1473 1227 enim

1225 1253 1266 1259 —
1285 1247 1428 1276 expertem
1444 1240 1466 1268 E
1481 1245 1507 1266 et
1520 1246 1648 1277 expertem
1662 1247 1688 1269 et

1250 1288 1262 1315 ς
1286 1279 1419 1307 mutabili
1433 1280 1456 1307 E
1472 1281 1636 1308 mutabiliter
1649 1291 1706 1309 cum

1249 1321 1265 1346 8
1287 1327 1436 1356 corporum
1453 1319 1475 1347 E
1491 1319 1518 1353 4
1531 1320 1633 1348 deorum
1648 1322 1758 1350 omnium

1248 1368 1266 1395 9
1288 1358 1474 1396 gignerentur
1488 1360 1511 1387 E
1515 1361 1698 1397 jungerentur

1227 1413 1268 1419 -
1287 1399 1309 1426 F
1311 1398 1436 1426 lexiones
1451 1398 1473 1426 E
1488 1399 1514 1433 4
1528 1399 1666 1428 Fluxr'ones

1232 1446 1267 1466 ιο
1287 1447 1406 1476 quaeque
1419 1439 1445 1473 4
1457 1448 1563 1476 quorum

1227 1492 1268 1498 —
1288 1478 1540 1517 anteceffionesque
1553 1479 1576 1507 E
1592 1488 1698 1518 quaeque
1714 1480 1857 1519 antecefflo-

1336 1528 1379 1545 net

1234 1568 1264 1587 11
1291 1567 1336 1586 eos
1354 1559 1376 1585 E
1393 1567 1477 1585 eorum

1233 1608 1242 1626 1
1252 1608 1267 1627 2
1289 1598 1429 1626 contraria
1443 1599 1466 1626 E
1482 1596 1509 1633 4
1522 1601 1702 1638 contrariaque

1229 1653 1270 1661 —-
1290 1637 1422 1666 labantur
1437 1638 1459 1665 E
1475 1637 1502 1672 4
1516 1639 1641 1667 labuntur

1233 1688 1242 1706 1
1253 1688 1266 1715 3
1290 1677 1448 1715 quibusque
1462 1678 1484 1706 E
1500 1681 1592 1715 quique
1604 1679 1630 1714 4
1643 1680 1746 1718 quisque

1235 1728 1270 1754 ¹4
1291 1725 1424 1745 terrorem
1438 1718 1463 1752 4
1477 1727 1590 1746 errorem

1229 1772 1270 1779 -
1291 1757 1308 1785 fi
1326 1759 1348 1785 E
1356 1758 1407 1793 ſsd

1235 1808 1267 1836 ¹3
1291 1797 1341 1825 sub
1353 1797 1442 1825 oculis
1458 1797 1480 1825 E
1495 1798 1520 1832 4
1536 1798 1563 1825 ab
1578 1798 1660 1826 oculor

1232 1848 1267 1875 23
1290 1838 1355 1865 viris
1373 1838 1393 1864 E
1407 1839 1433 1865 d.

1230 1893 1270 1899 —-
1291 1877 1455 1915 progeniem
1472 1877 1495 1904 E
1511 1887 1524 1905 e
1533 1880 1652 1914 progenie·
1664 1877 1689 1913 4
1701 1877 1730 1906 de
1740 1879 1861 1916 progenie

1233 1919 1270 1947 26
1291 1917 1394 1945 habere
1410 1917 1431 1944 E
1445 1917 1552 1944 baberet

1230 1973 1271 1979 -
1291 1957 1695 1995 quanquam—rationibus
1711 1958 1734 1986 E
1749 1959 1860 1986 omnibus

1235 2007 1271 2035 27
1293 1997 1366 2025 ratio
1379 1997 1404 2031 4
1418 2000 1498 2026 oratio

1231 2052 1273 2059 --
1294 2036 1338 2064 sed
1357 2037 1378 2064 E
1394 2037 1419 2064 d.

1234 2093 1272 2098 —-
1292 2077 1361 2114 quia
1375 2077 1396 2104 E
1411 2080 1456 2113 qui

1237 2118 1272 2145 28
1296 2116 1352 2154 legi
1370 2117 1391 2144 E
1408 2118 1465 2152 rcgi

1237 2166 1274 2193 30
1296 2156 1405 2184 dicatur
1421 2157 1442 2183 E
1458 2156 1566 2183 ducatur

1238 2205 1269 2233 3¹
1297 2196 1425 2233 Phorcyn
1441 2196 1463 2223 E
1478 2196 1504 2230 4
1515 2196 1540 2224 d.

1238 2246 1272 2273 32
1293 2243 1377 2273 atque
1393 2236 1414 2264 E
1428 2242 1453 2262 ct

1235 2291 1276 2296 —
1297 2285 1365 2313 quos
1381 2276 1401 2303 E
1418 2276 1442 2310 4
1455 2275 1480 2302 d.

1239 2324 1274 2352 33
1299 2313 1422 2352 usurpari
1441 2322 1469 2342 et
1491 2314 1630 2352 appellari
1650 2315 1674 2349 4
1695 2314 1817 2352 usurpare
1838 2321 1863 2342 et

1342 2354 1471 2390 appellare

1156 2403 1213 2432 423
1261 2403 1271 2422 1
1297 2393 1479 2422 ostenduntur
1493 2393 1516 2421 E
1530 2393 1555 2427 4
1566 2393 1591 2425 se
1603 2394 1733 2429 ostendunt

1259 2444 1273 2462 2
1296 2433 1476 2462 declarantur
1490 2433 1513 2460 E
1528 2433 1646 2461 celantur

1235 2488 1277 2496 —
1296 2473 1390 2511 quoad
1405 2473 1431 2506 4
1445 2483 1492 2510 quo

1259 2523 1273 2551 3
1296 2513 1392 2542 omnia
1407 2514 1430 2542 E
1446 2514 1526 2542 omnis

1531 2552 1559 2582 X
1572 2561 1591 2581 x
1602 2560 1621 2581 x
1644 2562 1660 2582 2
