2223 3003
749 323 1026 363 LIBER
1090 324 1453 363 PRIMUS.
1727 338 1802 380 203

402 431 440 460 et
460 423 558 460 redte
578 421 716 476 placet,
747 423 865 461 modo
897 436 944 460 ne
964 423 1160 461 laudarent
1191 423 1444 468 iracundiam,
1477 431 1515 462 et
1534 422 1705 462 dicerent
1725 424 1806 462 uti-

403 488 490 526 liter
511 502 531 525 a
550 498 684 526 natura
703 488 844 526 datam.
879 488 950 525 Illa
969 501 1056 525 vero
1076 489 1260 527 omnibus
1281 490 1320 527 in
1342 489 1454 527 rebus
1476 489 1708 542 repudianda
1732 489 1805 533 est5

402 555 708 606 optandumque,
741 562 784 591 ut
805 553 846 597 ii,
874 553 943 604 qui
964 553 1129 605 praesunt
1149 554 1384 606 reipublicae,
1407 556 1537 608 legum
1559 555 1698 594 fimiles
1720 555 1806 601 sint,

403 633 489 673 quae
511 621 557 658 ad
575 619 818 673 puniendum
839 631 918 656 non
938 618 1148 663 iracundia,
1170 619 1232 656 sed
1253 620 1444 671 aequitate,
1464 621 1674 660 ducuntur.

458 687 610 724 XXVI.
634 687 766 736 Atque
786 685 903 722 etiam
923 685 964 722 in
985 684 1097 722 rebus
1118 685 1319 738 prosperis,
1339 695 1377 724 et
1397 687 1443 724 ad
1459 687 1697 726 voluntatem
1720 687 1807 726 nos-

403 760 503 790 tram
523 751 747 796 fluenfibus,
765 750 997 803 superbiam,
1013 749 1224 797 fastidium,
1242 753 1576 805 arrogantiamque
1596 767 1809 807 magnope-

404 831 444 856 re
463 816 673 870 fugiamus.
694 817 801 856 Nam
822 826 865 855 ut
883 817 1048 856 adversas
1069 831 1141 863 res,
1163 817 1212 856 fic
1231 818 1411 857 secundas
1432 818 1684 858 immoderate
1698 818 1810 864 ferre,

404 883 569 922 levitatis
599 883 652 922 est
666 901 678 929 3
710 883 964 937 praeclaraque
993 883 1046 922 est
1066 885 1303 937 aequabilitas
1335 885 1375 924 in
1395 886 1506 924 omni
1525 885 1616 931 vita,
1649 894 1687 924 et
1706 885 1812 923 idem

404 949 551 1004 semper
581 950 726 995 vultus,
758 950 970 1004 eademque
989 949 1109 997 frons,
1143 960 1187 990 ut
1205 952 1252 990 de
1272 952 1437 998 Socrate,
1468 952 1564 991 item
1585 952 1632 990 de
1652 952 1701 990 C.
1723 952 1812 990 Lae·

404 1015 473 1060 lio,
495 1017 728 1069 accepimus.
761 1015 993 1070 Philippum
1023 1017 1197 1070 quidem,
1230 1017 1498 1057 Macedonum
1519 1031 1662 1071 regem,
1699 1017 1812 1056 rebus

405 1082 519 1136 gestis
551 1093 589 1121 et
607 1084 729 1136 gloria
748 1083 967 1136 superatum
987 1097 1008 1122 a
1027 1084 1110 1123 filio
1124 1104 1137 1130 5
1169 1084 1354 1123 facilitate
1376 1094 1415 1123 et
1433 1084 1674 1123 humanitate
1703 1083 1816 1122 video

406 1149 641 1202 superiorem
662 1149 784 1188 fuiffe.
809 1150 944 1202 Itaque
964 1150 1059 1188 alter
1077 1151 1224 1204 semper
1242 1164 1422 1205 magnus,
1443 1152 1537 1190 alter
1556 1151 1652 1204 saepe
1671 1149 1815 1204 turpis-

407 1215 524 1254 fimus
544 1215 622 1254 fuit
637 1235 649 1261 5
683 1225 726 1254 ut
746 1218 843 1254 reste
862 1217 1066 1270 praecipere
1085 1218 1299 1263 videantur,
1321 1218 1391 1270 qui
1411 1226 1586 1263 monent,
1608 1226 1652 1256 ut
1671 1224 1817 1270 quanto

406 1281 617 1334 superiores
638 1281 783 1327 sumus,
805 1290 912 1320 tanto
932 1295 1001 1321 nos
1021 1296 1199 1336 geramus
1220 1282 1469 1322 summiffius.
1515 1282 1705 1322 Panaetius
1726 1282 1815 1334 qui-

407 1347 499 1386 dem
519 1347 753 1386 Africanum
773 1348 1002 1395 auditorem,
1033 1358 1072 1389 et
1092 1348 1324 1388 familiarem
1344 1349 1471 1396 suum,
1504 1348 1662 1388 solitum
1682 1348 1735 1386 ait
1755 1348 1816 1386 di-

409 1427 507 1460 cere,
538 1424 582 1453 ut
610 1428 745 1467 equos,
780 1424 937 1468 propter
965 1415 1113 1455 crebras
1133 1416 1402 1455 contentiones
1427 1415 1655 1469 proeliorum
1675 1413 1816 1453 feroci·-

409 1489 488 1518 tate
520 1481 765 1526 exsultantes,
796 1482 1055 1521 domitoribus
1076 1482 1222 1521 tradere
1239 1482 1398 1528 soleant,
1431 1491 1476 1521 ut
1493 1481 1556 1522 his
1576 1481 1817 1521 facilioribus

412 1546 552 1598 poffint
572 1547 629 1584 uti
644 1564 657 1590 5
689 1547 739 1584 fic
768 1546 945 1586 homines
972 1548 1146 1587 secundis
1165 1549 1278 1588 rebus
1296 1547 1513 1594 effrenatos,
1545 1548 1694 1600 fibique
1719 1560 1818 1600 prae-

413 1611 588 1657 fidentes,
620 1621 806 1664 tanquam
836 1613 876 1651 in
896 1627 1038 1665 gyrum
1065 1615 1223 1653 rationis
1243 1625 1282 1653 et
1311 1615 1493 1653 doetrinae
1518 1614 1610 1653 duci
1629 1621 1819 1666 oportere,

413 1687 457 1716 ut
476 1677 731 1731 perspicerent
750 1691 879 1718 rerum
899 1677 1159 1718 humanarum
1179 1675 1510 1725 imbecillitatem,
1522 1679 1820 1732 varietatemque

412 1743 591 1784 fortunae.

468 1813 603 1864 Atque
622 1811 739 1850 etiam
760 1811 799 1849 in
821 1811 1098 1851 secundiffimis
1119 1813 1231 1851 rebus
1251 1813 1424 1852 maxime
1441 1813 1495 1852 est
1514 1812 1705 1852 utendum
1723 1825 1820 1852 con-

413 1877 497 1916 filio
517 1878 749 1922 amicorum,
769 1875 905 1929 hisque
924 1879 1045 1930 major
1064 1879 1196 1923 etiam,
1229 1892 1348 1931 quam
1375 1888 1476 1923 ante,
1506 1877 1710 1916 tribuenda
1727 1890 1821 1915 auc·-

412 1944 570 1982 toritas:
601 1942 816 1994 iisdemque
849 1943 1091 1996 temporibus
1125 1944 1339 1982 cavendum
1367 1943 1434 1989 est,
1467 1957 1515 1983 ne
1534 1943 1821 1982 assentatoribus

413 2007 688 2062 patefaciamus
709 2021 830 2054 aures,
861 2022 933 2047 nec
953 2008 1097 2048 adulari
1128 2023 1198 2048 nos
1218 2010 1384 2048 sinamus
1401 2028 1412 2055 5
1444 2010 1485 2048 in
1510 2023 1588 2062 quo
1606 2008 1690 2047 falli
1709 2007 1824 2048 facile

415 2075 482 2113 est.
514 2075 628 2114 Tales
658 2075 765 2113 enim
785 2088 855 2114 nos
876 2085 969 2114 tunc
1000 2075 1071 2114 effe
1100 2086 1298 2129 putamus,
1329 2085 1373 2114 ut
1399 2076 1487 2128 jure
1516 2076 1743 2114 laudemur:
1775 2089 1824 2114 ex

416 2154 496 2194 quo
515 2141 721 2179 nascuntur
740 2141 1038 2180 innumerabilia
1058 2151 1225 2194 peccata,
1257 2155 1350 2180 cum
1371 2140 1566 2186 homines,
1592 2140 1717 2179 inflati
1736 2141 1823 2193 opi-

418 2207 614 2252 nionibus,
645 2207 810 2259 turpiter
829 2207 1050 2252 irridentur,
1082 2217 1120 2245 et
1140 2208 1180 2245 in
1200 2207 1384 2245 maximis
1404 2207 1597 2246 versantur
1615 2207 1822 2246 erroribus.

417 2274 490 2312 Sed
510 2273 592 2312 haec
613 2273 774 2326 quidem
794 2271 990 2311 haCtenus.

473 2340 579 2379 Illud
598 2349 728 2378 autem
748 2339 797 2378 fic
819 2339 871 2378 est
884 2339 1157 2392 judicandum,
1188 2339 1377 2382 maximas
1396 2341 1477 2395 geri
1502 2354 1573 2387 res,
1603 2350 1641 2379 et
1660 2340 1825 2380 maximi

417 2407 541 2445 animi
570 2407 617 2445 ab
648 2407 709 2452 iis,
741 2407 811 2460 qui
831 2406 1061 2460 respublicas
1091 2416 1235 2460 regant,
1266 2407 1372 2460 quod
1398 2422 1528 2447 earum
1548 2407 1826 2446 administratio

420 2472 598 2511 latiffime
629 2482 769 2526 pateat,
800 2473 847 2512 ad
877 2473 1142 2527 plurimosque
1175 2474 1374 2527 pertineat.
1426 2475 1512 2513 Effe
1532 2484 1661 2513 autem
1693 2472 1825 2525 magni

422 2538 557 2583 animi,
587 2549 625 2577 et
658 2539 767 2578 fuisse
796 2541 942 2579 multos
974 2541 1092 2578 etiam
1123 2540 1164 2578 in
1185 2540 1262 2578 vita
1281 2541 1411 2586 otiosa,
1447 2542 1515 2594 qui
1536 2550 1600 2579 aut
1621 2540 1823 2591 investiga-

422 2613 520 2649 rent,
560 2613 627 2643 aut
659 2616 888 2645 conarentur
922 2620 1060 2660 magna
1091 2606 1281 2660 quaedam,
1322 2606 1472 2659 seseque
1510 2607 1662 2645 suarum
1698 2616 1825 2643 rerum

1402 2672 1521 2710 Cc2
