2223 3003
701 222 1302 263 FRAGMENTA.
1623 241 1700 281 403

903 286 918 300 .

309 321 424 363 Nox.
448 321 520 362 Ubi
529 321 716 375 genitivus
726 332 798 377 pro
815 324 1010 378 ablativa]
1041 324 1094 363 Et
1113 325 1182 377 qui
1199 326 1387 378 expediat,
1407 324 1547 378 pendet
1567 325 1700 370 animi,

362 387 455 440 quia
473 386 634 440 semper,
656 389 751 441 quid
770 388 948 427 futurum
969 390 1026 435 fit,
1047 390 1241 428 incertum
1261 390 1327 428 est.

309 451 425 491 NON.
452 452 761 507 Noxz'aanoxaq
807 455 860 492 Et
893 455 1037 493 caeteris
1068 454 1229 507 quidem
1260 455 1300 493 in
1330 456 1457 500 rebus,
1491 455 1532 494 in
1564 455 1704 508 quibus

362 528 516 570 peccata
534 532 612 557 non
632 520 802 558 maxima
819 519 964 565 insunt,
986 520 1118 559 noxias
1137 529 1267 558 tamen
1286 520 1472 560 inferunt.

310 581 429 621 Non.
451 585 666 638 Equuleus]
711 586 770 623 Ut
788 585 906 638 igitur
925 585 1132 624 domitores
1163 598 1353 638 equorum
1379 600 1455 624 non
1475 587 1628 624 verbera
1646 585 1705 624 so-

362 648 447 686 lum
466 647 652 686 adhibent
667 649 719 687 ad
736 650 990 695 domandum,
1016 650 1079 688 sed
1098 650 1233 688 cibum
1252 651 1369 689 etiarn
1390 649 1632 696 subtrahunt,
1665 659 1709 689 ut

362 711 468 752 fame
485 714 708 753 debilitetur
726 714 982 767 equuleorum
1003 715 1118 753 nimis
1139 715 1328 753 effraenata
1346 716 1417 753 vis.

311 778 430 817 Non.
452 778 648 833 Lentum.]
679 779 776 832 Qi,
807 794 900 819 curn
919 779 1096 834 publicas
1116 780 1272 833 injurias
1294 780 1396 818 lente
1416 779 1573 825 tulisset,
1604 779 1709 818 suam

363 857 443 883 non
462 844 568 884 tulit.

309 909 430 950 Nou.
452 911 679 964 Continens.]
701 912 746 951 ln
765 911 1055 952 continentibus
1075 911 1235 965 quidem
1255 911 1362 951 terris
1382 912 1548 951 vestrum
1568 925 1710 951 nomen

363 976 515 1016 dilatari
534 977 671 1030 potest.

311 1041 432 1081 Non.
455 1043 667 1096 Cotficere]
698 1044 755 1081 Ea
774 1042 936 1082 facultas
957 1043 1091 1083 nostris
1111 1043 1321 1096 majoribus
1341 1052 1434 1090 erat,
1464 1043 1533 1096 qui
1553 1041 1710 1082 confec-

365 1107 416 1146 tis
436 1107 783 1148 senatusconsultis.

313 1172 430 1213 NON.
451 1175 587 1229 Acre.]
623 1176 648 1202 ἕξ
682 1175 789 1228 quod
821 1174 974 1213 alterius
1006 1174 1209 1228 ingenium
1239 1174 1289 1213 fic
1322 1174 1451 1219 dulce,
1486 1183 1530 1212 ut
1561 1182 1715 1213 acetum

367 1241 602 1293 AEgyptium
614 1259 627 1287 ς
658 1241 812 1280 alterius
833 1240 883 1280 fic
903 1254 1002 1286 acre,
1023 1250 1068 1279 ut
1086 1240 1166 1279 mel
1187 1240 1441 1292 Hymettium
1460 1239 1642 1279 dicimus

312 1305 430 1345 NON.
451 1306 592 1360 Fides.]
624 1306 816 1346 Ponendae
835 1306 923 1345 sunt
942 1306 1050 1352 fides,
1072 1315 1111 1344 et
1131 1306 1249 1345 tibiae.

313 1371 430 1411 Non.
453 1373 659 1426 Severum]
690 1372 813 1411 Aliud
831 1386 880 1411 ex
899 1373 1000 1411 filvis
1020 1372 1192 1411 severum
1213 1380 1251 1409 et
1271 1370 1386 1409 triste.

315 1437 432 1476 Non.
452 1435 602 1491 Tenue]
624 1437 806 1477 Eundem
826 1439 933 1477 enim
952 1453 1031 1477 non
1051 1438 1169 1477 modo
1188 1451 1235 1476 ex
1253 1435 1441 1475 mediocri
1460 1434 1635 1489 pecunia,
1657 1433 1720 1473 sed

370 1503 488 1540 etiam
507 1515 555 1540 ex
577 1503 697 1547 tenui,
719 1504 913 1555 percipere
932 1503 1097 1555 possum.

316 1567 431 1607 NoN.
454 1567 603 1606 Priores
620 1582 645 1605 a
663 1567 880 1620 Primores]
912 1567 994 1618 Qi
1024 1567 1144 1605 iidem
1171 1566 1296 1605 nescio
1315 1566 1424 1619 quid,
1453 1565 1557 1617 quod
1577 1565 1617 1602 in
1637 1565 1718 1617 pri-

371 1631 544 1672 moribus
564 1631 722 1678 habent,
743 1641 787 1671 ut
805 1632 927 1678 aiunt,
948 1632 1077 1670 labris.

318 1699 433 1737 Nox.
457 1697 690 1751 subducem]
721 1700 746 1724 *⁵
767 1711 846 1736 non
879 1706 917 1736 et
950 1697 1027 1736 fine
1057 1710 1100 1734 ea
1118 1696 1351 1750 cogitatione
1377 1693 1554 1734 ineundis
1574 1694 1719 1749 subdu-

372 1763 577 1817 cendisqne
596 1764 822 1803 rationibus.

319 1831 373 1870 D.
395 1832 514 1870 Auo.
533 1830 596 1869 lib,
621 1843 679 1869 1v.
703 1839 831 1870 contra
852 1823 1073 1883 Pelagium]
1105 1829 1168 1867 Ex
1185 1827 1327 1880 quibus
1346 1826 1526 1865 humanae
1546 1826 1633 1863 vitae
1659 1838 1720 1863 er-

374 1896 523 1935 roribus
543 1906 582 1934 et
601 1896 780 1935 aerumnis
801 1895 859 1941 fit,
891 1905 934 1933 ut
954 1895 1150 1934 interdum
1170 1902 1312 1932 veteres
1336 1893 1395 1931 illi
1416 1892 1490 1930 five
1509 1900 1626 1936 vateS,
1648 1891 1721 1929 five

374 1963 415 2002 in
436 1962 546 2001 sacris
566 1961 762 2016 initiisque
783 1962 974 2000 tradendis
994 1961 1133 2000 divinae
1153 1960 1293 1999 mentis
1311 1960 1547 2012 interpretes,
1569 1958 1637 2010 qui
1654 1970 1721 1995 nos

376 2029 427 2067 ob
447 2029 574 2081 aliqua
594 2028 731 2067 scelera
751 2027 920 2080 suscepta
940 2029 981 2065 in
1001 2027 1078 2065 vita
1098 2026 1300 2079 superiore,
1333 2036 1534 2077 poenarum
1560 2022 1721 2060 luenda-

377 2107 463 2131 rum
485 2095 593 2132 causa
612 2104 720 2133 natos
740 2093 812 2132 esse
835 2094 1028 2138 dixerunt,
1058 2091 1206 2144 aliquid
1235 2089 1365 2127 vidiffe
1395 2088 1595 2126 videantur
1609 2106 1621 2132 ;
1653 2101 1721 2125 ve-

377 2171 543 2211 rumque
562 2158 606 2196 fit
626 2159 737 2203 illud,
759 2159 864 2209 quod
879 2158 931 2194 est
950 2157 1051 2209 apud
1072 2154 1330 2199 Aristotelem,
1348 2153 1463 2191 simili
1483 2166 1552 2192 nos
1568 2152 1722 2192 affectos

377 2223 449 2262 esse
480 2223 683 2277 supplici0,
715 2232 829 2274 atque
861 2234 939 2266 eos,
970 2221 1039 2273 qui
1059 2219 1270 2272 quondam,
1303 2233 1395 2258 cum
1426 2219 1468 2257 in
1497 2219 1723 2272 praedonum

376 2289 630 2329 Etruscorum
652 2302 786 2328 manus
806 2286 1036 2333 incidissent,
1057 2285 1280 2326 crudelitate
1299 2286 1515 2339 excogitata
1533 2285 1723 2324 necaban-

379 2365 465 2402 tur;
484 2370 652 2410 quorum
663 2368 822 2409 corpora
838 2355 921 2392 viva
929 2366 1024 2392 cum
1038 2353 1215 2399 mortuis,
1225 2351 1376 2391 adversa
1391 2352 1550 2390 adverfis
1566 2365 1723 2390 accom-

381 2422 546 2468 modata,
560 2437 679 2476 quarn
697 2422 886 2476 aptiffime
902 2420 1204 2475 colligabantur:
1225 2420 1278 2458 ita
1298 2418 1442 2458 nostros
1462 2419 1611 2457 animos
1631 2431 1722 2458 cum

382 2489 605 2542 corporibus
624 2489 838 2544 copulatos,
861 2499 904 2529 ut
922 2489 1029 2529 vivos
1047 2501 1140 2529 cum
1160 2487 1325 2528 mortuis
1339 2485 1411 2524 effe
1429 2487 1670 2540 conjunctos.

1261 2554 1296 2593 E
1317 2567 1337 2592 e
1356 2566 1376 2592 e
1399 2565 1420 2591 2
