2223 3003
416 232 496 272 190
803 212 915 251 'DE
985 207 1412 248 oFF10115

413 315 611 371 dignitatis
626 333 636 359 ;
668 314 708 351 in
729 323 807 363 quo
827 318 864 347 et
884 319 1010 346 mores
1030 307 1110 358 ejus
1131 314 1244 343 erunt
1264 303 1468 358 speetandi,
1489 302 1531 342 in
1551 315 1669 356 quem
1688 305 1808 344 bene-

414 385 549 423 ficium
581 378 811 420 conferetur,
841 384 879 412 et
910 373 1060 411 animus
1085 385 1178 424 erga
1209 384 1294 416 nos,
1324 380 1364 408 et
1382 370 1643 409 communitas
1674 383 1717 408 ac
1747 371 1808 410 so-

414 452 529 488 cietas
551 447 650 488 vine,
680 441 783 480 etad
817 439 957 478 nostras
992 438 1177 477 utilitates
1209 437 1337 477 officia
1362 446 1447 476 ante
1467 436 1631 476 collata:
1663 450 1748 489 quae
1768 444 1813 475 ut

414 519 642 553 concurrant
662 508 806 552 omnia,
838 505 1007 560 optabile
1027 505 1106 550 est;
1138 505 1192 543 fin
1209 505 1354 550 mium,
1390 504 1516 558 plures
1548 502 1666 543 causae
1686 504 1810 556 majo-

413 579 545 631 resque
566 576 743 631 ponderis
764 573 850 627 plus
870 571 1084 611 habebunt.

468 645 559 684 XV.
594 641 793 694 Qoniam
813 649 942 678 autem
973 639 1115 678 vivitur
1134 652 1211 677 non
1238 651 1330 677 cum
1361 635 1538 691 pei-festis
1569 635 1812 681 hominibus,

414 712 602 765 pleneque
621 706 867 761 sapientibus,
899 704 961 744 sed
980 718 1074 744 cum
1093 705 1154 750 iis,
1185 705 1226 750 'm
1258 704 1400 757 quibus
1431 703 1606 757 praeclare
1627 703 1766 756 agitur,
1787 701 1815 739 fi

415 778 503 817 sunt
523 775 721 816 simulacra
751 773 902 811 virtutis
919 790 931 817 ς
963 772 1081 810 etiam
1111 770 1187 810 hoc
1217 771 1515 823 intelligendum
1544 778 1654 823 puto,
1685 769 1814 807 nemi-

413 858 506 883 nem
541 842 703 881 omnino
732 839 802 878 effe
834 837 1125 891 negligendum,
1156 838 1197 875 in
1224 851 1303 890 quo
1333 837 1462 890 aliqua
1480 835 1706 890 significatio
1735 835 1814 873 vir-

416 911 511 949 tutis
532 915 705 961 appareat
720 923 732 950 ;
763 903 975 943 colendum
993 912 1123 942 autem
1153 903 1225 942 effe
1250 904 1303 941 ita
1331 916 1527 956 quemque
1557 903 1742 946 maxime,
1772 909 1817 939 ut

416 975 579 1028 quisque
599 971 768 1011 maxime
787 969 996 1008 virtutibus
1018 967 1079 1008 his
1098 969 1309 1008 lenioribus
1334 969 1406 1008 erit
1425 978 1595 1014 ornatus,
1616 966 1816 1011 modestia,

415 1039 682 1094 temperantia,
700 1036 772 1075 hac
788 1035 879 1089 ipsa,
896 1035 942 1074 de
957 1049 1034 1088 qua
1047 1036 1131 1088 jam
1147 1035 1271 1074 multa
1289 1034 1389 1073 dieta
1409 1034 1510 1080 sunt,
1526 1034 1688 1087 justitia.
1710 1033 1818 1073 Nam

414 1107 528 1146 sortis
549 1105 701 1144 animus
721 1112 760 1141 et
790 1115 954 1154 magnus
975 1102 1014 1140 in
1045 1100 1207 1140 homine
1226 1114 1304 1140 non
1326 1099 1510 1154 perfecto,
1541 1113 1612 1139 nec
1638 1099 1816 1153 sapiente,

418 1173 626 1212 ferventior
644 1170 900 1224 plerumque:
931 1167 1008 1207 illae
1028 1167 1188 1207 virtutes
1207 1167 1336 1206 virum
1367 1167 1518 1206 bonum
1537 1166 1718 1206 videntur
1746 1179 1818 1220 po-

419 1241 496 1278 tius
517 1239 717 1289 attingere.

474 1307 606 1356 Atque
626 1301 708 1340 haec
729 1301 770 1339 in
799 1299 989 1338 moribus.
1039 1299 1102 1338 De
1123 1298 1388 1338 benevolentia
1407 1307 1552 1343 autem,
1574 1310 1693 1350 quam
1713 1296 1819 1350 quis-

418 1384 495 1424 que
523 1369 661 1408 habeat
690 1379 779 1419 erga
808 1379 892 1410 nos,
925 1363 1096 1418 primum
1122 1364 1220 1404 illud
1239 1364 1292 1403 est
1322 1362 1526 1408 in'osficio,
1558 1372 1601 1402 ut
1626 1363 1661 1401 ei
1693 1363 1818 1416 pluri-

419 1450 531 1476 mum
553 1435 782 1478 tribuamus,
802 1445 823 1470 a
842 1445 920 1484 quo
939 1431 1156 1484 plurimum
1172 1431 1398 1483 diligimur:
1429 1430 1492 1469 sed
1513 1429 1822 1469 benevolentiam

420 1517 498 1542 non
519 1498 892 1540 adolescentulorum
915 1510 1038 1542 more,
1067 1497 1199 1535 ardore
1229 1496 1399 1550 quodam
1431 1496 1585 1539 amoris,
1617 1495 1679 1533 sed
1705 1494 1822 1534 stabi-

419 1570 526 1608 litate
546 1567 674 1621 potius
694 1574 731 1604 et
761 1562 1223 1615 constantiajudicemus.
1269 1562 1336 1601 Sin
1361 1571 1474 1600 erunt
1495 1561 1645 1606 merita,
1680 1570 1724 1600 ut
1744 1575 1823 1600 non

420 1634 600 1678 ineunda,
629 1632 692 1671 sed
710 1629 905 1669 referenda
924 1629 968 1667 fit
988 1629 1108 1681 gratia
1118 1647 1130 1674 ς
1162 1629 1284 1681 major
1304 1628 1481 1681 quaedam
1501 1641 1593 1667 cura
1608 1626 1826 1666 adhibenda

420 1702 486 1741 est.
531 1699 704 1742 Nullum
735 1698 844 1737 enim
873 1696 1050 1736 officium
1069 1694 1266 1735 referenda
1283 1695 1405 1750 gratia
1434 1696 1557 1749 magis
1576 1693 1825 1735 necessarium

421 1770 486 1807 cst.

477 1834 596 1885 Qod
626 1833 652 1872 ss
679 1845 734 1877 ea,
764 1845 850 1883 quae
871 1830 1011 1868 utenda
1029 1829 1234 1882 acceperis,
1268 1829 1411 1882 majore
1430 1827 1618 1873 mensura,
1654 1827 1680 1866 si
1707 1826 1825 1866 modo

424 1900 551 1955 possis,
588 1899 704 1950 jubet
735 1896 888 1934 reddere
921 1895 1140 1938 Hefiodus;
1183 1895 1371 1946 quidnam
1405 1894 1595 1932 beneficio
1628 1893 1825 1946 provocati

424 1966 547 2004 facere
567 1961 783 2002 debemus?
815 1969 942 1998 annon
975 1959 1119 1998 imitari
1154 1973 1262 2012 agros
1292 1957 1451 2003 fertiles,
1482 1958 1549 2011 qui
1578 1957 1706 1996 multo
1739 1957 1825 2010 plus

424 2031 603 2075 afferunt,
637 2042 754 2082 quam
785 2027 1043 2080 acceperunt?
1077 2027 1250 2071 Etenim,
1281 2026 1308 2065 fi
1340 2026 1378 2064 in
1399 2039 1478 2070 eos,
1505 2038 1602 2077 quos
1634 2024 1825 2077 speramus

426 2099 538 2138 nobis
559 2095 796 2150 profuturos,
827 2107 904 2132 non
925 2093 1148 2131 dubitamus
1175 2093 1300 2132 officia
1320 2091 1517 2136 conferre,
1549 2091 1680 2144 quales
1702 2091 1740 2128 in
1761 2103 1825 2129 eos

424 2165 494 2203 csse
515 2165 714 2207 debemus,
737 2161 804 2213 qui
820 2161 902 2212 jam
924 2158 1153 2213 profuerunt
1172 2160 1184 2197 ?
1217 2159 1338 2204 Nam,
1360 2172 1453 2197 cum
1474 2158 1552 2197 duo
1571 2171 1707 2211 genera
1725 2157 1825 2196 libe-

427 2232 581 2269 inilititia
604 2230 688 2274 sint,
721 2241 842 2266 unum
874 2227 988 2265 dandi
1016 2225 1207 2272 beneficii,
1239 2226 1403 2264 alterum
1434 2224 1644 2270 reddendi,
1676 2224 1825 2268 demus,

426 2311 561 2341 necne,
595 2297 632 2334 in
656 2295 778 2334 nostra
799 2293 977 2346 potestate
997 2293 1049 2331 cst
1068 2307 1076 2330 :
1100 2307 1178 2332 non
1204 2292 1374 2338 reddere,
1399 2292 1481 2331 viro
1500 2291 1603 2331 bono
1623 2304 1700 2330 non
1721 2289 1825 2334 licet,

425 2364 545 2403 modo
568 2363 604 2401 id
627 2361 746 2400 facere
768 2359 878 2413 poffit
899 2360 972 2398 slnc
994 2360 1145 2412 injuria.

484 2433 747 2484 Acceptorum
769 2438 895 2466 autem
917 2427 1192 2466 beneficiorum
1214 2425 1299 2466 sunt
1318 2424 1487 2464 delectus
1508 2422 1689 2464 habendi.
1742 2423 1827 2463 Nec

427 2497 609 2540 dubium,
638 2496 731 2548 quin
766 2495 937 2532 maximo
958 2495 1098 2547 cuique
1122 2493 1336 2546 plurimum
1359 2491 1552 2530 debeatur.
1607 2492 1648 2530 ln
1670 2504 1749 2542 quo
1770 2499 1828 2528 ta-

427 2579 520 2604 men
542 2564 580 2603 in
601 2563 752 2617 primi-2,
774 2576 851 2615 quo
872 2561 1032 2615 quisque
1059 2562 1202 2607 ammo,
1224 2560 1362 2605 studio,
1395 2558 1660 2599 benevolentia
1680 2556 1828 2601 fecerit.
