2223 3003
604 292 880 332 LIBER
938 290 1435 331 SECUNDUS.
1651 307 1723 348 153

329 392 376 431 de
396 391 513 437 feriis,
548 393 594 430 de
614 391 809 445 sepulcri8‚
837 399 876 430 et
904 391 929 430 fi
956 391 1051 444 quid
1078 391 1264 444 ejusmodi
1289 392 1355 430 est.
1393 393 1474 431 Cur
1503 391 1619 445 igitur
1642 391 1723 431 haec

332 467 435 496 tanta
449 457 629 503 facimus,
645 471 738 496 curn
753 466 885 494 caetera
903 470 1014 509 parva
1030 456 1101 494 sint
1117 457 1130 493 ?
1152 458 1213 496 De
1229 456 1338 495 sacris
1355 467 1498 502 autem,
1518 458 1604 510 (qui
1618 458 1723 497 locus

329 533 435 576 patet
454 525 585 576 latius)
607 523 688 562 haec
708 522 753 560 s1t
769 534 843 559 una
855 521 1050 565 sententia,
1072 530 1116 559 ut
1134 522 1402 561 conserventur
1422 524 1582 577 semper,
1601 534 1641 562 et
1657 525 1726 562 de-

331 589 462 643 inceps
483 589 642 628 familiis
659 586 881 640 prodantur,
902 594 954 630 et,
972 594 1015 623 ut
1034 586 1073 623 in
1087 586 1170 638 lege
1190 586 1312 637 posui,
1326 596 1504 640 perpetua
1523 589 1724 643 sintsacra.

386 658 479 695 Hoc
510 667 587 693 uno
615 652 752 706 posito,
782 651 864 690 haec
884 652 973 703 jura
1007 651 1244 689 Pontificum
1276 654 1498 691 auctoritate
1527 656 1728 695 consecuta

330 721 432 766 sunt,
454 729 510 766 ut,
533 733 580 758 ne
595 727 719 758 morte
737 716 1022 772 patrisfamilias
1040 717 1230 756 sacrorum
1251 720 1438 757 memoria
1454 721 1659 767 occideret,
1682 723 1727 761 iis

330 786 448 826 essent
466 800 508 825 m
528 786 716 838 adjuncta,
737 785 784 823 ad
804 797 900 837 quos
916 784 1087 836 ejusdem
1106 793 1231 823 morte
1251 786 1414 837 pecunia
1433 787 1591 825 venerit.
1638 788 1729 826 Hoc

331 865 410 890 uno
440 852 576 905 posito,
606 851 713 903 quod
742 850 795 889 est
820 850 866 888 ad
897 850 1162 903 cognitionem
1182 847 1392 903 disciplinae
1412 851 1511 896 satis,
1545 852 1728 890 innume-

329 917 463 955 rabilia
482 917 699 962 nascuntur,
714 916 856 969 quibus
877 916 1091 970 implentur
1104 916 1463 969 jurisconsultorum
1481 917 1584 956 libri.
1609 919 1730 970 Qae-

330 992 469 1022 runtur
487 983 607 1028 enim,
629 983 698 1035 qui
718 982 998 1036 adstringantur
1017 983 1142 1021 sacris.
1188 983 1390 1021 Heredum
1410 983 1515 1021 causa
1529 983 1730 1035 justiffima

330 1049 406 1088 est:
438 1049 545 1088 nulla
563 1049 616 1087 est
634 1049 739 1088 enim
759 1049 927 1102 persona,
949 1063 1033 1101 quae
1052 1048 1098 1087 ad
1117 1049 1243 1087 vicem
1270 1049 1366 1101 ejus,
1398 1050 1465 1102 qui
1494 1063 1514 1087 e
1534 1049 1610 1087 vita
1629 1050 1730 1088 emi-

330 1116 509 1167 graverit,
539 1115 698 1168 propius
719 1114 884 1153 accedat.
930 1114 1083 1152 Deinde
1102 1115 1171 1167 qui
1198 1124 1320 1152 morte
1352 1115 1621 1154 testamentove
1650 1116 1731 1167 ejus

332 1180 576 1219 tantumdem
596 1180 734 1232 capiat,
756 1188 947 1232 quantum
965 1193 1102 1218 omnes
1123 1179 1291 1218 heredes.
1334 1180 1380 1218 Id
1400 1194 1556 1233 quoque
1572 1181 1730 1220 ordine:

331 1245 385 1284 est
400 1246 505 1284 enim
521 1246 567 1284 ad
587 1245 640 1290 id,
657 1245 763 1298 quod
778 1245 1017 1298 propositum
1034 1245 1099 1291 est,
1121 1246 1475 1284 accommodatum.
1515 1247 1651 1284 Tertio
1670 1247 1732 1286 lo-

329 1323 392 1357 co,
406 1311 433 1350 fi
450 1324 565 1350 nemo
585 1310 630 1349 fit
649 1309 771 1356 heres,
793 1310 839 1355 is,
857 1311 925 1363 qui
945 1311 991 1349 de
1013 1311 1140 1356 bonis,
1159 1325 1243 1364 quae
1262 1313 1344 1363 ejus
1364 1310 1509 1350 fuerint
1529 1325 1619 1350 cum
1642 1325 1732 1351 mo·-

332 1377 442 1423 titur,
465 1377 534 1416 usu
551 1377 697 1431 ceperit
715 1377 933 1431 plurimum
953 1376 1188 1431 poffidendo.
1233 1378 1397 1429 Qarto‚
1419 1377 1445 1415 fi
1467 1391 1582 1416 nemo
1600 1377 1644 1417 s1t
1662 1379 1733 1431 qui

334 1443 454 1483 ullam
474 1457 556 1483 rem
575 1443 719 1498 ceperit
734 1462 747 1489 ς
778 1444 826 1482 de
845 1443 1098 1483 creditoribus
1129 1445 1224 1497 ejus,
1257 1445 1326 1496 qui
1356 1444 1573 1498 plurimum
1598 1445 1732 1484 servet.

335 1508 522 1546 Extrema
540 1509 604 1546 illa
623 1509 780 1561 persona
798 1509 864 1555 est,
886 1518 930 1548 ut
949 1509 996 1555 is,
1010 1510 1078 1562 qui
1098 1511 1147 1555 ei,
1169 1510 1237 1562 qui
1254 1519 1431 1549 mortuus
1448 1510 1506 1555 fit,
1528 1511 1733 1564 pecuniam

334 1573 524 1618 debuerit,
559 1573 784 1627 neminique
808 1587 894 1613 earn
919 1574 1083 1621 solverit,
1108 1575 1264 1629 perinde
1292 1574 1490 1622 habeatur,
1518 1577 1622 1629 quasi
1647 1590 1733 1616 eam

333 1641 540 1693 pecuniam
559 1641 716 1694 ceperit.

389 1705 482 1744 XX.
515 1706 612 1744 Haec
632 1718 700 1744 nos
716 1718 737 1744 a
752 1705 917 1744 Scaevola
935 1705 1142 1745 didicimus
1155 1725 1167 1752 ς
1191 1719 1268 1745 non
1287 1706 1340 1745 ita
1359 1705 1544 1760 descripta
1562 1706 1609 1745 ab
1630 1708 1732 1746 anti-

333 1770 435 1823 quis.
476 1770 583 1808 Nam
603 1770 662 1808 illi
681 1771 841 1823 quidem
861 1770 922 1810 his
943 1772 1066 1810 verbis
1087 1771 1289 1817 docebant,
1322 1772 1444 1810 tribus
1473 1772 1598 1810 modis
1621 1771 1732 1812 sacrIS

333 1835 542 1888 adstringi:
574 1834 792 1875 haereditate
805 1855 818 1882 ;
850 1846 928 1883 aut,
963 1838 989 1875 fi
1011 1838 1194 1889 majorem
1222 1846 1368 1888 partem
1388 1838 1561 1888 pecuniae
1580 1839 1706 1889 capiat
1719 1857 1731 1883 ς

333 1910 413 1946 aut,
447 1901 474 1939 fi
504 1902 625 1952 major
643 1915 728 1953 pars
747 1902 920 1953 pecuniae
950 1903 1073 1953 legata
1091 1900 1157 1945 est,
1192 1900 1219 1938 fi
1245 1900 1334 1938 inde
1352 1900 1555 1954 quippiam
1575 1903 1732 1955 ceperit.

333 1967 406 2005 Sed
426 1965 657 2004 Pontificem
677 1965 892 2018 sequamur.

386 2031 538 2069 Videtis
559 2031 678 2084 igitur
697 2032 830 2070 omnia
847 2031 1011 2086 pendere
1037 2044 1084 2071 ex
1104 2044 1183 2070 uno
1202 2031 1286 2078 illo,
1307 2030 1414 2084 quod
1434 2032 1642 2072 Pontifices
1661 2047 1733 2087 pe-

334 2097 490 2135 cuniam
510 2096 620 2135 sacris
650 2098 837 2151 conjungi
863 2097 1000 2136 volunt
1012 2115 1024 2143 ς
1056 2097 1268 2150 iisdemque
1293 2096 1406 2135 ferias
1426 2107 1464 2136 et
1488 2100 1733 2140 caeremonias

335 2162 595 2201 adscribendas
615 2172 767 2216 putant.
809 2164 941 2215 Atque
960 2163 1076 2201 etiam
1106 2162 1199 2201 dant
1229 2161 1304 2200 hoc
1330 2163 1520 2209 Scaev01ae‚
1550 2165 1655 2216 quod
1679 2166 1735 2205 est

332 2229 511 2281 partitio:
535 2237 592 2273 ut,
613 2228 639 2266 fi
659 2229 700 2267 in
721 2227 945 2266 testamento
963 2228 1136 2272 deducta,
1159 2227 1296 2280 scripta
1316 2241 1392 2266 non
1414 2228 1471 2274 fit,
1486 2229 1631 2282 ipsique
1652 2231 1731 2269 mi-

335 2306 406 2333 nus
427 2294 612 2347 ceperint,
633 2307 751 2346 quam
771 2293 954 2332 omnibus
974 2292 1180 2331 heredibus
1198 2293 1449 2346 relinquatur,
1481 2294 1590 2334 sacris
1611 2309 1659 2334 ne
1674 2296 1732 2334 al-

338 2359 518 2412 ligentur.
565 2361 613 2399 In
633 2361 838 2399 donatione
857 2359 933 2398 hoc
954 2360 1072 2398 iidem
1093 2359 1195 2398 secus
1215 2359 1512 2414 interpretantur
1529 2377 1538 2399 :
1570 2371 1608 2400 et
1627 2363 1733 2415 quod

337 2425 609 2476 paterfamilias
629 2427 670 2464 in
689 2428 769 2479 ejus
790 2427 1008 2471 donatione,
1041 2425 1109 2478 qui
1129 2425 1170 2463 in
1199 2425 1314 2478 ipsius
1337 2427 1519 2479 potestate
1539 2428 1640 2474 ess'et,
1663 2442 1732 2481 ap-

340 2490 526 2541 probavit,
547 2501 673 2530 ratum
703 2492 779 2539 est3
812 2492 918 2545 quod
944 2505 989 2531 eo
1018 2491 1201 2530 insciente
1221 2489 1365 2530 factum
1392 2492 1458 2538 est,
1489 2493 1515 2531 fi
1536 2493 1574 2531 id
1595 2493 1626 2531 is
1654 2507 1731 2532 non

339 2556 534 2609 approbat,
555 2567 680 2596 ratum
701 2572 778 2598 non
797 2560 864 2598 est.

395 2621 472 2660 His
493 2623 706 2674 propositis,
737 2625 1020 2678 quaestiunculae
1041 2625 1174 2667 multae
1193 2624 1398 2665 nascuntur
1409 2643 1422 2670 ;
1453 2638 1545 2678 quas
1566 2624 1634 2677 qui
1654 2637 1731 2665 non

440 2689 479 2726 T
494 2702 517 2727 0
533 2701 584 2728 M.
617 2690 691 2729 III.
1395 2691 1432 2728 V
