2223 3003
712 294 816 334 DE
889 294 1361 336 AMICITIA,
1660 314 1736 354 347

337 392 454 432 Nihil
475 391 579 432 enim
600 392 765 446 turpiu3‚
791 407 907 445 quarn
928 407 1020 433 cum
1040 408 1085 434 eo
1105 396 1252 435 bellum
1271 409 1413 449 gerere,
1436 396 1598 449 quicum
1617 396 1735 435 fami-

337 459 480 497 liariter
500 459 652 497 vixeris.
695 459 759 497 Ab
780 459 950 497 amicitia
978 461 1231 513 QPompeii
1263 475 1350 500 meo
1372 463 1530 500 nomine
1551 463 1586 500 se
1605 476 1735 501 remo-

336 533 453 569 verat,
476 534 518 562 ut
537 525 655 569 scitis,
677 525 831 576 Scipi0;
863 534 1020 576 propter
1039 526 1302 565 dissensionem
1323 537 1465 573 autem,
1488 542 1572 580 quae
1590 538 1668 566 erat
1693 529 1735 567 in

337 589 547 642 republica,
569 590 752 627 alienatus
771 589 823 626 est
843 601 862 625 a
882 589 1029 641 collega
1049 590 1175 628 nostro
1195 592 1373 630 Metello.
1413 594 1636 645 Utrumque
1656 594 1735 646 egit

336 656 512 707 graviter,
533 655 768 698 auctoritate,
789 663 827 694 et
846 653 1051 692 offenfione
1070 656 1191 693 animi
1211 669 1287 694 non
1314 658 1459 696 acerba.

391 719 657 770 Qamobrem
691 719 866 771 primum
898 719 1021 757 danda
1040 733 1153 773 opera
1183 721 1248 765 est,
1280 735 1404 773 nequa
1423 723 1637 761 amicorum
1659 724 1734 762 dis-

335 784 425 823 fidia
442 784 561 823 fiant:
583 784 636 822 fin
657 784 729 821 tale
749 784 896 836 aliquid
915 785 1105 830 evenerit,
1138 794 1181 824 ut
1196 787 1374 824 extinctae
1393 788 1522 839 potius
1544 789 1735 833 amicitiae,

335 865 454 903 quam
484 850 678 904 oppreffae,
713 850 784 888 effe
814 851 1024 889 videantur.
1071 852 1300 890 Cavendum
1330 866 1418 892 vero
1445 853 1512 899 est,
1543 868 1590 892 ne
1620 856 1736 893 etiam

335 917 375 954 in
402 915 536 969 graves
568 915 792 954 inimicitias
823 925 1047 955 convertant
1073 915 1108 954 se
1142 917 1320 956 amicitiae
1336 936 1348 962 ς
1379 932 1400 955 e
1430 919 1571 971 quibus
1593 921 1735 973 jurgia,

334 982 551 1027 malediCta,
583 981 832 1020 contumeliae
869 982 1109 1034 gignuntur:
1160 997 1245 1035 quae
1280 992 1424 1029 tamen,
1461 985 1488 1022 fi
1522 985 1736 1024 tolerabiles

335 1057 461 1092 erunt,
483 1047 645 1085 ferendae
664 1047 750 1085 sunt
765 1065 778 1092 ς
800 1056 838 1085 et
857 1046 922 1085 hic
943 1046 1067 1086 honos
1088 1049 1202 1086 veteri
1223 1048 1402 1087 amicitiae
1423 1050 1647 1089 tribuendus
1668 1052 1734 1096 est,

336 1123 380 1151 ut
399 1114 431 1151 is
452 1113 492 1150 in
512 1112 626 1165 culpa
644 1112 702 1157 fit,
724 1113 793 1164 qui
812 1111 939 1158 faciat,
959 1126 1037 1150 non
1057 1114 1125 1166 qui
1141 1114 1319 1166 patiatur,
1340 1115 1533 1166 injuriam.
1559 1117 1737 1154 Omnino

335 1179 516 1217 omnium
537 1177 678 1216 horum
699 1176 882 1216 vitiorum
915 1188 1029 1231 atque
1049 1179 1390 1218 incommodorum
1412 1194 1487 1219 una
1511 1182 1638 1220 cautio
1668 1182 1735 1226 est,

334 1254 449 1297 atque
469 1258 543 1283 una
561 1244 736 1297 provifio,
758 1253 801 1283 ut
816 1257 863 1282 ne
882 1245 1000 1284 nimis
1022 1245 1101 1284 cito
1120 1245 1278 1299 diligere
1292 1246 1539 1300 incipiamus,
1561 1261 1654 1286 neve
1673 1249 1735 1286 in-

334 1311 485 1364 dignos.

390 1378 516 1430 Digni
546 1387 677 1417 autem
712 1377 799 1417 sunt
831 1378 1014 1423 amicitia,
1036 1379 1178 1431 quibus
1209 1378 1249 1417 in
1283 1378 1370 1432 ipfis
1401 1379 1496 1417 inest
1515 1379 1637 1425 causa,
1669 1393 1738 1419 cur

335 1443 558 1495 diligantur.
590 1444 739 1481 Rarum
759 1457 894 1496 genus,
932 1444 988 1496 (et
1014 1444 1174 1496 quidem
1204 1444 1335 1482 onmia
1356 1444 1531 1496 praeclara
1551 1445 1645 1497 rara)
1669 1459 1738 1483 nec

314 1508 549 1559 ⁴quidquam
570 1507 783 1550 difficilius,
816 1521 933 1558 quam
953 1509 1129 1558 reperire,
1161 1508 1265 1559 quod
1285 1508 1330 1546 s1t
1350 1509 1460 1546 omni
1490 1523 1536 1547 ex
1562 1519 1667 1561 parte
1697 1511 1738 1548 in

336 1572 403 1610 suo
432 1584 568 1624 genere
602 1570 829 1623 perfeetum.
877 1572 946 1609 Sed
974 1571 1146 1624 plerique
1176 1586 1300 1624 neque
1333 1573 1374 1609 in
1409 1573 1520 1611 rebus
1555 1573 1737 1612 humanis

336 1637 551 1690 quidquam
582 1637 730 1674 bonum
750 1647 905 1681 norunt,
938 1637 1004 1674 nifi
1035 1638 1138 1689 quod
1159 1636 1396 1676 fructuosum
1418 1638 1488 1683 s1t3
1520 1648 1558 1677 et
1577 1641 1737 1685 amicos,

337 1713 522 1756 tanquam
556 1703 733 1756 pecudes,
769 1716 832 1741 eos
864 1702 1102 1755 potiffimum
1128 1704 1311 1756 diligunt,
1342 1718 1389 1742 ex
1419 1705 1560 1757 quibus
1591 1706 1740 1759 sperant

337 1770 372 1807 se
393 1769 612 1807 maximum
628 1767 798 1806 fructum
818 1768 888 1806 effe
904 1778 1093 1821 capturos.
1118 1770 1175 1807 Ita
1193 1768 1456 1822 pulcherrima
1470 1771 1537 1809 illa
1552 1781 1590 1809 et
1610 1772 1737 1810 maxi-

338 1849 401 1874 me
422 1836 584 1873 naturali
604 1844 732 1873 carent
752 1835 935 1880 amicitia,
967 1849 1033 1888 per
1053 1836 1087 1873 se
1108 1845 1145 1874 et
1165 1846 1320 1888 propter
1340 1836 1375 1874 se
1395 1837 1606 1889 expetenda
1621 1855 1633 1882 ς
1666 1851 1739 1876 nec

336 1901 404 1953 ipsi
425 1901 493 1939 fibi
513 1900 693 1953 exemplo
713 1900 813 1945 sunt,
835 1900 917 1938 haec
938 1901 993 1939 vis
1013 1900 1193 1938 amicitiae
1209 1901 1332 1953 qualis
1353 1910 1390 1939 et
1407 1912 1547 1954 quanta
1567 1902 1624 1941 fit.
1658 1903 1740 1956 Ipse

336 1968 442 2006 enim
463 1967 498 2005 se
519 1967 680 2019 quisque
698 1966 843 2019 diligit,
871 1980 949 2004 non
971 1976 1013 2005 ut
1034 1967 1202 2019 aliquam
1224 1981 1244 2005 a
1263 1967 1299 2005 se
1319 1968 1399 2020 ipso
1419 1969 1635 2007 mercedem
1654 1970 1739 2008 exi-

334 2043 399 2086 gat
420 2033 587 2071 caritatis
608 2031 695 2077 suae,
727 2031 788 2070 sed
808 2032 913 2085 quod
933 2046 1000 2085 per
1034 2033 1069 2070 se
1100 2032 1170 2071 fibi
1202 2033 1363 2085 quisque
1390 2047 1497 2072 carus
1517 2034 1596 2072 est:
1633 2035 1738 2086 quod

337 2098 406 2137 nisi
426 2098 530 2136 idem
550 2099 591 2136 in
611 2098 824 2136 amicitiam
846 2097 1104 2143 transferatur,
1137 2111 1247 2136 verus
1277 2098 1425 2136 amicus
1446 2112 1646 2151 nunquam
1676 2112 1737 2138 re-

336 2164 528 2217 perietur:
559 2163 612 2200 est
631 2163 736 2200 enim
756 2163 786 2200 is
807 2163 967 2216 quidem
987 2173 1171 2214 tanquam
1190 2162 1283 2199 alter
1301 2162 1420 2201 idem.

393 2228 512 2280 Qod
533 2227 559 2266 s1
580 2226 654 2264 hoc
684 2237 837 2279 apparet
857 2228 895 2264 in
917 2226 1057 2271 bestiis,
1088 2226 1324 2272 volucribus,
1355 2228 1552 2274 nantibus,
1582 2231 1737 2284 agresti-

338 2295 424 2340 bus,
445 2293 654 2337 cicuribus,
670 2292 774 2337 feris,
789 2293 961 2345 primum
982 2301 1024 2330 ut
1045 2291 1080 2330 se
1099 2291 1185 2345 ipsae
1206 2293 1382 2346 diligant,
1400 2295 1457 2346 (id
1474 2296 1579 2334 enirn
1599 2298 1739 2350 pariter

339 2373 433 2399 cum
452 2360 560 2399 omni
582 2360 774 2397 animante
795 2358 977 2409 nascitur)
1014 2358 1151 2395 deinde
1172 2368 1215 2396 ut
1246 2360 1453 2412 requirant,
1486 2370 1600 2414 atque
1620 2376 1737 2416 appe-

340 2433 435 2469 tant,
464 2425 511 2462 ad
541 2438 634 2477 quas
670 2424 704 2462 se
734 2424 941 2477 applicent,
978 2423 1147 2475 ejusdem
1181 2426 1328 2477 generis
1364 2427 1589 2473 animantes,
1620 2429 1738 2481 idque

339 2488 489 2528 faciunt
516 2504 608 2528 cum
640 2490 835 2535 desiderio,
867 2501 902 2528 et
924 2504 1015 2528 cum
1035 2490 1199 2542 quadam
1220 2491 1472 2531 similitudine
1491 2494 1630 2532 amoris
1660 2493 1737 2532 hu-

339 2554 473 2599 mani;
504 2565 648 2606 quanto
683 2556 722 2595 id
748 2556 870 2608 magis
905 2556 945 2594 in
974 2554 1135 2594 homine
1169 2556 1214 2595 fit
1247 2557 1394 2603 natura,
1426 2559 1494 2611 qui
1524 2569 1562 2597 et
1592 2559 1628 2597 se
1661 2559 1740 2613 ipse

1308 2624 1435 2664 Xx2
