2223 3003
641 271 916 311 LIBER
975 270 1474 310 SECUNDUS.
1689 286 1760 324 ¹37

363 386 458 412 cum
478 384 568 411 avus
586 370 741 416 viveret,
770 380 808 409 et
828 370 988 422 antiquo
1008 383 1114 408 more
1134 384 1245 423 parva
1266 368 1354 407 effet
1382 368 1487 413 villa,
1520 375 1564 406 ut
1593 367 1659 406 illa
1679 370 1763 406 Cu-

367 439 468 479 tiana
488 438 528 476 in
550 437 712 482 Sabinis,
745 450 807 475 me
828 437 922 474 scito
947 435 1018 474 esse
1039 445 1186 475 natum.
1223 436 1351 486 Qare
1380 434 1475 472 inest
1495 434 1620 472 nescio
1654 434 1762 486 quid,

365 514 405 543 et
425 505 517 542 latet
549 505 589 542 in
611 504 740 541 animo
759 516 801 540 ac
833 501 938 539 sensu
959 515 1059 545 meo,
1095 515 1174 553 quo
1196 515 1258 539 me
1289 502 1374 553 plus
1395 500 1461 538 hic
1490 501 1598 539 locus
1619 499 1766 539 fortasse

368 571 529 610 delectet
547 585 557 609 ι
588 568 776 621 fiquidem
797 567 914 604 etiam
934 566 1000 604 ille
1015 566 1306 619 sapientiffimus
1322 567 1392 611 vir,
1410 566 1581 606 Ithacam
1598 576 1640 605 ut
1661 567 1766 604 vide-

369 645 438 681 ret,
459 633 793 674 immortalitatem
815 631 993 669 scribitur
1012 631 1232 684 repudiaffe.

426 702 478 740 ΙΙ.
512 702 739 739 ΑΤΤΙΟυε,
763 698 849 751 Ego
880 711 968 736 vero
989 697 1063 735 tibi
1091 697 1202 736 istam
1227 697 1369 750 justam
1401 698 1551 736 causam
1571 707 1679 750 puto,
1702 712 1769 736 cur

369 767 448 806 huc
468 765 652 805 libentius
672 765 813 810 venias,
835 773 950 816 atque
977 762 1083 802 hunc
1104 764 1236 802 locum
1256 764 1406 817 diligas.
1444 764 1552 816 Qin
1574 763 1664 816 ipse,
1686 776 1771 800 vere

371 833 513 878 dicam,
533 833 617 871 sum
637 832 696 870 illi
715 831 816 870 villae
836 832 997 870 amicior
1012 830 1131 870 modo
1149 829 1285 876 faetus,
1307 840 1421 884 atque
1440 829 1533 868 huic
1554 831 1662 868 omni
1679 830 1771 874 solo,

372 899 414 937 in
429 912 507 951 quo
527 907 570 937 tu
583 908 688 938 ortus
708 907 746 936 et
761 907 980 951 procreatus
1001 911 1053 936 es.
1077 898 1288 936 Movemur
1307 898 1412 936 enim
1429 897 1556 935 nescio
1572 909 1650 948 quo
1665 898 1774 949 pacto

372 964 468 1003 locis
500 964 602 1018 ipfis,
638 965 679 1002 in
700 964 843 1017 quibus
874 977 1024 1009 eorum,
1060 976 1160 1016 quos
1189 963 1403 1016 diligimus,
1434 972 1500 1002 aut
1526 962 1774 1006 admiramur,

374 1030 510 1070 adsunt
530 1031 699 1084 vestigia.
739 1031 812 1069 Me
833 1031 993 1083 quidem
1023 1030 1110 1083 ipsae
1142 1030 1219 1068 illae
1238 1029 1370 1068 nostrae
1389 1028 1553 1068 Athenae
1583 1042 1661 1067 non
1697 1037 1777 1066 tam

375 1097 555 1150 operibus
582 1096 799 1149 magnificis
825 1096 1098 1150 exquifitisque
1123 1097 1374 1149 antiquorum
1402 1096 1547 1134 artibus
1575 1095 1777 1138 delectant,

377 1177 496 1216 quam
528 1163 789 1202 recordatione
809 1163 1052 1202 summorum
1083 1164 1271 1209 virorum,
1301 1163 1370 1201 ubi
1401 1162 1564 1216 quisque
1592 1161 1778 1204 habitare,

376 1229 446 1268 ubi
466 1229 604 1274 sedere,
626 1229 695 1266 ubi
714 1229 905 1282 disputare
924 1229 970 1267 fit
989 1229 1147 1274 solitus;
1169 1229 1409 1280 studioseque
1429 1241 1563 1267 eorum
1584 1228 1701 1266 etiam
1723 1227 1780 1265 se-

377 1295 512 1349 pulcra
530 1294 789 1348 contemplor.
832 1296 962 1347 Qare
992 1295 1124 1340 istum,
1156 1295 1225 1333 ubi
1245 1304 1289 1333 tu
1319 1307 1357 1333 es
1378 1303 1504 1340 natus,
1536 1293 1624 1346 plus
1644 1292 1783 1331 amabo

378 1360 535 1414 posthac
556 1361 704 1400 locum.

436 1428 525 1467 MA
538 1441 562 1467 R
576 1441 635 1466 cu
649 1441 682 1466 s.
720 1426 881 1466 Gaudeo
914 1427 1047 1480 igitur,
1088 1440 1152 1466 me
1189 1426 1424 1465 incunabula
1453 1439 1550 1480 pene
1591 1438 1677 1464 mea
1710 1424 1785 1464 tibi

381 1493 596 1532 ostendisse.
639 1495 871 1533 A‘rrlcus.
894 1494 1092 1546 Equidem
1112 1507 1176 1532 me
1193 1493 1370 1546 cognoffe
1389 1493 1602 1532 admodum
1622 1492 1783 1545 gaudeo.

386 1558 459 1597 Sed
477 1558 576 1596 illud
597 1567 725 1597 tamen
745 1559 856 1612 quale
876 1559 942 1605 est,
973 1560 1078 1612 quod
1097 1560 1212 1613 paulo
1232 1570 1318 1598 ante
1338 1560 1467 1599 dixisti
1483 1579 1495 1606 3
1526 1559 1634 1598 hunc
1654 1559 1788 1597 locum

388 1625 513 1677 (idem
543 1637 614 1677 ego
646 1634 682 1662 te
712 1626 861 1677 accipio
891 1626 1016 1663 dicere
1041 1627 1256 1678 Arpinum)
1279 1639 1501 1677 germanam
1521 1625 1684 1678 patriam
1717 1623 1790 1662 effe

386 1690 578 1728 vestram?
609 1690 805 1742 Nunquid
825 1690 916 1728 duas
942 1689 1093 1728 habetis
1122 1690 1292 1743 patrias?
1323 1704 1370 1728 an
1399 1690 1451 1728 est
1481 1690 1548 1728 illa
1576 1703 1651 1727 una
1669 1690 1790 1743 patria

386 1756 611 1795 communis
627 1756 641 1792 ?
671 1755 740 1794 nifi
760 1754 860 1794 forte
879 1755 1037 1809 sapienti
1057 1756 1116 1794 illi
1145 1757 1286 1795 Catoni
1304 1755 1382 1795 fuit
1407 1756 1528 1809 patria
1546 1769 1625 1794 non
1644 1756 1789 1801 Roma,

388 1820 452 1860 sed
471 1821 706 1860 Tusculum.
752 1821 968 1861 MARCUS.
1005 1823 1092 1875 Ego
1112 1821 1335 1861 mehercule
1364 1832 1402 1861 et
1428 1822 1501 1868 illi,
1537 1831 1576 1861 et
1605 1822 1791 1861 omnibus

389 1888 656 1941 municipibus
689 1888 782 1927 duas
816 1888 889 1927 effe
921 1889 1055 1926 censeo
1085 1889 1224 1941 patrias
1239 1907 1252 1933 3
1295 1902 1413 1927 unam
1443 1897 1601 1933 naturae,
1633 1889 1792 1927 alteram

387 1953 580 1993 civitatis:
612 1962 656 1992 ut
685 1953 752 1992 ille
773 1954 885 2000 Cato,
906 1967 999 1992 cum
1019 1953 1109 1993 effet
1128 1954 1293 1993 Tusculi
1319 1963 1445 2000 natus,
1476 1955 1516 1993 in
1543 1954 1680 2008 populi
1706 1955 1794 1993 Ro-

390 2020 496 2059 mani
516 2019 714 2059 civitatem
733 2020 925 2075 susceptus
945 2021 1012 2061 est.
1034 2022 1184 2074 Itaque,
1206 2035 1299 2060 cum
1318 2030 1406 2060 ortu
1426 2020 1670 2060 Tusculanus
1689 2020 1794 2067 esset,

390 2087 545 2125 civitate
565 2087 782 2134 Romanus,
803 2087 940 2127 habuit
959 2089 1117 2127 alteram
1137 2088 1216 2127 loci
1235 2088 1412 2142 patriam,
1434 2087 1590 2126 alteram
1605 2088 1728 2141 juris:
1751 2096 1796 2126 ut

392 2153 505 2192 vestri
529 2154 668 2200 Attici,
702 2154 923 2208 priusquam
949 2155 1124 2194 Theseus
1142 2155 1293 2194 eosdem
1314 2154 1477 2207 migrare
1496 2167 1544 2193 ex
1562 2155 1676 2207 agris,
1695 2164 1734 2193 et
1754 2155 1798 2193 in

394 2219 488 2265 astu,
521 2221 627 2273 quod
657 2221 882 2274 appellatur,
913 2235 1047 2260 omnes
1075 2222 1111 2259 se
1137 2221 1311 2260 conferre
1336 2221 1457 2274 juffit,
1487 2230 1526 2260 et
1553 2221 1662 2260 Sunii
1691 2230 1798 2260 erant

396 2287 516 2325 iidem
537 2297 575 2325 et
596 2288 720 2326 Attici
734 2306 746 2333 ς
778 2287 828 2326 fic
848 2301 917 2326 nos
948 2298 986 2326 et
1005 2301 1089 2326 eam
1115 2287 1277 2341 patriam
1298 2287 1493 2333 ducimus,
1526 2288 1595 2326 ubi
1625 2287 1730 2333 nati;
1760 2295 1802 2326 et

398 2353 520 2399 illam,
542 2368 618 2407 qua
636 2355 789 2408 excepti
809 2354 953 2393 sumus.
1000 2355 1071 2393 Sed
1093 2354 1233 2394 necesse
1252 2354 1318 2400 est,
1351 2356 1506 2394 caritate
1523 2368 1608 2393 eam
1629 2355 1799 2408 praestare

401 2418 441 2456 in
459 2434 535 2472 qua
554 2421 774 2475 reipublicae
794 2435 936 2461 nomen
954 2431 992 2460 et
1014 2421 1193 2460 universae
1211 2421 1376 2460 civitatis
1397 2421 1469 2467 est;
1502 2435 1572 2475 pro
1590 2435 1665 2475 qua
1685 2421 1798 2466 mori,

401 2492 441 2522 et
459 2486 523 2523 cui
543 2499 612 2525 nos
643 2497 744 2526 totos
764 2488 912 2533 dedere,
942 2497 980 2526 et
1000 2487 1039 2526 in
1069 2501 1144 2540 qua
1162 2487 1285 2526 nostra
1301 2488 1434 2527 omnia
1453 2501 1605 2541 ponere,
1635 2497 1672 2526 et
1698 2486 1800 2539 quasi

403 2550 617 2590 consecrare
637 2553 837 2595 debemus.
880 2553 1019 2594 Dulcis
1047 2563 1175 2593 autern
1195 2567 1275 2593 non
1291 2554 1418 2593 multo
1445 2554 1547 2592 secus
1568 2554 1620 2592 est
1640 2566 1694 2597 ea,
1717 2564 1801 2604 quse

505 2616 544 2654 T
559 2630 582 2656 0
599 2629 650 2656 M.
683 2619 757 2658 111.
1477 2620 1499 2658 S
