2223 3003
614 209 906 250 VARIAE
991 206 1549 249 LECTIONES.

1125 320 1144 348 P

1129 359 1142 387 3

357 323 419 392 ¹35²
463 361 481 388 4
504 350 627 388 primum
643 350 768 390 Iprimus

461 402 476 430 ς
497 391 575 419 illius
592 404 604 421 η
617 393 671 429 y'ur

460 431 479 460 6
501 431 528 459 id
546 431 638 458 assum
652 443 665 461 η
678 433 833 468 itafaEum

461 480 478 506 7
500 470 558 499 snm
573 470 642 508 Ifim

440 526 482 534 -
501 510 623 539 Praetore
638 519 682 538 me
702 509 725 536 E
745 508 836 547 pupulo
851 520 953 538 romano
969 515 1018 546 per
1038 519 1074 537 me

548 564 575 583 ιι,
590 550 614 582 ᾧ
625 559 671 585 per
683 560 719 578 me
733 550 791 577 Ρη
799 558 874 578 torem

440 604 481 613 -—
503 589 602 627 Itaque
617 590 647 618 U
663 601 687 622 11,
703 602 753 623 ι,σ
765 591 807 617 ita

465 632 481 658 8
504 638 589 668 quam
604 642 627 662 η,
646 642 698 663 ι,ο,
713 641 740 660 e,
755 627 782 664 ψ
797 630 981 667 quamfiamna

460 680 478 708 9
503 670 581 698 scena
595 669 728 705 Estanda
742 669 862 706 'stanna

439 725 480 732 -
500 709 638 737 concione
649 708 673 736 E
687 711 823 738 concionem

443 758 480 778 ιο
501 749 556 777 loci
572 761 584 778 η
598 750 624 776 d.

443 804 484 811 —-
506 796 598 817 tamen
612 788 637 822 ψ
649 796 748 816 tantum

441 844 483 851 —
502 829 578 857 valet
596 828 618 855 E
629 836 704 866 patet

445 879 455 898 1
469 878 477 896 1
503 869 540 896 est
556 882 578 901 η,
596 881 611 896 ιι
618 869 656 906 fi:

446 918 479 945 ¹3
503 916 632 945 apertum
649 907 671 935 E
686 921 709 940 ο,
723 907 748 942 ψ
762 915 808 937 aut
822 914 937 945 apertum

447 957 484 984 14
506 958 541 976 ne
555 949 577 976 E
594 948 605 975 Ι
623 947 649 976 U
666 958 708 976 nec

442 1003 483 1010 -·
503 996 553 1016 aut
569 988 597 1016 U
613 999 654 1015 nec

443 1044 485 1050 -
506 1027 584 1065 poflis
600 1041 609 1055 v
621 1029 648 1055 d.
664 1039 685 1055 π
698 1027 776 1062 escis

447 1076 480 1106 ις
505 1070 677 1105 Qanquam
694 1067 707 1094 1
723 1081 732 1095 ι
747 1065 844 1095 Tamen

442 1123 483 1130 —
504 1107 634 1145 quamvis
649 1121 660 1135 ο
674 1107 701 1135 d.

449 1148 483 1176 16
504 1157 598 1176 tamen
609 1161 620 1175 ο
634 1148 660 1175 d.

445 1196 479 1224 ¹7
503 1188 526 1215 is
543 1188 565 1215 E
580 1189 621 1215 his

447 1236 483 1265 ¹9
505 1227 564 1265 ipsa
578 1241 599 1259 v,
615 1239 625 1254 a
639 1225 721 1264 ipsam

445 1276 476 1295 21
503 1267 578 1295 enim
595 1280 616 1300 r,
632 1279 652 1294 a·
666 1275 750 1293 autem

445 1316 482 1335 22
503 1306 565 1334 Hos
581 1319 612 1339 π,
628 1318 646 1333 e
658 1306 711 1333 Hot
724 1315 808 1333 tamen

445 1355 481 1383 23
504 1346 681 1383 voluptatem
699 1345 726 1373 U
742 1359 766 1379 η,
782 1359 803 1378 ι,
819 1357 840 1378 ι,
853 1357 884 1376 π,
899 1342 964 1380 σ,ψ
981 1343 1074 1372 volun-

551 1394 631 1414 tatem

448 1434 487 1461 24
508 1425 560 1452 effe
577 1425 605 1454 U
618 1438 629 1452 a
640 1426 668 1452 d.

450 1475 485 1503 23
509 1465 597 1501 igitur
610 1478 621 1491 ι
639 1465 666 1493 d.

448 1514 484 1541 27
507 1504 589 1533 nobis
604 1504 617 1531 Ι
631 1504 659 1533 U
675 1517 699 1536 n.
716 1516 739 1538 o,
753 1503 817 1537 slrd.

447 1554 484 1582 29
507 1544 670 1582 respondere
685 1544 697 1571 Ῑ
713 1544 854 1581 respondere
867 1543 932 1572 mihi
945 1543 970 1578 ᾧ
985 1543 1012 1570 d.

445 1600 486 1608 —
508 1584 637 1622 ingentes
652 1583 723 1619 Istd
732 1587 844 1621 ingente:

449 1633 482 1662 3¹
508 1633 642 1662 magnum
658 1625 681 1652 E
696 1628 834 1652 maximum

449 1674 485 1702 3²
508 1664 638 1702 quamvis
661 1664 684 1692 E
706 1664 720 1692 1
742 1663 771 1692 U
792 1677 816 1697 η,
832 1676 852 1697 ι,
867 1676 889 1696 ο,
904 1676 932 1696 e,
948 1663 973 1697 ψ
997 1673 1079 1701 quan·

573 1715 633 1732 uam

446 1758 488 1766 —
507 1716 600 1772 valgat
615 1745 638 1772 E
653 1743 666 1771 Ῑ
681 1743 711 1772 U
725 1756 749 1776 n,
766 1757 790 1774 ιι,
806 1757 827 1777 ν,
842 1757 865 1777 ο,
879 1756 907 1777 σ,
919 1741 947 1777 ψ
965 1742 1040 1771 valet

451 1793 485 1822 33
508 1784 641 1812 allefflnt
664 1784 687 1812 E
702 1784 825 1813 deleeant
840 1783 853 1812 I
866 1783 992 1812 oblectant
1005 1797 1017 1811 ο
1031 1784 1080 1811 ad-

565 1829 650 1852 edant

452 1873 490 1901 34
511 1835 636 1892 anismam
659 1863 806 1893 advertant
825 1863 838 1892 I
852 1863 882 1893 U
897 1877 921 1895 η,
937 1877 957 1897 ¹,
973 1877 995 1897 ο,
1012 1876 1039 1897 e,
1055 1863 1080 1897 tlt

553 1905 768 1933 animadvertant

371 1952 427 1983 353
474 1953 489 1972 2
507 1944 568 2012 {⁰1}
579 1955 669 2012 :itum

469 2033 484 2061 3
509 2023 645 2053 facillime
655 2025 679 2052 E
694 2023 801 2062 nfacile

467 2072 486 2099 4
507 2063 556 2101 qui
571 2077 581 2092 1
594 2075 649 2093 cum

446 2118 488 2125 —
507 2103 655 2132 alsentetur
666 2104 689 2132 E
701 2105 842 2140 affintatur

448 2157 490 2166 -—
509 2142 624 2182 litigare
637 2144 661 2172 E
675 2143 689 2171 Ι
705 2143 733 2170 U
746 2156 769 2175 a,
782 2143 808 2177 ψ
821 2143 932 2181 litigaffi

448 2198 490 2207 --
510 2182 537 2210 se
551 2196 560 2211 1
572 2185 599 2211 d.

471 2233 486 2261 ς
509 2231 666 2252 extremum
682 2237 696 2251 κ
710 2232 839 2252 externum
852 2234 870 2251 σ
882 2229 990 2251 extremo

449 2277 492 2286 —
511 2262 560 2291 det
575 2263 598 2291 E
611 2264 755 2292 declamant
766 2264 808 2292 det

450 2317 490 2326 —·
511 2302 808 2336 seEIUn,n.2Ld.

471 2342 491 2372 6
510 2342 608 2410 vidiffe
622 2345 644 2372 E
659 2357 670 2372 .
684 2344 785 2382 lufiffil
800 2341 829 2371 U
842 2356 868 2377 ι,
880 2355 899 2371 a
912 2341 1002 2378 viciffe
1017 2339 1082 2377 104

551 2394 562 2410 l
582 2395 599 2411 u
636 2395 650 2412 l

472 2431 490 2461 7
512 2429 544 2452 ut
562 2385 749 2461 infigpiclero
769 2423 793 2453 E
813 2423 844 2454 U
861 2436 878 2453 z
892 2431 921 2453 ut
933 2425 961 2452 in
978 2422 992 2451 1
1007 2429 1035 2450 ut
1048 2422 1082 2460 est

555 2462 625 2492 illud
634 2465 754 2494 Pacu-via·

1149 359 1184 389 53
1229 359 1247 387 9
1269 348 1366 377 Hodie
1380 358 1424 377 me
1438 348 1460 376 E
1475 348 1504 378 U
1517 359 1544 377 eo
1557 350 1598 378 die
1610 349 1625 377 Ι
1639 347 1670 377 Si
1681 360 1718 378 me
1731 351 1803 380 bodie

1205 404 1245 412 —
1266 389 1389 417 comicos
1407 388 1429 417 E
1446 389 1459 416 1
1476 402 1500 422 n,
1513 401 1525 416 ο
1544 391 1665 418 eoamicos
1682 389 1712 419 U
1726 395 1842 422 cannicos

1314 442 1332 456 α
1349 440 1441 457 amcos

1207 482 1246 489 —-
1268 468 1363 497 stultos
1379 468 1454 496 senes
1468 468 1516 496 Id.
1534 468 1644 507 nstulm
1658 470 1762 508 §laſsus

1213 516 1248 536 10
1270 507 1395 536 versaris
1410 509 1433 536 E
1450 508 1462 536 1
1478 508 1506 537 U
1522 522 1532 537 ο
1547 509 1658 546 verseris

1208 562 1249 570 —-
1268 556 1352 585 atque
1367 548 1380 575 I
1392 556 1439 576 aut

1209 602 1249 608 —
1269 587 1366 615 luseris
1381 588 1403 615 E
1419 588 1448 617 U
1463 601 1474 616 ο
1487 596 1515 616 ut
1528 591 1631 618 vixeris
1644 589 1658 618 I
1672 599 1699 619 ut
1709 590 1820 627 illustris

1215 635 1246 656 ιι
1269 627 1494 664 improvidorum
1507 628 1529 656 E
1544 642 1568 663 n,
1583 643 1594 656 ο
1608 638 1631 657 et
1642 633 1843 668 improvidorum

1215 675 1248 695 12
1271 666 1448 696 credulorum
1463 668 1484 695 E
1495 669 1677 699 incredulorum

1210 720 1250 728 —
1271 706 1326 733 Sed
1342 706 1422 742 Efid
1433 711 1511 736 etiam

1211 760 1252 769 -
1272 746 1405 774 amicitiis
1421 760 1430 774 v
1445 748 1473 774 d.

1217 795 1252 822 ¹4
1273 785 1417 813 hominem
1432 786 1455 813 E
1472 800 1484 817 η
1499 787 1594 816 homine

1211 841 1253 848 —
1273 824 1390 854 deflexit
1404 826 1427 854 E
1446 826 1455 853 l
1473 826 1502 853 U
1516 840 1540 860 η,
1550 841 1574 860 κ,
1589 841 1609 861 t,
1623 841 1646 861 ο,
1660 840 1687 862 0¹,
1701 829 1727 863 ψ
1738 831 1846 867 dssuxt‘t

1217 874 1249 904 ¹5
1273 865 1323 893 illa
1335 865 1427 903 prima
1441 865 1455 893 1
1466 866 1496 895 U
1511 880 1535 900 n.
1551 881 1576 900 ιι,
1588 881 1611 901 0,
1623 880 1640 896 σ
1650 868 1722 896 illam
1731 874 1845 907 primam

1211 920 1247 927 —-
1272 905 1436 972 eaquesipsa
1450 906 1472 933 E
1487 906 1501 933 Ι
1518 906 1547 935 U
1558 920 1581 940 η,
1595 921 1622 941 x,
1636 921 1658 940 o,
1670 921 1696 942 ιν,
1708 909 1734 943 ψ
1745 921 1846 948 eamque

1323 953 1353 982 12
1363 956 1405 972 am

1216 993 1248 1022 ¹7
1272 983 1384 1018 Virtus,
1406 984 1493 1014 virtus
1516 986 1539 1015 E
1562 987 1575 1015 1
1598 986 1626 1015 U
1650 1001 1677 1021 κ,
1699 1002 1719 1023 ι,
1739 1001 1760 1023 o,
1775 1002 1802 1023 σ,
1817 988 1846 1025 ψ

1320 1025 1411 1053 Virtus

1210 1078 1251 1132 -—8
1270 1062 1416 1131 inguamdl
1430 1069 1459 1093 in
1472 1076 1525 1104 qua

1216 1113 1225 1131 1
1271 1112 1346 1131 emm
1358 1117 1369 1131 ο
1402 1126 1409 1132 .

1216 1153 1250 1182 ¹9
1272 1143 1377 1172 extulit
1390 1144 1405 1171 I
1420 1158 1442 1177 n,
1455 1145 1480 1179 ψ
1494 1146 1593 1174 extollit

1214 1194 1251 1213 20
1272 1184 1391 1211 ostendit
1406 1197 1423 1212 o·
1436 1187 1462 1213 d.

1215 1233 1246 1252 21
1272 1224 1444 1262 viciffimque
1460 1239 1470 1253 ι
1484 1227 1630 1265 vicinusque

1214 1273 1250 1291 zz
1272 1273 1369 1291 eorum
1386 1278 1412 1298 κ,
1429 1279 1449 1298 ι,
1464 1265 1528 1299 ψό.

1211 1318 1252 1324 -
1273 1313 1423 1340 utrumque
1439 1305 1451 1332 1
1465 1314 1551 1333 utrum

1215 1352 1249 1380 ²5
1273 1342 1332 1379 ipsa
1346 1343 1369 1370 E
1385 1356 1396 1373 η
1412 1343 1467 1381 ipsa
1483 1345 1584 1374 utilitas

1215 1384 1252 1411 28
1274 1383 1308 1410 C.
1325 1396 1338 1413 η
1350 1384 1378 1410 d.

1212 1437 1254 1443 —
1274 1422 1346 1451 Tib.
1364 1435 1384 1457 ι,
1396 1436 1414 1451 σ
1425 1422 1513 1452 Titum

1215 1471 1252 1499 30
1274 1462 1424 1500 Rupilium
1447 1463 1471 1491 Ε
1487 1464 1512 1498 ψ
1534 1462 1662 1492 Rutilium
1677 1477 1701 1497 n,
1717 1479 1728 1494 ι
1748 1466 1845 1505 Rapti-

1320 1503 1382 1531 Itum

1217 1551 1249 1579 3¹
1275 1542 1450 1571 Mummium
1466 1543 1488 1571 E
1503 1542 1618 1573 Matium
1633 1557 1646 1575 n
1659 1546 1810 1575 Numinium

1217 1591 1252 1619 3²
1275 1591 1329 1619 ego
1343 1596 1370 1615 σ,
1387 1582 1413 1616 ψ
1428 1584 1455 1610 d.

1218 1631 1251 1658 33
1276 1622 1458 1651 adolescentis
1477 1622 1498 1650 E
1513 1621 1686 1659 adolcscentuli

1213 1676 1253 1683 -
1274 1661 1376 1690 Rutilii
1393 1662 1515 1701 Virginii
1540 1664 1550 1690 1
1567 1663 1662 1691 ‘Tutilii
1683 1673 1706 1693 et
1727 1666 1827 1693 Virinii

1323 1702 1352 1730 U
1367 1716 1389 1735 0,
1405 1703 1430 1737 ψ
1444 1703 1544 1731 Rutilii
1557 1712 1580 1731 et
1597 1706 1638 1732 A.
1648 1705 1764 1742 Virginii

1215 1750 1253 1779 34
1275 1742 1478 1780 Qoniamque
1493 1743 1533 1771 ita
1548 1743 1571 1771 Ε
1586 1743 1743 1782 Qanquam
1757 1752 1786 1773 ut

1214 1797 1254 1803 —
1274 1791 1436 1820 comparata
1450 1796 1465 1810 x.
1478 1790 1600 1820 comperta
1615 1798 1626 1811 ο
1639 1792 1744 1822 operata

1138 1830 1196 1860 334
1241 1830 1250 1850 ι
1276 1821 1383 1850 oriatur
1397 1822 1411 1850 1
1425 1827 1526 1852 oriatur
1538 1834 1570 1851 ex
1583 1823 1670 1852 altera

1234 1871 1250 1890 2
1273 1871 1288 1889 e
1303 1875 1314 1889 ο
1328 1864 1356 1890 d.

1237 1911 1252 1938 3
1275 1910 1338 1929 cum
1354 1915 1366 1929 ο
1379 1903 1407 1931 d.

1213 1955 1256 1963 —
1277 1949 1307 1970 ut
1322 1942 1428 1970 dicitur
1440 1942 1534 1978 vpoffi's

1235 1991 1254 2017 4
1272 1981 1439 2019 anquirendi
1453 1982 1475 2009 E
1486 1984 1632 2019 requirendi
1639 1983 1849 2022 n‚=11acqui1·endi

1237 2030 1252 2059 5
1275 2020 1338 2049 sunt
1355 2024 1365 2049 1
1383 2035 1405 2054 η,
1420 2035 1447 2054 e,
1463 2022 1557 2058 spsimt
1572 2034 1634 2052 vere

1239 2070 1253 2097 7
1277 2060 1439 2099 semperque
1454 2061 1467 2088 I
1480 2065 1559 2090 etim

1237 2102 1252 2128 8
1276 2101 1409 2129 virtutem
1423 2102 1448 2135 ψ
1462 2104 1577 2131 virtutes

1219 2149 1255 2168 ro
1276 2140 1321 2168 sed
1336 2154 1355 2169 σ
1367 2142 1394 2168 d.

1215 2195 1255 2202 —
1276 2188 1305 2208 et
1320 2181 1343 2209 E
1355 2182 1383 2209 d.

1220 2229 1254 2248 12
1275 2221 1487 2258 proponendam
1518 2221 1532 2249 1
1559 2223 1743 2260 proponendam
1766 2223 1808 2261 ff
1833 2235 1849 2253 n

1318 2263 1513 2298 praeponendam

1219 2308 1230 2328 ι
1238 2308 1254 2337 3
1276 2300 1359 2329 rebus
1370 2300 1396 2334 ψ
1408 2303 1435 2329 d.

1220 2349 1256 2378 ¹4
1276 2340 1369 2369 habeo
1383 2341 1406 2369 E
1419 2342 1445 2376 ψ
1457 2340 1535 2370 babeo
1549 2342 1648 2380 quidem

1214 2394 1255 2402 —
1273 2381 1369 2418 poffim
1384 2394 1403 2410 σ
1411 2383 1504 2420 pffam

1220 2429 1232 2449 ι
1239 2430 1254 2458 ς
1276 2421 1312 2449 de
1327 2422 1349 2450 E
1363 2431 1386 2450 et
1400 2424 1429 2450 de

1221 2469 1254 2498 ¹7
1277 2461 1435 2500 Nunquam
1449 2461 1465 2491 1
1477 2475 1494 2491 x
1508 2472 1551 2501 ego
1563 2471 1693 2500 mquam
