2223 3003
564 247 856 287 VARIAE
932 218 1494 290 LECTioNES.

308 354 369 422 {³:30
393 343 427 419 2¹7
449 382 615 412 salutaribus
629 384 773 413 mortifera
789 386 810 413 E
818 385 964 424 sttlutifira

393 426 428 453 28
446 423 620 452 cuicuimodi
649 423 734 452 fuerit
761 425 811 453 illa
840 425 863 453 E
887 429 928 453 cui
955 425 1020 463 quid

489 463 555 491 mali
564 465 652 502 sueri!
679 463 705 499 ψ
719 468 760 493 cui
771 466 837 503 quid
854 465 917 493 mali
928 467 1016 503 fuerit

490 503 545 531 ulla

392 551 430 580 ²9
451 543 533 572 etiam
551 544 572 572 E
588 544 638 572 illa
651 547 729 572 etiam

390 597 431 604 -
451 583 591 621 acceperit
606 585 628 612 E
642 586 765 621 accgfflrit

312 632 363 660 141
414 632 423 650 ι
448 623 541 651 Titias
557 624 579 651 E
596 623 624 651 U
632 624 703 660 scias
718 625 741 654 sl«
759 623 868 661 thjiias

387 677 428 685 —-
448 663 541 691 nullas
555 664 578 691 E
593 663 678 691 nullas
690 665 735 701 sffi·

410 713 425 731 2
449 703 548 731 Livias
563 703 585 731 E
602 705 707 732 Levius
721 704 746 737 ψ
760 703 867 731 Lemm‘a

410 751 426 780 3
447 742 564 771 sublatae
580 743 738 780 Estillatae

410 792 425 821 5
448 782 563 821 rogabis
577 782 600 810 E
617 783 645 811 U
657 782 796 821 abrogabis

409 822 427 849 6
451 823 535 850 Certe
551 823 573 850 E
590 822 675 850 Certis

407 876 449 883 -—
468 862 550 890 vobis
567 863 588 890 E
605 861 676 890 nabis

391 911 401 930 ι
412 911 422 929 1
448 901 604 931 Zaleucum
618 903 642 930 E
657 902 788 931 Zelettcum

386 956 426 963 ——
447 941 629 970 Charondam
645 943 668 970 E
683 943 858 971 Char-vuidone

391 991 425 1010 12
447 982 565 1021 quidem
582 983 604 1011 E
620 983 724 1020 quidam

391 1031 424 1060 13
447 1021 604 1059 scripserint
619 1023 642 1050 E
657 1023 682 1057 ψ
695 1022 888 1060 c013fcrr'pfirunt

392 1071 424 1095 ις
450 1063 608 1090 Zaleucum
624 1063 648 1091 E
664 1062 771 1091 Zaltum
785 1074 839 1091 cum

390 1111 400 1130 1
411 1104 426 1130 8
449 1101 575 1130 nominat
589 1101 615 1136 ψ
630 1107 760 1131 nominant

385 1157 427 1165 ·—
448 1142 533 1170 Locri
549 1142 570 1170 E
585 1143 665 1172 Lucri

390 1191 426 1219 ¹9
447 1182 523 1220 quod
539 1182 562 1210 E
577 1191 606 1211 ut

387 1231 420 1250 21
446 1222 490 1250 Sit
504 1222 593 1260 igitur
607 1223 629 1252 E
645 1224 675 1252 Si
687 1234 745 1262 ergo

388 1271 424 1290 22
447 1261 525 1290 Deos
541 1263 563 1290 E
580 1263 605 1290 d.

386 1316 427 1323 —
447 1311 537 1339 eaque
552 1303 575 1330 E
591 1311 614 1330 et
627 1313 659 1330 ea

385 1350 422 1379 23
444 1341 554 1369 ditione
568 1342 701 1380 spjudicio

383 1395 427 1404 —
445 1381 613 1420 eosdemque
627 1383 657 1411 U
671 1381 753 1420 eosque

385 1430 426 1458 24
445 1421 517 1459 quid
529 1429 597 1460 agat
611 1422 634 1450 E
648 1425 694 1460 qui
707 1428 772 1461 agat

387 1470 422 1499 23
447 1461 522 1489 colat
536 1462 561 1495 ψ
575 1461 652 1490 eolat.

386 1501 424 1529 26
447 1499 550 1529 hahere
564 1501 588 1529 E
603 1501 633 1530 U
648 1501 741 1530 haberi

386 1550 423 1577 27
445 1549 552 1569 mentes
569 1541 590 1568 E
605 1544 694 1570 mentis

383 1596 423 1603 —
444 1588 473 1609 et
486 1590 503 1608 a
517 1581 540 1609 E
556 1581 585 1609 U
599 1592 630 1610 ac

387 1621 423 1649 28
445 1620 536 1648 verius
551 1621 690 1659 Estuln'us

384 1675 424 1682 —
444 1661 526 1688 stulte
539 1661 565 1694 ψ
575 1663 602 1688 d.

387 1709 425 1738 30
445 1707 527 1738 putet
540 1701 656 1738 Epotuit

383 1754 424 1763 --
443 1740 676 1778 comprehendat,
703 1740 783 1769 nulla
809 1739 918 1770 ratione
942 1741 965 1770 E
982 1741 1011 1770 U

387 1830 424 1858 34
445 1780 584 1858 cogas-E
599 1821 625 1856 ψ
635 1830 723 1860 cogunt

382 1875 422 1882 -
443 1869 590 1889 numerare
600 1861 652 1899 qui
667 1863 688 1890 E
699 1861 728 1890 U
741 1863 915 1898 numerarique
927 1861 953 1896 ψ
964 1872 1011 1890 nu-

483 1911 581 1929 merare
593 1912 669 1940 neque

1067 357 1126 424 113112
1153 347 1188 415 1¹0
1209 386 1326 424 aliisque
1346 386 1489 416 sententiis
1503 387 1619 417 versaris
1642 389 1776 426 Esenren-

1223 428 1311 463 tiisque
1325 428 1433 464 ‘ccrsari

1155 476 1164 494 1
1177 475 1184 493 ι
1209 466 1246 493 est
1261 466 1283 494 E
1298 468 1324 494 d*

1154 515 1187 534 xz
1210 505 1308 533 Unum
1324 507 1353 535 U
1371 507 1444 534 Unde

1153 554 1162 572 1
1172 555 1185 582 3
1208 546 1334 574 Marcus.
1349 546 1462 574 Vellem
1479 547 1501 576 E
1518 548 1549 577 U
1564 549 1656 578 Velleio
1669 550 1695 585 ψ
1708 551 1776 579 mlle

1153 594 1186 623 ις
1210 585 1260 613 nifi
1276 586 1298 613 E
1314 585 1361 614 ubi

1154 625 1188 653 16
1209 625 1307 652 eadem
1324 627 1346 654 E
1362 628 1440 654 eidem

1148 679 1190 685 —
1210 665 1342 693 conversa
1357 666 1379 693 E
1395 668 1424 694 d.

1154 705 1187 731 18
1209 713 1344 741 exprome
1358 706 1380 733 E
1397 706 1426 734 U
1440 709 1553 744 exprime

1148 759 1188 766 --
1210 743 1227 770 fi
1243 743 1335 780 placet
1351 745 1379 774 U
1395 747 1422 773 d.

1152 793 1186 821 ¹9
1208 784 1379 821 Expromam
1395 785 1425 813 U
1437 786 1591 823 Exprimam

1150 833 1187 852 20
1209 824 1285 861 leges
1299 823 1327 857 ψ
1340 824 1404 863 Iegis

1152 873 1190 892 20
1210 873 1280 891 voce
1294 864 1316 891 E
1331 875 1419 893 votem

1152 913 1182 931 21
1209 903 1236 931 id
1254 903 1290 931 est
1306 903 1328 931 E
1343 906 1424 942 ineffit
1435 904 1463 941 ψ
1477 909 1504 934 in
1517 907 1596 944 eisfit

1151 953 1187 971 22
1211 944 1267 972 XII
1282 943 1308 977 ψ
1321 955 1353 972 ex
1366 945 1407 973 his

1148 998 1189 1004 —
1210 983 1376 1021 sacratisque
1391 982 1587 1021 Usum-arisque

1151 1033 1189 1059 24
1209 1030 1307 1060 potero
1322 1024 1345 1051 E
1363 1023 1390 1051 U
1403 1030 1505 1060 potuero

1150 1071 1186 1101 23
1209 1063 1274 1091 esset
1289 1063 1432 1091 infinitum
1456 1062 1482 1089 U
1497 1063 1568 1100 effint
1583 1065 1694 1102 irfinitae

1152 1112 1187 1139 27
1211 1102 1357 1131 audiamus
1373 1103 1395 1130 E
1411 1104 1548 1130 audiamus
1564 1107 1610 1139 (in
1624 1117 1706 1145 marg.
1722 1110 1772 1137 ha-

1251 1143 1324 1171 betur
1338 1143 1433 1171 linem
1446 1145 1564 1172 minian]
1580 1147 1601 1160 '‘
1612 1146 1698 1175 «verba
1711 1150 1774 1186 segis

1250 1191 1274 1211 te
1287 1182 1402 1221 quuitur
1415 1181 1522 1211 Tizut.'’
1543 1191 1567 1211 e!
1590 1187 1617 1212 in
1636 1193 1708 1215 textu
1721 1190 1773 1226 ipsi>

1249 1222 1326 1252 ‘sitm
1340 1223 1436 1261 legitur
1446 1231 1495 1261 pro
1510 1224 1551 1251 Μ,
1556 1223 1575 1261 J
1592 1225 1621 1253 U
1635 1229 1774 1257 audiamus

1247 1263 1328 1291 verba
1341 1262 1422 1301 legum

1150 1303 1186 1330 28
1209 1302 1333 1330 adeunto
1346 1303 1368 1330 E
1384 1303 1414 1331 U
1427 1305 1532 1333 oderunt

1147 1356 1188 1364 —·
1208 1342 1364 1370 adhibento
1377 1352 1384 1370 :
1426 1352 1505 1381 opes.
1555 1344 1578 1372 E
1604 1344 1634 1373 U
1669 1346 1775 1375 habento

1248 1390 1327 1419 opz'l'ls

1149 1430 1187 1458 29
1208 1430 1359 1450 amovento
1373 1422 1398 1458 ψ
1412 1422 1561 1452 admo-vento

1148 1472 1187 1499 30
1207 1461 1323 1490 habeffit
1337 1462 1360 1489 E
1376 1461 1471 1491 habens
1489 1462 1514 1491 U
1532 1464 1557 1498 ψ
1564 1465 1603 1502 ſs:
1618 1465 1713 1493 habens

1146 1515 1187 1522 -—-
1208 1501 1284 1529 Deos
1297 1514 1305 1530 z
1328 1511 1397 1529 neve
1415 1502 1502 1540 Eſsve
1516 1505 1570 1532 deos
1583 1504 1612 1532 U
1625 1506 1650 1540 ψ
1662 1506 1717 1534 deos

1142 1541 1493 1579 —sedneEUsbſsve

1150 1590 1182 1617 31
1209 1581 1302 1609 Lucos
1318 1581 1340 1609 E
1355 1581 1384 1609 U
1397 1582 1459 1609 locos

1149 1630 1185 1657 3²
1207 1622 1376 1659 patrumque
1389 1621 1412 1649 E
1428 1622 1456 1650 U
1472 1620 1499 1656 ψ
1508 1626 1675 1662 patriamque

1148 1671 1182 1698 33
1205 1669 1233 1690 et
1247 1661 1321 1689 ollos
1337 1661 1359 1689 E
1373 1661 1432 1689 ollos

1147 1715 1186 1723 —
1206 1701 1280 1729 endo
1309 1702 1331 1730 E
1360 1703 1520 1739 nanciscendo
1546 1703 1576 1732 U
1590 1707 1619 1732 in
1635 1704 1774 1742 asciscendo

1246 1740 1273 1775 ψ
1287 1744 1316 1769 in

1145 1795 1186 1803 -—
1206 1781 1280 1808 coelo
1295 1782 1320 1815 ψ
1331 1781 1421 1810 calum

1148 1830 1186 1858 34
1207 1821 1306 1850 merita
1321 1822 1343 1849 E
1355 1827 1441 1850 merito

1144 1876 1184 1882 —
1204 1862 1369 1891 vocaverint
1383 1862 1406 1890 E
1422 1863 1452 1891 U
1463 1872 1628 1892 vocaverunt

1149 1911 1182 1940 35
1207 1909 1322 1939 propter
1336 1902 1359 1930 E
1372 1910 1467 1935 praetcr

385 1949 420 1979 35
443 1941 572 1978 praestent
585 1940 632 1974 iis,
659 1950 724 1979 quae
753 1941 967 1980 Epraestntqfque
985 1942 1010 1977 ψ
1069 1950 1122 1979 ¹43
1168 1951 1184 1970 2
1206 1942 1269 1970 Nec
1290 1942 1346 1970 ulla
1359 1941 1493 1971 vitiorum
1515 1944 1538 1971 E
1555 1944 1671 1973 Neue-ula
1687 1947 1770 1974 vitio-

477 1979 668 2019 praesmtiisque

306 2028 362 2056 ¹42
407 2029 418 2049 ι
444 2021 561 2049 rationis
585 2021 713 2059 expertia
737 2021 760 2049 E
775 2024 899 2050 ratianm
913 2025 1012 2060 experti

479 2059 506 2095 ψ
519 2064 629 2089 rasionis
643 2064 744 2099 experti

383 2112 422 2122 -
443 2099 575 2138 nefasque
591 2101 613 2129 E
627 2113 656 2130 ne
669 2111 698 2129 ea
710 2112 769 2139 quae
783 2100 810 2136 ψ
825 2110 868 2130 nec
881 2112 924 2131 eas
937 2111 995 2140 quae

405 2147 420 2176 3
444 2139 538 2168 Utiles
553 2140 576 2167 E
594 2140 630 2168 Ut
643 2140 698 2169 illis

382 2194 423 2201 —
443 2179 492 2207 has
507 2179 530 2208 E
545 2181 572 2208 d.

382 2233 421 2241 -
443 2228 508 2248 cum
523 2219 546 2248 E
559 2226 591 2247 ut

401 2267 422 2295 4
442 2259 532 2288 multa
547 2260 569 2288 E
582 2258 673 2288 aulrae

380 2313 426 2321 —
439 2299 625 2368 ὲυῐεῇἓτεῃᾲο
639 2299 662 2328 Ε
675 2302 703 2328 in
709 2300 880 2338 jurejurando

382 2353 423 2361 —
466 2347 496 2367 nt
561 2348 603 2368 un

405 2388 420 2416 5
444 2342 584 2408 revocasrit
597 2379 621 2407 E
635 2378 665 2408 U
677 2384 815 2409 revocavit

401 2417 421 2446 6
441 2427 586 2457 quamque
599 2419 623 2448 Ε
635 2431 781 2458 quanquam
796 2421 825 2449 U
840 2431 917 2459 quam

402 2465 420 2494 7
443 2466 503 2486 tum
520 2458 632 2488 :estibus
646 2459 669 2486 E
684 2461 709 2493 ψ
722 2461 824 2498 restibus
836 2463 877 2490 his

403 2498 421 2526 8
442 2497 568 2536 appellat
581 2497 604 2526 E
618 2499 767 2537 appellabat

1242 1993 1298 2009 rum
1314 1982 1342 2010 U
1358 1982 1405 2009 hm
1418 1983 1570 2018 coluuionem

1167 2031 1181 2059 3
1205 2021 1292 2050 Feriis
1308 2022 1330 2049 E
1347 2022 1374 2050 U
1389 2022 1490 2050 Feceris

1143 2076 1184 2084 -
1205 2061 1320 2090 famulis
1334 2063 1357 2090 E
1374 2060 1523 2099 &famulos

1144 2117 1184 2124 —
1203 2102 1320 2140 patratis
1336 2100 1361 2135 ψ
1372 2105 1487 2138 peraliis

1166 2151 1183 2176 4
1204 2141 1302 2168 annuis
1320 2141 1348 2169 U
1364 2144 1453 2169 vacuis

1144 2195 1185 2202 —
1204 2180 1384 2209 amfraffibus
1399 2181 1422 2209 Ε
1436 2181 1602 2219 αψαῆίόω

1166 2230 1180 2258 5
1203 2220 1346 2258 certasque
1362 2220 1460 2249 baccas
1474 2221 1497 2250 E
1509 2223 1623 2260 masque
1635 2221 1714 2252 baca,

1143 2274 1185 2282 —
1205 2259 1315 2288 libanto
1330 2260 1354 2288 E
1368 2260 1497 2289 liberanto

1164 2299 1182 2327 6
1204 2299 1240 2328 ad
1255 2300 1314 2328 dies
1331 2301 1353 2328 E
1370 2301 1398 2329 U
1413 2300 1440 2337 ψ
1455 2301 1533 2329 addes

1144 2354 1184 2362 —
1207 2339 1362 2368 ubertatem
1378 2340 1401 2368 E
1418 2341 1535 2369 ubertate

1165 2389 1181 2416 7
1205 2379 1345 2419 soetusque
1359 2380 1382 2409 E
1397 2381 1577 2419 spsuuraeqne
1591 2382 1620 2410 U
1624 2385 1759 2423 fetumque

1142 2434 1185 2441 -—
1203 2419 1235 2448 Id
1251 2421 1327 2457 quod
1344 2421 1367 2449 E
1383 2421 1411 2449 U
1427 2422 1452 2456 ψ
1465 2422 1544 2459 quue

1165 2461 1181 2487 8
1204 2459 1357 2488 sacerdotes
1371 2459 1397 2493 ψ
1411 2461 1438 2488 d.

1142 2513 1183 2522 —
1203 2499 1327 2538 quoique
1342 2498 1420 2528 Divo
1443 2499 1551 2529 decorae
1571 2509 1715 2540 grataeque
1740 2502 1765 2532 E

1243 2542 1333 2577 cuique
1346 2542 1411 2570 vivo
1433 2551 1487 2570 cum
1500 2540 1581 2571 dacore
1595 2552 1714 2580 raraeque
