2223 3003
612 208 904 250 VARIAE
990 208 1545 253 LECTIONES.

353 321 415 390 {⁶4
460 359 470 379 ι
495 349 549 378 fica
563 349 681 387 &scitia

456 400 472 420 2
495 389 798 424 mEIUnffl-guss

434 445 476 453 —
497 430 633 468 plurimos
648 429 676 458 U
686 430 809 467 plurimo!
821 437 907 459 aulen

457 480 472 508 3
495 479 578 498 manu
593 471 617 498 E
633 483 656 501 ιι,
672 471 737 504 σ,ψ
750 481 839 498 πωπω

433 524 474 533 ·-
494 510 685 548 deflagrarunt
700 523 724 544 η,
738 523 767 543 o,
779 509 806 545 ψ
819 509 981 547 dfiagra-m'e

454 558 476 586 4
495 549 558 578 foro
574 549 586 576 1
603 550 630 578 U
636 553 700 587 foro
711 553 790 578 etiam

433 603 475 612 —
496 598 659 617 communes
676 603 699 623 η,
713 603 740 623 r,
755 588 783 624 ψ
795 599 875 618 omues

457 639 474 665 7
496 629 581 656 etiam
598 630 620 657 E
637 628 649 655 Ι
665 628 805 663 U·‚aed.

458 671 474 698 8
497 668 682 706 perhorrescis
697 668 724 704 ψ
738 668 908 706 perbonestu

455 718 474 747 9
496 716 597 745 operto
611 709 634 736 E
648 717 758 746 oper-tua
771 709 797 744 ψ
805 716 883 747 portu

436 763 477 771 —
499 747 548 776 ubi
561 748 588 782 ψ
600 749 628 776 d.

442 797 478 817 ιο
499 797 564 816 eum
580 788 603 815 E
618 799 673 816 cum

437 844 478 851 —
499 828 551 855 effe
566 828 580 856 1
594 828 637 865 effi
647 827 791 866 subjefflen

442 877 476 905 13
490 866 713 898 '‘On—>2³05
727 867 752 895 E
766 867 781 895 Χ
797 866 827 896 U
842 880 867 901 ι,
881 879 909 900 σ,
922 865 948 900 ψ
961 865 988 894 d.

443 917 479 946 ¹4
500 908 597 936 Solum
697 907 805 936 servum
826 907 849 936 E
864 907 894 935 N
909 905 938 934 U
952 903 980 940 ψ
991 905 1069 943 Adest

545 959 626 977 mnu
640 948 769 986 sbpientes
789 947 882 976 hberu
901 947 955 984 effi,
972 954 997 974 et
1017 956 1070 973 om-

460 1027 478 1057 6
546 988 786 1063 nessgaeltosservos
799 987 814 1016 Ι
828 999 852 1021 ιι.
866 999 886 1016 e
897 987 926 1015 d.

442 1037 452 1057 1
500 1035 549 1057 aut
562 1041 590 1061 σ,
641 1036 725 1057 autem

441 1077 477 1105 17
499 1067 552 1097 suis
568 1081 595 1101 σ,
609 1067 636 1103 ψ
648 1069 676 1096 d.

443 1117 481 1146 19
503 1115 595 1137 teneat
609 1109 717 1145 efiniae

438 1163 480 1171 —
500 1148 618 1185 repellat
632 1148 661 1177 U
677 1148 801 1186 rtpritnas

441 1198 479 1217 20
501 1195 560 1216 tum
576 1201 589 1218 n
604 1195 664 1216 lune

438 1243 480 1250 —
500 1227 559 1265 ipse
574 1228 597 1256 E
611 1236 635 1256 et
649 1227 700 1265 ipsi

441 1277 474 1298 ει
498 1277 596 1304 patere
610 1268 634 1295 E
645 1275 737 1305 patere

438 1322 479 1330 —
499 1306 578 1335 Dum
594 1307 617 1335 E
633 1309 691 1335 dum
705 1313 789 1335 autem

438 1362 480 1371 —
500 1346 615 1375 obediet
629 1347 652 1374 E
665 1346 810 1375 obediverit
829 1357 855 1379 η,
867 1357 897 1379 e,
911 1344 937 1379 ψ
950 1343 1072 1374 obedierit

442 1396 480 1417 22
500 1386 574 1414 liber
588 1387 612 1414 E
628 1385 694 1414 liber
705 1387 804 1425 quidm
816 1384 831 1414 1
844 1388 922 1416 etiam
935 1384 1000 1414 liber

441 1441 482 1450 -
501 1425 620 1454 omnino
633 1426 657 1454 E
670 1427 700 1455 d.

444 1476 461 1495 2
467 1475 481 1503 3
504 1466 542 1495 est
556 1465 610 1494 hoc
622 1465 649 1500 ψ
661 1467 691 1494 d.

441 1521 483 1529 —
502 1505 578 1534 enim
592 1505 607 1533 Ῑ
621 1519 645 1540 n,
656 1519 673 1533 ο·
686 1507 714 1534 d.

440 1561 482 1569 —
501 1555 623 1584 quorum
637 1546 661 1574 E
677 1547 691 1575 1
707 1545 736 1575 U
751 1558 775 1580 u,
789 1558 817 1580 σ,
833 1543 860 1581 ψ
873 1555 980 1584 quorum
991 1555 1033 1584 ego

444 1596 480 1624 ες
503 1585 570 1614 esset
582 1586 612 1614 U
627 1585 654 1621 ψ
666 1588 701 1624 est

445 1626 482 1655 26
503 1626 630 1654 fimulem
645 1625 785 1664 slefimilm

444 1675 482 1704 29
503 1666 579 1694 enim
594 1666 608 1694 1
621 1675 705 1695 autem
716 1666 741 1700 ψ
753 1667 781 1694 d.

442 1720 484 1729 -
502 1706 619 1744 potestas
639 1706 757 1734 vivendi
778 1705 793 1733 1
816 1705 933 1734 vivendi
956 1705 1074 1742 potestat,

549 1747 666 1775 vivendi
683 1746 713 1774 N
729 1746 779 1783 nifi
785 1746 893 1783 pmstas
906 1747 1022 1773 vivendi

447 1795 480 1824 3¹
504 1785 618 1825 legibus
633 1785 751 1825 quidem
766 1795 823 1814 non
845 1785 868 1813 E
881 1785 908 1819 ψ
928 1795 958 1813 u
979 1783 1076 1823 legibut

365 1865 422 1910 ³⁶⁵
469 1875 480 1894 ι
505 1828 666 1903 ειᾳῖιίκέἵι

443 1921 484 1928 -
505 1906 572 1944 quia
589 1907 611 1934 E
626 1909 671 1945 qui
685 1919 698 1935 n
712 1906 780 1943 quod

464 1955 486 1984 4
506 1946 635 1974 feruntur
652 1947 675 1974 E
690 1946 719 1974 U
735 1959 747 1976 ιι
761 1947 908 1984 refirmnr

467 1996 483 2025 ς
505 1986 581 2024 apud
593 1995 657 2014 eum
673 1999 686 2016 n
701 1987 729 2014 d.

465 2026 485 2054 6
506 2026 660 2054 maximum
676 2039 695 2054 σ
708 2027 735 2054 d.

468 2075 484 2103 7
507 2074 540 2093 ea
561 2067 664 2103 cuique
686 2064 803 2103 fingitur
825 2064 850 2092 E
872 2063 901 2092 U
924 2063 950 2097 ψ
975 2063 1078 2102 quisque

545 2108 673 2144 fungitur
687 2105 700 2132 Ι
715 2105 816 2142 quasque
826 2115 856 2132 ea
862 2104 980 2141 fingitur

466 2146 484 2172 8
506 2145 649 2183 contingit
663 2145 686 2173 E
701 2147 820 2172 convenit

446 2199 488 2207 —
508 2185 595 2213 faciat
610 2186 716 2213 invitus
729 2197 749 2213 σ
761 2186 788 2214 d.

465 2235 485 2263 9
507 2225 554 2253 etfi
570 2225 583 2252 1
596 2227 623 2253 d.

447 2280 487 2287 —
508 2265 560 2293 esse
582 2265 604 2293 E
619 2266 659 2302 ff
670 2266 748 2303 potest

452 2313 487 2333 10
508 2305 544 2332 est
560 2306 582 2333 E
597 2307 652 2342 ff!

447 2359 488 2367 —
508 2352 536 2373 et
550 2345 634 2372 breve
648 2353 676 2373 et
691 2345 714 2373 E
730 2344 758 2373 U
778 2344 858 2373 brevi
879 2343 893 2371 I
916 2343 996 2374 bre-ve
1009 2357 1033 2379 a,
1047 2357 1076 2380 c,

555 2383 582 2419 ψ
594 2394 616 2412 et
631 2384 711 2413 breve

452 2433 462 2453 1
473 2434 483 2452 ι
507 2423 595 2462 igitur
611 2423 638 2452 U
652 2437 669 2451 e.-
681 2435 740 2462 erga

450 2474 486 2493 η
508 2474 560 2494 uec
575 2464 630 2493 hoc
642 2465 666 2494 E
680 2463 902 2501 ethoclsnvin

1209 311 1218 340 1

1118 321 1175 390 1{65
1202 332 1238 387 114
1259 352 1332 380 faeta
1344 351 1356 379 I
1370 354 1481 390 astricu

1198 405 1239 413 —-
1261 399 1310 420 aut
1323 393 1348 425 ᾧ
1362 401 1440 429 atque

1198 445 1239 453 —
1259 431 1357 467 aliquo
1372 431 1400 460 U
1415 433 1468 461 alio

1197 484 1239 493 -—
1259 471 1278 499 fi
1295 470 1318 499 E
1329 472 1353 504 ψ
1367 473 1396 499 d.

1204 512 1239 539 18
1262 510 1334 538 liber
1350 512 1371 539 Ε
1387 511 1397 538 Ι
1414 510 1443 538 N
1458 510 1487 539 U
1502 523 1527 545 n,
1541 510 1567 548 ψ
1581 512 1647 542 liber
1661 517 1769 545 videtur

1203 559 1241 578 ιο
1262 550 1385 578 recusare
1400 563 1427 584 a,
1441 551 1468 585 ψ
1481 553 1507 581 d.

1199 602 1242 613 -·
1260 590 1347 619 audet
1362 591 1391 619 U
1404 591 1497 619 audeat

1205 638 1236 658 21
1261 629 1431 658 veniendum
1449 631 1471 658 E
1487 630 1499 658 Ι
1518 630 1545 658 U
1560 632 1585 665 ψ
1599 635 1750 662 veniendum
1763 637 1799 672 est

1201 682 1242 692 --
1263 669 1424 697 abeundum
1442 669 1463 697 E
1479 669 1492 697 Ι
1508 671 1537 699 U
1552 672 1577 706 ψ
1591 672 1732 702 abeundum
1745 677 1779 712 est

1200 723 1241 731 —
1262 709 1385 737 minatur
1398 710 1423 742 ψ
1435 711 1464 737 d.

1200 762 1239 771 —
1260 748 1493 822 exximissendum
1516 749 1538 777 E
1557 750 1571 778 1
1585 751 1615 780 U
1633 755 1833 790 extinistendm

1308 790 1342 825 est
1397 789 1425 817 d.

1205 837 1242 857 22
1263 828 1349 856 modo
1362 828 1386 856 E
1400 836 1501 857 tansum

1202 882 1243 890 -—
1264 867 1457 905 nequiffimum
1473 868 1584 898 servum
1598 870 1619 898 E
1629 871 1654 904 ψ
1665 873 1834 910 nequiffimua

1206 917 1241 945 23
1264 906 1294 936 in
1308 907 1472 945 ampliffima
1485 908 1593 938 familia
1607 919 1688 939 natus
1699 912 1731 940 fit
1742 913 1765 940 E
1778 925 1834 941 am-

1307 947 1419 984 plfflua
1422 948 1539 985 familia
1552 958 1628 978 natus
1637 951 1652 978 I
1660 952 1836 990 amplfflmaoe

1301 987 1442 1024 familiam
1459 991 1591 1027 παθη-βο*

1203 1041 1245 1050 ·--
1268 1035 1298 1056 ut
1312 1027 1340 1054 in
1357 1028 1380 1055 E
1396 1039 1414 1055 a

1207 1077 1245 1105 24
1264 1067 1408 1096 stultorum
1420 1066 1530 1096 familia
1539 1067 1602 1098 sunt
1616 1070 1838 1110 Efamiliastul-

1309 1115 1402 1136 torum.
1437 1110 1501 1136 Sunt

1203 1161 1245 1169 —
1265 1147 1397 1175 lautiores
1410 1147 1425 1174 Ι
1438 1147 1596 1177 laudasioret
1607 1147 1636 1184 ψ
1650 1148 1796 1179 laudatores

1206 1196 1241 1226 ²⁵
1265 1195 1297 1215 ac
1313 1186 1425 1224 topiarii
1440 1187 1463 1215 E
1478 1201 1490 1219 η
1503 1188 1568 1224 fiant
1583 1192 1648 1226 pari
1666 1194 1725 1219 aaa
1739 1190 1765 1224 ψ
1779 1195 1835 1220 aaa

1307 1230 1396 1264 pearn'

1204 1280 1245 1289 -—
1265 1266 1327 1305 pari
1351 1266 1469 1295 stultitia
1490 1266 1553 1296 sunt
1572 1267 1595 1296 E
1614 1268 1644 1296 N
1663 1267 1835 1306 Ustuleitiae

1304 1305 1366 1341 suae
1385 1307 1399 1334 Ι
1420 1319 1444 1339 η,
1466 1319 1495 1340 σ,
1510 1307 1538 1341 ψ
1551 1307 1679 1344 stultitiae
1692 1310 1754 1343 fiaae
1770 1311 1836 1345 fitne

1206 1346 1244 1376 28
1269 1346 1309 1375 At
1323 1345 1656 1385 sumus—principes
1681 1348 1704 1376 E
1724 1362 1752 1382 r,
1767 1348 1795 1384 ψ
1809 1351 1835 1378 Ε

1303 1386 1412 1423 smmi:
1424 1389 1544 1424 inquiunt
1559 1387 1720 1426 principrus
1732 1391 1838 1417 civita-

1311 1428 1348 1454 tis
1365 1429 1424 1454 nati
1435 1428 1526 1463 sumus
1539 1426 1553 1454 I
1567 1428 1611 1455 Ex
1623 1428 1731 1462 summis
1749 1431 1840 1466 inqui:

1313 1474 1359 1493 une
1368 1465 1750 1503 princepibuscivitatisfimus
1769 1467 1798 1496 N
1812 1469 1838 1497 Ε

1304 1506 1413 1542 fiammis
1432 1507 1526 1543 inquid
1537 1506 1698 1544 principibus
1713 1509 1839 1538 civitatis

1303 1544 1394 1580 fimum
1407 1549 1465 1573 nali

1209 1594 1246 1623 30
1267 1585 1387 1614 caelant
1400 1585 1426 1619 ψ
1437 1589 1584 1622 ρενναθαηι

1205 1639 1247 1647 -
1266 1625 1314 1662 qui
1331 1633 1442 1663 ungunt
1457 1625 1484 1653 N
1498 1627 1526 1653 d.
1548 1624 1576 1661 ψ
1588 1627 1757 1665 quijungune

1205 1679 1247 1687 -—
1267 1664 1318 1702 qui
1334 1672 1448 1694 verrunt
1462 1678 1475 1696 η
1491 1667 1520 1694 d.

1204 1719 1245 1726 ·-
1263 1704 1314 1742 qui
1329 1703 1463 1743 spargunt
1477 1705 1501 1733 E
1516 1706 1544 1733 d.
1565 1704 1591 1739 ψ
1604 1703 1778 1744 quispam-gunt

1208 1754 1246 1783 32
1268 1743 1440 1773 dediderunt
1454 1745 1478 1773 E
1494 1744 1523 1773 N
1537 1757 1556 1773 σ
1573 1746 1692 1774 dederuut
1711 1746 1737 1781 ψ
1751 1747 1838 1776 tradi·

1312 1786 1404 1812 derunt

1210 1833 1246 1861 33
1269 1823 1410 1852 servitutis
1426 1837 1450 1857 ιι,
1463 1825 1489 1859 ψ
1503 1827 1627 1853 civitatir

1207 1878 1249 1885 —
1268 1863 1400 1892 obtinent
1414 1864 1428 1892 1
1442 1865 1471 1892 N
1484 1864 1514 1894 U
1530 1877 1554 1898 a,
1565 1864 1591 1898 ψ
1604 1871 1686 1892 tenent

1206 1918 1248 1926 —-
1267 1903 1379 1942 Magna
1392 1904 1415 1932 E
1429 1905 1481 1932 sad
1491 1915 1588 1942 uagna

1131 1942 1189 1983 366
1234 1953 1245 1972 ι
1269 1943 1405 1973 Echionis
1430 1945 1454 1973 E
1470 1945 1594 1973 Achiacir
1617 1943 1648 1972 N
1666 1944 1786 1975 Aemi:
1808 1945 1839 1976 U

1315 1982 1420 2012 Amris
1432 1997 1457 2016 ι,
1471 1997 1500 2017 e,
1513 1984 1539 2018 ψ
1551 1986 1660 2012 adimis

1231 2033 1247 2052 2
1270 2023 1409 2061 Polycleti
1425 2023 1446 2052 E
1460 2023 1580 2052 Policbre
1594 2036 1608 2054 η
1616 2023 1734 2061 policreti

1209 2077 1250 2085 —
1269 2063 1568 2092 Omitto—habea
1583 2063 1612 2091 N
1629 2062 1656 2099 ψ
1669 2065 1697 2093 d.

1210 2117 1250 2125 -
1269 2111 1298 2132 et
1313 2104 1336 2132 E
1349 2103 1363 2131 1
1375 2105 1402 2132 A.

1209 2158 1249 2166 —-
1269 2143 1372 2171 habeas
1387 2143 1410 2171 E
1425 2142 1520 2171 habeas
1530 2145 1581 2181 ista

1234 2193 1248 2221 3
1272 2183 1457 2211 admirantem
1473 2183 1496 2212 E
1507 2192 1531 2211 te
1543 2184 1716 2212 admirantum

1210 2238 1251 2245 —
1271 2223 1405 2251 clamores
1422 2223 1443 2250 Ε
1456 2232 1479 2252 ιε
1493 2222 1623 2252 clauorem

1231 2273 1251 2299 4
1273 2271 1299 2291 te
1314 2263 1337 2291 E
1349 2276 1371 2295 τι,
1388 2263 1414 2297 ψ
1427 2264 1455 2291 A.

1235 2313 1248 2339 ς
1271 2302 1322 2330 illa
1336 2302 1359 2330 E
1375 2305 1425 2340 ista

1211 2357 1252 2365 —-
1273 2342 1368 2371 festiva
1384 2343 1406 2371 F.
1419 2344 1527 2381 festiva
1539 2341 1596 2380 fibi
1607 2342 1742 2379 slefestiva
1755 2343 1841 2372 admi·

1319 2382 1419 2411 rabilia

1213 2437 1252 2444 —
1272 2431 1386 2460 quoque
1401 2434 1429 2456 r,
1442 2422 1466 2456 ψ
1481 2423 1509 2450 d.

1231 2463 1251 2491 6
1271 2463 1312 2492 ita
1326 2463 1350 2492 E
1363 2465 1406 2492 ita
1418 2472 1449 2491 ne

1534 2500 1561 2530 V
1578 2510 1596 2529 v
1610 2509 1629 2529 v
1650 2509 1666 2530 z
