2223 3003
353 258 403 284 :2
646 246 747 283 DE
806 244 1456 284 DIVINATIONE

352 344 521 397 publica,
543 344 672 381 dicens
701 343 852 381 Critoni
873 343 939 380 suo
957 342 1153 386 familiari,
1183 341 1254 379 fibi
1272 342 1356 394 post
1375 342 1532 380 tertium
1552 342 1656 381 diem
1674 343 1745 382 esse

353 409 611 451 moriendum,
634 406 762 444 vidiffe
781 407 816 444 se
835 407 876 444 in
897 406 1040 445 somnis
1059 404 1349 459 pulchritudine
1363 406 1506 446 eximia
1525 405 1743 452 foeminam,

351 487 436 527 quae
456 473 490 511 se
511 472 668 510 nomine
687 471 880 524 appellans
901 471 1042 511 diceret
1061 471 1323 511 Homericum
1344 472 1538 525 quendam
1557 472 1747 525 ejusmodi

351 544 496 576 vertum
515 556 527 583 ;

486 602 612 643 ‘Tertia
633 613 667 642 te
682 604 832 647 Phthia·
851 603 1030 659 tempestas
1049 605 1136 644 laeta
1154 605 1294 644 locabit.

351 669 485 720 Qod,
508 680 550 708 ut
570 669 622 707 est
641 670 804 715 dictum,
837 670 886 708 fic
918 670 1096 709 scribitur
1119 670 1331 723 contigisse.
1370 669 1592 723 Xenophon
1613 672 1744 709 Socra-

349 736 450 773 ticus
481 735 572 787 (qui
593 735 664 779 vir,
694 745 732 774 et
766 735 986 788 quantusl)
1017 736 1057 774 in
1077 749 1120 774 ea
1151 735 1304 781 militia,
1335 749 1411 789 qua
1429 749 1521 774 cum
1543 737 1647 787 Cyro
1666 735 1744 774 mi-

351 815 440 840 nore
461 800 682 854 perfunctus
702 801 769 845 est,
800 801 863 839 sua
881 800 1013 840 scribit
1032 801 1206 846 somnia;
1237 815 1406 854 quorum
1436 811 1593 840 eventus
1627 801 1744 839 mira-

351 867 447 905 biles
467 867 692 905 extiterunt.
751 867 914 905 Mentiri
935 866 1254 920 Xenophontem,
1285 881 1331 906 an
1350 867 1520 912 delirare,
1541 867 1745 905 dicemus?

352 932 461 983 Qid
495 931 673 984 singulari
707 932 764 969 vir
793 933 950 983 ingenio
980 932 1215 978 Aristoteles,
1245 942 1284 971 et
1317 947 1413 986 pene
1445 932 1608 971 divino?
1640 931 1746 984 Ipse-

351 1010 399 1034 ne
423 997 555 1034 errat?
596 1011 643 1034 an
676 996 767 1035 alios
797 996 881 1035 vult
910 997 1060 1035 errare?
1105 1011 1197 1036 cum
1231 998 1374 1042 scribit,
1406 998 1630 1036 Eudemum
1664 997 1746 1047 Cy·

350 1063 482 1114 prium
510 1061 739 1100 familiarem
773 1062 899 1107 suum,
929 1063 1002 1101 iter
1031 1064 1071 1101 in
1103 1063 1375 1101 Macedoniam
1404 1061 1612 1101 facientem
1642 1061 1746 1101 Phe-

351 1141 407 1165 ras
435 1127 600 1171 veniffe;
632 1141 717 1179 quae
736 1137 813 1165 erat
834 1127 924 1165 urbs
954 1127 995 1165 in
1016 1126 1209 1166 Thessalia
1239 1137 1325 1166 tum
1356 1127 1568 1166 admodum
1588 1126 1745 1171 nobilis,

350 1193 397 1231 ab
423 1193 643 1231 Alexandro
673 1203 802 1231 autem
834 1203 994 1245 tyranno
1025 1193 1172 1232 crudeli
1197 1194 1399 1233 dominatu
1430 1194 1641 1233 tenebatur.
1699 1193 1747 1231 In

350 1273 397 1297 eo
417 1259 535 1311 igitur
565 1259 708 1312 oppido
739 1259 792 1297 ita
810 1260 974 1312 graviter
993 1272 1139 1313 aegrum
1170 1260 1395 1299 Eudemum
1419 1259 1544 1305 fuiffe,
1580 1267 1625 1298 ut
1657 1271 1746 1298 om-

350 1337 416 1362 nes
438 1324 580 1362 medici
599 1323 828 1364 diffiderent.
860 1325 909 1363 Ei
930 1325 1055 1364 visum
1074 1324 1145 1364 ess‘e
1169 1326 1210 1364 in
1229 1327 1358 1380 quiete
1388 1327 1539 1380 egregia
1567 1324 1665 1364 facie
1678 1325 1748 1377 ju-

350 1404 487 1429 venem
508 1391 647 1436 dicere,
679 1390 760 1430 fore
792 1401 835 1430 ut
867 1392 1040 1444 perbrevi
1060 1392 1351 1438 convalesceret,
1381 1393 1586 1447 paucisque
1612 1391 1749 1429 diebus

350 1456 600 1495 interiturum
631 1456 896 1495 Alexandrum
928 1466 1134 1508 tyrannum
1150 1477 1162 1503 ς
1200 1458 1326 1511 ipsum
1359 1468 1489 1497 autem
1523 1456 1749 1496 Eudemum

350 1522 619 1574 quinquennio
648 1522 732 1575 post
761 1523 925 1561 domum
959 1522 1030 1561 effe
1057 1523 1286 1562 rediturum.
1346 1525 1479 1577 Atque
1508 1524 1561 1562 ita
1591 1521 1750 1575 quidem

349 1588 476 1639 prima
506 1588 632 1626 statim
663 1588 794 1626 scribit
814 1588 1036 1632 Aristoteles
1071 1589 1272 1627 consecuta
1288 1607 1300 1633 ς
1332 1598 1371 1626 et
1400 1587 1631 1627 convaluisse
1663 1589 1749 1626 Eu-

350 1652 511 1690 demum
528 1671 539 1697 ;
571 1661 609 1690 et
629 1653 676 1692 ab
706 1654 835 1692 uxoris
855 1653 1036 1692 fratribus
1068 1653 1314 1693 interfectum
1346 1663 1578 1703 tyrannum:
1610 1654 1750 1706 quinto

349 1727 477 1756 autem
499 1731 599 1756 anno
619 1728 795 1762 exeunte,
822 1731 914 1755 cum
944 1719 1032 1755 effet
1052 1719 1133 1769 spes
1155 1730 1202 1755 ex
1232 1717 1300 1755 illo
1320 1717 1484 1763 somnio,
1512 1718 1553 1756 in
1572 1719 1748 1771 Cyprum

350 1783 465 1822 illum
494 1796 542 1821 ex
577 1783 705 1821 Sicilia
735 1781 805 1820 effe
834 1782 1062 1827 rediturum,
1092 1782 1330 1835 praeliantem
1364 1796 1455 1821 eum
1482 1783 1528 1821 ad
1554 1784 1748 1836 Syracusas

349 1848 539 1888 occidisse.
572 1849 633 1886 Ex
654 1861 732 1901 quo
753 1848 804 1885 ita
824 1847 920 1885 illud
942 1847 1135 1886 somnium
1155 1847 1226 1886 effe
1245 1848 1552 1901 interpretatum,
1577 1858 1634 1895 ut,
1655 1864 1749 1890 cum

352 1915 503 1953 animus
524 1914 692 1952 Eudemi
718 1927 738 1951 e
764 1926 922 1966 corpore
950 1912 1159 1959 excesserit,
1189 1923 1274 1953 turn
1294 1913 1459 1954 domum
1479 1915 1668 1954 revertiffe
1687 1916 1747 1955 vi-

351 1980 496 2019 deatur.

406 2046 677 2099 Adjungamus
701 2045 939 2101 philosophis
958 2048 1218 2088 doetiffimum
1239 2048 1457 2095 hominem,
1485 2058 1638 2103 poetam
1657 2048 1748 2102 qui·

352 2113 441 2150 dem
475 2112 666 2158 divinum,
696 2112 955 2165 Sophoclem,
987 2115 1069 2167 qui,
1101 2129 1193 2154 cum
1222 2130 1269 2155 ex
1303 2117 1380 2154 aede
1405 2115 1589 2155 Herculis
1623 2124 1750 2169 patera

353 2191 460 2216 aurea
490 2179 612 2230 gravis
633 2178 800 2232 surrepta
820 2178 922 2225 esset,
954 2180 992 2218 in
1015 2180 1156 2220 somnis
1191 2182 1288 2220 vidit
1308 2181 1432 2235 ipsum
1463 2182 1595 2221 Deum
1615 2181 1750 2219 dicen-

354 2253 448 2289 tem,
479 2244 606 2296 quiid
627 2243 795 2283 feciffet:
828 2245 932 2297 quod
954 2246 1066 2284 semel
1099 2247 1164 2285 ille
1193 2248 1412 2300 iterumque
1439 2248 1622 2301 neglexit.
1668 2247 1750 2286 Ubi

351 2309 456 2348 idern
478 2309 625 2363 stepiuS,
657 2309 821 2349 ascendit
852 2311 891 2349 in
913 2313 1186 2365 Areopagum5
1217 2313 1356 2352 detulit
1377 2327 1470 2352 rem.
1510 2314 1751 2367 Areopagitae

353 2375 784 2428 comprehendijubent
804 2390 909 2422 eum,
946 2378 1012 2430 qui
1033 2392 1053 2415 a
1081 2377 1270 2432 Sophocle
1304 2389 1381 2417 erat
1416 2379 1649 2418 nominatus.
1700 2380 1749 2423 Is,

353 2440 558 2493 quaestione
579 2439 723 2485 habita,
744 2440 932 2480 consessus
963 2442 1029 2487 cst,
1062 2453 1306 2497 pateramque
1327 2445 1471 2483 retulit.
1515 2446 1607 2496 Qo
1637 2443 1750 2490 facto,

354 2505 486 2544 fanum
509 2506 605 2544 illud
628 2506 767 2545 Indicis
791 2508 973 2547 Herculis
996 2510 1239 2548 nominatum
1260 2511 1326 2548 est.

408 2572 560 2611 XXVI.
583 2572 652 2612 Sed
670 2573 765 2627 quid
780 2588 851 2627 ego
870 2576 1096 2614 Graecorum
1113 2577 1124 2614 ?
1149 2576 1292 2616 Nescio
1311 2590 1389 2630 quo
1409 2577 1527 2617 modo
1547 2589 1609 2618 me
1627 2575 1748 2629 magis
