2223 3003
741 262 1019 303 LIBER
1080 263 1443 304 PRIMUS.
1745 283 1796 323 37

396 376 489 402 cum
509 361 765 416 disputavisset
796 363 960 401 mirifice
989 363 1037 401 ad
1065 364 1227 402 verbum
1257 378 1349 403 cum
1382 378 1420 403 re
1449 364 1677 411 convenisse,
1711 375 1796 406 tum

396 429 615 474 insolenter,
646 429 773 474 credo,
808 430 855 467 ab
883 430 1075 481 Epicureo
1103 430 1234 481 aliquo
1263 431 1442 469 inductus
1477 431 1656 485 disputat,
1692 433 1795 472 som-

396 495 471 533 niis
492 495 595 532 credi
615 508 692 532 non
712 502 899 546 oportere.
931 494 1042 531 Idem
1062 504 1196 531 contra
1221 496 1367 533 ostenta
1386 496 1485 534 nihil
1516 498 1696 550 disputat,
1726 513 1796 538 ex-

396 561 584 613 ponitque
614 560 726 598 initio
760 558 852 596 belli
879 558 1035 596 Marsici
1061 567 1099 595 et
1119 559 1295 597 Deorum
1315 560 1515 599 simulacra
1535 564 1727 611 sudavisse,
1759 574 1798 604 et

395 625 619 678 sanguinem
650 623 809 668 fluxisse,
844 633 882 661 et
901 623 1096 662 disceffiffe
1121 624 1290 670 caelum;
1322 635 1360 664 et
1390 639 1437 664 ex
1466 628 1621 666 occulto
1651 632 1795 670 auditas

395 689 465 727 effe
485 703 610 734 voces,
647 703 733 742 quae
756 688 927 742 pericula
956 689 1049 727 belli
1083 691 1327 735 nuntiarent;
1361 700 1398 728 et
1428 692 1594 729 Lanuvii
1626 694 1795 747 clypeos,

399 755 503 807 quod
531 754 796 809 haruspicibus
829 754 1083 793 tristissimum
1114 755 1239 793 visum
1269 755 1372 802 effet,
1402 770 1423 794 a
1442 757 1618 795 muribus
1639 758 1709 796 effe
1729 760 1795 798 de-

397 821 512 859 rosos.

452 887 575 938 Qid,
611 887 717 939 quod
735 887 777 925 in
797 887 996 926 annalibus
1016 887 1219 934 habemus,
1243 889 1401 927 Veienti
1431 889 1549 935 bello,
1580 903 1672 929 curn
1691 891 1797 931 lacus

395 951 570 991 Albanus
603 962 738 1006 praeter
767 954 931 992 modum
958 954 1140 1000 creviffet,
1171 956 1377 994 Veientem
1411 956 1605 1008 quendam
1635 957 1681 995 ad
1711 972 1796 1004 nos,

396 1016 600 1058 hominem
634 1019 823 1065 nobilem,
854 1019 1070 1073 perfugisse,
1116 1035 1285 1074 eumque
1319 1022 1466 1067 djxiffe,
1498 1036 1544 1061 ex
1578 1022 1680 1067 fatis,
1712 1038 1798 1076 quae

396 1084 577 1124 Veientes
598 1086 735 1138 scripta
752 1085 950 1131 haberent,
971 1087 1087 1125 Veios
1107 1088 1192 1140 capi
1213 1102 1291 1126 non
1311 1087 1426 1141 posse,
1444 1089 1537 1126 dum
1559 1089 1663 1127 lacus
1685 1090 1715 1127 is
1737 1104 1797 1128 re-

398 1149 606 1196 dundaret;
637 1160 692 1195 et,
724 1151 751 1188 fi
770 1151 874 1189 lacus
908 1152 1060 1189 emiffus
1092 1153 1197 1205 lapsu
1217 1162 1255 1190 et
1289 1154 1400 1191 cursu
1420 1154 1484 1191 suo
1515 1155 1561 1191 ad
1581 1169 1684 1193 mare
1704 1170 1796 1208 pro-

397 1214 574 1261 fluxisset,
593 1216 852 1268 perniciosum
873 1217 1020 1269 populo
1040 1218 1222 1255 Romano
1238 1236 1250 1262 ;
1273 1218 1328 1255 fin
1347 1229 1476 1256 autem
1498 1219 1549 1256 ita
1569 1219 1656 1257 effet
1676 1221 1797 1258 educ·
1861 1256 1864 1261 .

396 1290 472 1326 tus,
495 1290 538 1319 ut
557 1281 604 1319 ad
623 1294 728 1319 mare
747 1282 944 1333 pervenire
974 1295 1052 1319 non
1072 1282 1206 1334 poffet,
1242 1292 1328 1320 tum
1348 1282 1505 1321 salutare
1524 1283 1659 1321 nostris
1687 1283 1767 1323 fore
1785 1300 1796 1324 :

397 1360 445 1385 ex
475 1361 554 1400 quo
573 1347 638 1385 illa
657 1347 892 1386 admirabilis
913 1361 934 1385 a
953 1348 1162 1399 majoribus
1184 1348 1344 1387 Albanae
1371 1363 1478 1402 aquae
1506 1348 1602 1387 faeta
1621 1349 1799 1390 deductio

397 1413 464 1452 est.
488 1415 593 1452 Cum
612 1421 743 1451 autem
758 1413 938 1452 Veientes
959 1414 1062 1452 bello
1082 1413 1162 1453 feffi
1179 1415 1322 1468 legatos
1343 1415 1388 1453 ad
1408 1416 1579 1453 senatum
1600 1415 1798 1461 misissent,

397 1489 485 1517 tum
505 1493 552 1518 ex
571 1479 632 1518 his
651 1480 811 1532 quidam
828 1480 964 1519 dixiffe
993 1481 1150 1527 dicitur,
1180 1495 1257 1519 non
1277 1482 1409 1520 omnia
1428 1482 1541 1520 illum
1561 1482 1799 1536 transfugam

399 1543 533 1583 ausum
552 1544 622 1582 effe
641 1545 785 1582 senatui
801 1546 926 1584 dicere
937 1565 949 1591 3
972 1547 1012 1585 in
1030 1547 1165 1586 iisdem
1185 1548 1288 1586 enirn
1310 1546 1396 1585 fatis
1418 1548 1601 1600 scripturn
1618 1549 1797 1586 Veientes

398 1609 550 1654 habere,
580 1613 675 1650 Fore
704 1620 746 1648 ut
778 1611 885 1650 brevi
910 1627 934 1650 a
955 1613 1069 1651 Gallis
1096 1615 1210 1652 Roma
1239 1622 1441 1665 caperetur.
1493 1614 1612 1664 Qod
1637 1614 1798 1665 quidem

401 1675 578 1713 sexennio
598 1675 681 1727 post
701 1675 816 1713 Veios
837 1686 967 1728 captos
987 1676 1132 1715 factum
1153 1677 1224 1715 esse
1244 1679 1426 1716 vidimus.

453 1740 582 1778 XLV.
607 1741 708 1791 Saepe
728 1740 845 1776 etiam
865 1749 902 1777 et
922 1742 961 1777 in
982 1742 1122 1792 praeliis
1145 1744 1268 1780 Fauni
1287 1743 1434 1787 auditi;
1467 1743 1558 1780 etin
1581 1744 1690 1782 rebus
1712 1754 1796 1782 tur-

399 1805 500 1844 bidis
520 1805 694 1843 veridicae
713 1818 824 1843 voces
851 1818 898 1843 ex
917 1806 1074 1844 occulto
1092 1807 1207 1845 miffae
1226 1807 1296 1845 effe
1317 1808 1499 1846 dicuntur
1517 1824 1525 1846 :
1549 1810 1658 1860 cujus
1679 1824 1797 1862 gene-

400 1872 449 1910 ris
471 1872 549 1910 duo
568 1871 656 1909 sunt
680 1884 728 1908 ex
748 1871 883 1909 multis
904 1872 1094 1925 exempla,
1123 1873 1183 1911 sed
1205 1874 1387 1912 maxima.
1436 1876 1541 1913 Nam
1563 1888 1641 1912 non
1670 1876 1798 1914 multo

400 1947 487 1976 ante
507 1937 644 1975 urbem
663 1946 816 1990 captam
835 1938 1013 1976 exaudita
1038 1952 1114 1977 vox
1133 1939 1185 1977 est
1205 1952 1225 1976 a
1244 1940 1334 1977 luco
1355 1940 1490 1985 Vestae,
1527 1941 1595 1993 qui
1622 1954 1642 1978 a
1663 1942 1799 1980 Palatii

401 2004 525 2043 radice
544 2005 585 2042 in
605 2016 745 2042 novam
765 2004 867 2041 viam
889 2004 1053 2042 devexus
1075 2005 1140 2050 est,
1166 2006 1216 2044 Ut
1235 2006 1334 2044 muri
1349 2015 1384 2044 et
1396 2016 1517 2059 portat?
1537 2008 1768 2059 reficerentur
1782 2027 1795 2053 3

386 2071 566 2123 futurum
585 2070 656 2124 ‘ff’
677 2071 743 2122 71ss
749 2070 936 2124 provificm
955 2070 1045 2124 effit,
1067 2080 1108 2110 ut
1128 2073 1240 2110 Roma
1259 2083 1461 2125 caperetur.
1503 2074 1620 2125 Qod
1641 2075 1798 2126 neglec-

400 2147 501 2182 tum,
521 2150 614 2174 cum
632 2137 754 2175 caveri
773 2145 935 2189 poterat,
966 2137 1050 2190 post
1066 2147 1262 2190 acceptam
1281 2138 1390 2176 illam
1411 2140 1621 2177 maximam
1648 2140 1798 2178 cladem

400 2203 637 2256 explicatum
654 2203 732 2240 est:
765 2216 825 2240 ara
843 2203 949 2241 enim
970 2204 1056 2241 A1o
1079 2203 1339 2252 LoQJssNm,
1368 2218 1486 2256 quam
1517 2205 1660 2259 septam
1689 2206 1796 2244 vide-

401 2281 504 2313 mus,
544 2267 765 2306 exadversus
785 2281 876 2306 eum
897 2267 1029 2306 locum
1050 2268 1264 2306 consecrata
1282 2269 1348 2307 est.
1391 2271 1521 2321 Atque
1541 2270 1656 2309 etiam
1679 2270 1797 2323 scrip-

403 2342 487 2372 tum
505 2347 526 2372 a
544 2334 681 2373 multis
700 2333 766 2379 est,
788 2347 880 2372 cum
902 2343 1007 2372 terrae
1027 2343 1156 2372 motus
1177 2333 1297 2373 factus
1319 2334 1422 2380 effet,
1449 2337 1573 2387 Utstce
1585 2336 1694 2389 pleuti
1703 2346 1796 2388 pro-

404 2399 542 2438 curatio
546 2399 674 2452 fieret,
709 2413 844 2438 vocem
865 2400 911 2438 ab
942 2400 1020 2438 aede
1040 2401 1203 2452 Junonis
1225 2414 1272 2439 ex
1292 2414 1375 2438 arce
1395 2401 1557 2440 extitiss‘e
1575 2415 1583 2439 :
1617 2403 1798 2454 quocirca

405 2460 600 2514 Junonem
619 2465 728 2503 illam
747 2465 976 2518 appellatam
998 2466 1216 2504 Monetam.
1262 2467 1359 2504 Haec
1379 2466 1498 2518 igitur
1517 2476 1554 2504 et
1574 2480 1594 2504 a
1614 2467 1700 2506 Diis
1722 2467 1796 2520 sig-

406 2526 572 2574 nificata,
593 2538 631 2568 et
648 2543 670 2568 a
687 2530 822 2570 nostris
842 2531 1051 2586 majoribus
1067 2531 1238 2584 judicata
1256 2532 1543 2571 contemnimus
1562 2532 1575 2570 ?
