2223 3003
636 351 916 391 LIBER
983 350 1486 391 SECUNDUS.
1685 365 1763 406 243

361 451 640 505 indigentibus,
671 461 736 490 aut
756 451 931 504 pecunia.
977 452 1145 490 Facilior
1164 452 1216 490 est
1242 452 1323 491 haec
1354 453 1548 507 posterior,
1579 452 1765 506 locupleti

360 518 567 571 praesertim
584 536 595 562 ς
628 516 689 555 sed
720 516 787 554 illa
806 516 946 554 lautior
975 529 1018 553 ac
1039 516 1285 568 splendidior,
1318 527 1355 556 et
1375 519 1457 557 viro
1476 518 1568 557 forti
1587 517 1766 571 claroque

360 584 528 636 dignior.
572 584 808 634 Qanquam
838 582 1003 619 enimin
1025 590 1190 633 utroque
1217 583 1312 620 inest
1338 584 1578 636 gratificandi
1598 584 1764 623 liberalis

361 650 551 693 voluntas,
583 658 712 685 tamen
733 646 847 684 altera
872 659 918 684 ex
950 659 1046 690 arca,
1077 647 1193 684 altera
1225 661 1274 685 ex
1308 649 1463 694 virtute,
1496 650 1762 703 depromitur;

359 715 603 767 largitioque,
639 726 723 765 quae
755 712 799 750 fit
827 726 874 750 ex
907 725 945 750 re
965 711 1159 757 familiari,
1195 711 1346 751 fontem
1367 714 1495 766 ipsum
1515 715 1764 768 benignitatis

359 779 549 819 exhaurit.
600 779 656 816 Ita
677 778 913 831 benignitate
939 778 1156 831 benignitas
1177 779 1355 824 tollitur3
1387 794 1463 832 qua
1481 794 1560 833 quo
1580 781 1619 819 in
1641 782 1764 834 plures

359 846 446 884 usus
467 846 526 890 fis,
556 858 602 883 eo
622 845 751 883 minus
772 844 812 882 in
834 844 979 883 multos
1001 845 1058 883 uti
1078 844 1205 897 poffis.

413 914 481 956 At,
513 911 582 963 qui
601 924 727 964 opera,
763 910 803 948 id
823 910 889 955 est,
910 910 1052 949 virtute
1071 920 1109 948 et
1138 910 1322 949 industria
1342 911 1503 951 benefici
1534 921 1572 951 et
1591 911 1765 951 liberales

356 985 483 1023 erunt,
506 974 696 1030 primum,
721 989 800 1029 quo
833 975 1010 1029 pluribus
1030 975 1261 1029 profuerint,
1291 990 1336 1015 eo
1367 978 1495 1030 plures
1527 978 1573 1016 ad
1600 979 1765 1030 benigne

356 1042 580 1083 faciendum
600 1044 790 1096 adjutores
811 1042 1010 1081 habebunt
1025 1061 1038 1089 ς
1069 1043 1220 1088 deinde,
1251 1044 1526 1083 consuetudine
1545 1045 1763 1084 beneficen—

356 1111 421 1150 tiae
440 1112 644 1164 paratiores
664 1120 790 1156 erunt,
811 1119 851 1148 et
872 1119 1057 1162 tanquam
1077 1111 1358 1150 exercitatiores
1379 1112 1425 1149 ad
1446 1111 1542 1151 bene
1560 1113 1608 1151 de
1628 1114 1763 1153 multis

357 1177 673 1229 promerendum.
722 1176 905 1214 Praeclare
937 1175 1095 1229 epistola
1131 1176 1297 1229 quadam
1337 1177 1603 1216 Alexandrum
1636 1179 1765 1219 filium

356 1243 564 1296 Philippus
585 1242 748 1287 accusat,
779 1242 887 1294 quod
917 1242 1122 1295 largitione
1154 1243 1462 1282 benevolentiam
1496 1245 1764 1286 Macedonum

356 1309 606 1349 consectetur.
639 1311 731 1362 Qae
749 1319 798 1354 te,
819 1309 964 1354 malum,
986 1310 1129 1362 inquit,
1150 1311 1248 1349 ratio
1265 1311 1302 1350 in
1321 1311 1420 1364 {stam
1425 1312 1527 1365 spem
1545 1311 1701 1359 induxit,
1723 1324 1765 1353 ut

354 1390 409 1416 eos
424 1376 495 1415 tibi
497 1376 623 1429 fideles
633 1385 789 1430 putares
792 1376 896 1429 fore,
927 1390 1010 1430 quos
1021 1377 1177 1429 pecunia
1197 1376 1403 1430 corrupzffis
1414 1378 1435 1416 .?
1464 1380 1530 1417 An
1550 1387 1593 1417 tu
1609 1378 1650 1418 id
1670 1380 1762 1433 agis,

352 1453 397 1483 ut
416 1443 629 1483 Macedones
646 1457 716 1482 non
749 1452 785 1482 te
803 1457 921 1496 regem
937 1444 1062 1496 ficum,
1077 1442 1151 1496 std
1163 1443 1360 1496 ministrum
1385 1453 1421 1483 et
1433 1444 1761 1499 praebitoremspe-

355 1518 440 1546 rent
443 1509 566 1560 stre?
598 1509 699 1546 Bene
718 1509 940 1546 ministrum
961 1518 999 1546 et
1020 1509 1278 1561 praebitorem,
1308 1510 1400 1561 quia
1429 1509 1625 1549 sordidum
1655 1512 1735 1564 regi
1749 1531 1761 1556 ;

354 1572 496 1614 melitis
529 1574 662 1619 etiam,
698 1573 804 1625 quod
831 1574 1091 1627 largitionem,
1116 1576 1386 1628 corruptelam
1419 1575 1491 1614 effe
1525 1576 1638 1615 dixit.
1697 1578 1764 1617 Fit

354 1641 462 1680 enim
482 1641 659 1685 deterior,
693 1640 762 1692 qui
782 1641 936 1693 accipit,
972 1650 1086 1692 atque
1104 1641 1151 1678 ad
1182 1641 1286 1678 idem
1306 1641 1454 1694 semper
1483 1643 1764 1695 expectandum

354 1708 533 1760 paratior.
583 1707 675 1745 Hoc
714 1705 782 1744 ille
814 1705 924 1751 filio,
970 1705 1032 1744 sed
1063 1715 1300 1759 praeceptum
1341 1716 1523 1760 putemus
1561 1709 1761 1748 omnibus.

354 1773 626 1827 Qamobrem
646 1772 687 1811 id
716 1772 878 1825 quidem
909 1786 989 1811 non
1016 1772 1181 1811 dubium
1207 1772 1274 1817 est,
1308 1773 1405 1825 quin
1431 1773 1498 1812 illa
1530 1773 1761 1828 benignitas.

354 1855 442 1893 quae
461 1840 607 1880 constat
626 1853 674 1878 ex
693 1852 807 1892 opera
837 1848 875 1878 et
894 1839 1091 1885 industria,
1120 1849 1160 1879 et
1188 1838 1383 1879 honestior
1401 1840 1460 1886 fit,
1491 1849 1529 1879 et
1558 1841 1672 1880 latius
1691 1856 1762 1896 pa-

352 1916 444 1952 teat,
473 1916 513 1945 et
531 1906 644 1959 poffit
662 1905 831 1958 prodesse
849 1906 1041 1958 pluribus.

408 1972 709 2024 Nonnunquam
740 1980 870 2010 tamen
903 1971 955 2010 est
979 1971 1235 2024 largiendum,
1276 1984 1347 2010 nec
1390 1969 1468 2011 hoc
1514 1971 1763 2027 benignitatis

352 2051 476 2092 genus
496 2038 660 2077 omnino
677 2037 960 2091 repudiandum
979 2037 1032 2076 est
1047 2056 1059 2083 3
1091 2047 1131 2076 et
1149 2037 1245 2091 saepe
1264 2037 1410 2077 idoneis
1439 2037 1669 2078 hominibus
1698 2039 1762 2078 in-

354 2104 578 2158 digentibus
607 2105 654 2144 de
683 2118 723 2144 re
755 2104 937 2144 familiari
956 2105 1275 2158 impertiendum,
1307 2104 1370 2142 sed
1398 2102 1616 2157 diligenter,
1646 2114 1763 2158 atque

355 2171 577 2210 moderate:
609 2171 728 2209 multi
761 2172 868 2210 enim
900 2170 1132 2224 patrimonia
1164 2169 1398 2215 effuderunt,
1433 2170 1650 2209 inconsulte
1684 2171 1760 2209 lar-

352 2238 511 2292 giendo.
556 2236 666 2288 Qid
685 2245 815 2275 autem
845 2236 899 2274 est
931 2236 1098 2280 stultius,
1129 2248 1261 2287 quam,
1298 2235 1403 2287 quod
1433 2236 1601 2275 libenter
1629 2236 1759 2283 facias,

353 2317 500 2349 curare,
531 2313 575 2342 ut
593 2303 635 2341 id
660 2302 806 2341 diutius
825 2300 949 2340 facere
980 2315 1057 2339 non
1078 2300 1221 2354 poffis?
1251 2302 1384 2353 Atque
1414 2302 1531 2340 etiam
1551 2301 1760 2355 sequuntur

354 2369 601 2423 largitionem
634 2370 801 2422 rapinae:
834 2382 927 2407 cum
957 2368 1062 2406 enim
1098 2367 1223 2406 dando
1253 2381 1363 2421 cgere
1395 2369 1596 2422 coeperint,
1627 2370 1759 2408 alienis

356 2435 468 2474 bonis
489 2451 625 2475 manus
646 2436 778 2475 afferre
798 2445 1003 2489 coguntur.
1064 2435 1134 2480 Ita,
1165 2448 1258 2474 cum
1289 2435 1567 2475 benevolentiae
1598 2449 1758 2490 compa-

356 2502 480 2540 randae
511 2503 620 2541 causa
650 2503 815 2542 benefici
844 2503 914 2541 effe
947 2503 1068 2541 velint
1085 2521 1095 2547 3
1128 2516 1206 2541 non
1240 2512 1343 2540 tanta
1373 2502 1494 2541 studia
1514 2502 1759 2555 assequuntur

356 2579 507 2612 eorum,
541 2569 682 2620 quibus
717 2569 918 2613 dederunt,
952 2577 1093 2620 quanta
1126 2568 1212 2605 odia
1249 2581 1398 2612 eorum,
1434 2569 1576 2620 quibus
1604 2569 1757 2606 ademe-

356 2642 462 2672 runt.
512 2633 781 2686 Qamobrem
801 2648 870 2673 nec
905 2635 956 2673 ita
976 2634 1186 2673 claudenda
1205 2634 1257 2674 est
1276 2648 1332 2673 res
1353 2633 1568 2681 familiaris,
1600 2643 1644 2673 ut
1674 2647 1757 2672 eam

1319 2701 1359 2738 11
1382 2698 1408 2737 h
1434 2712 1454 2738 2
