2223 3003
554 218 845 261 VARIAE
938 216 1496 262 LECTIONES.

289 323 350 391 ῐεἰη
375 313 411 390 ἕο
432 361 489 381 11011
501 367 520 390 μ.
532 354 558 382 d.

375 402 406 428 3¹
433 401 488 421 non
503 401 519 421 λ
533 394 561 421 A.

373 441 408 469 33
432 432 519 469 probe
532 431 559 467 ψ
568 435 675 470 proprie

373 481 411 508 34
431 480 659 510 propugnantem
674 480 702 507 λ,
716 473 740 507 ψ
751 479 903 511 pagnanum

295 520 348 550 195
394 521 409 540 2
430 512 505 539 enim
520 519 547 544 λ,
563 526 582 547 μ
595 515 622 540 d.

390 561 404 589 ς
426 551 510 579 etiam
526 566 546 588 μ.
559 552 583 579 d.

392 600 408 627 7
430 597 458 618 et
473 599 499 622 λ,
514 606 534 628 μ.
549 591 576 619 d-

386 639 405 666 9
426 630 520 658 media
533 631 558 665 ψ
571 641 667 667 magna

375 676 410 697 12
432 678 536 698 morem
553 684 572 705 μ.
585 679 680 697 moram

376 717 412 745 14
432 709 546 737 excellit
558 723 578 746 μ.
589 707 695 736 excellat

373 757 383 776 ι
393 757 407 785 ς
431 749 557 786 praestare
571 756 587 776 λ
597 749 700 785 praeff

375 787 410 815 16
431 787 608 825 concupieris
622 801 642 823 μ
655 790 766 825 cupieris

376 835 387 854 1
395 827 411 854 8
434 827 600 865 plerumque
613 835 630 854 λ
638 827 665 855 d.

374 875 411 903 19
429 866 634 904 consequantur
647 867 673 900 ψ
684 878 702 894 a
721 873 848 905 equanrur

373 915 410 934 20
430 906 459 934 vi
474 907 499 941 ψ
512 908 539 934 d.

369 959 410 967 —
429 955 486 984 quo
500 953 527 980 λ,
542 961 571 983 μ,
586 945 613 982 ψ
627 948 697 985 quod

373 994 405 1013 21
431 986 468 1013 est
482 1000 503 1022 μ,
515 986 540 1014 d.

372 1034 408 1062 25
430 1033 530 1054 natura
543 1041 563 1063 μ,
576 1034 697 1055 naturam

374 1073 411 1101 29
431 1065 468 1092 est
483 1073 499 1093 λ
514 1065 542 1094 d.

374 1113 412 1140 30
432 1105 538 1142 cupido
551 1113 577 1137 λ,
595 1119 615 1141 μ,
628 1106 768 1142 cupid-‘tale
781 1105 806 1139 ψ
821 1105 929 1143 cupidus

374 1151 406 1180 3¹
432 1144 515 1173 aditis
529 1159 550 1181 μ.
563 1146 663 1173 additis

297 1181 352 1222 196
396 1192 406 1211 1
432 1193 496 1212 cum
512 1192 528 1211 λ
541 1193 570 1212 ut
654 1218 661 1225 ⁹

395 1232 411 1251 2
432 1223 563 1252 admirari
579 1231 607 1257 λ,
620 1237 644 1260 μ,
654 1231 701 1252 aut
714 1224 845 1251 admirari

370 1276 414 1286 —
431 1263 562 1302 nullique
576 1271 667 1301 neque
686 1270 703 1291 λ
715 1262 827 1301 nullique
844 1273 886 1291 nec
904 1275 923 1299 μ.
942 1262 1000 1291 mcl-

476 1303 497 1330 li
515 1315 544 1331 uc

392 1350 408 1381 3
429 1314 637 1380 pertgrbationi
650 1349 678 1376 λ,
693 1356 713 1379 μ.
721 1342 912 1380 perturbatione

393 1392 407 1420 ς
431 1381 477 1410 sed
491 1391 520 1410 et
533 1396 554 1418 μ.
561 1382 611 1418 fid
622 1390 651 1410 ue

391 1422 410 1450 6
430 1422 496 1450 vitae
509 1422 592 1458 «laprv
606 1423 652 1457 tgſsa
665 1425 738 1450 vitae
776 1450 779 1453 Α

392 1470 410 1497 7
432 1471 524 1489 rerum
538 1461 564 1495 ψ
578 1472 661 1489 rerum
674 1461 753 1496 σαψ

394 1502 410 1529 8
433 1499 563 1538 splendor
573 1507 589 1527 λ
593 1499 715 1537 splendor
726 1501 760 1538 est

393 1549 412 1578 9
432 1539 516 1568 etiam
532 1554 551 1576 μ,
565 1540 592 1567 d.

376 1588 412 1608 10
434 1579 470 1607 est
484 1579 513 1607 in
528 1587 555 1613 λ,
567 1593 586 1616 μ.
600 1583 628 1607 in

375 1628 386 1649 1
395 1628 410 1647 2
431 1626 460 1646 et
473 1633 494 1655 μ,
506 1623 583 1648 etiam

377 1668 413 1695 ¹4
433 1659 567 1696 praeclara
580 1666 596 1686 λ
609 1659 709 1696 honesta

376 1708 386 1727 1
395 1708 409 1737 ς
433 1698 594 1726 ducendum
607 1705 634 1731 λ,
648 1712 668 1734 μ,
680 1699 810 1728 dicendum

377 1748 386 1766 ι
396 1747 410 1774 7
431 1737 574 1766 versantur
587 1752 607 1774 μ.
619 1739 754 1775 versintnr

378 1780 412 1806 18
434 1787 449 1805 a
464 1792 484 1814 μ.
497 1778 522 1806 d-

374 1817 411 1846 26
431 1817 530 1855 gloriae
542 1818 567 1851 ψ
581 1817 608 1845 d.

376 1867 413 1895 ²9
435 1864 553 1885 autnon
569 1872 588 1893 μ
602 1867 650 1885 non

377 1905 414 1933 32
434 1905 463 1924 et
476 1904 553 1924 metu
567 1912 589 1933 μ
601 1905 654 1924 tum
666 1905 731 1924 metu

371 1951 412 1957 —
433 1935 583 1973 voluptate
596 1943 613 1963 λ
626 1936 762 1964 voluntate

376 1985 411 2013 33
433 1983 497 2003 cum
512 1983 540 2008 λ,
554 1990 574 2012 μ
588 1983 642 2004 tum

375 2024 414 2052 34
432 2016 517 2043 etiam
533 2029 553 2052 μ.
567 2016 593 2044 d.

298 2063 351 2093 ¹97
397 2063 406 2082 1
431 2055 602 2084 removerint
615 2069 646 2091 μ,
658 2055 684 2089 ψ
697 2062 858 2083 removerunt

373 2108 415 2116 -
433 2093 611 2132 perfugerint
625 2109 645 2131 μ.
653 2097 822 2134 prqfugerunt
835 2094 864 2131 ψ
878 2096 1000 2134 perfuge-

481 2142 542 2162 ruff!

398 2180 412 2209 ς
435 2181 491 2209 ψη
505 2173 532 2206 ψ
546 2184 597 2210 qna
611 2183 638 2201 re

394 2221 413 2249 9
434 2211 528 2240 otiofis
541 2220 567 2247 λ,
584 2227 614 2249 μ,
627 2211 655 2248 ψ
668 2213 754 2249 otiofie

380 2260 389 2278 1
400 2261 414 2279 z
436 2259 483 2279 aut
496 2267 516 2289 μ.
530 2261 553 2280 et

381 2299 391 2318 1
401 2300 415 2328 5
438 2292 576 2328 gerendas
589 2306 611 2328 μ,
622 2292 649 2320 d.

380 2331 415 2358 16
437 2331 639 2369 rempublicam
653 2339 670 2359 λ
683 2333 750 2369 resp.

380 2377 390 2396 1
398 2379 414 2405 7
436 2369 605 2400 dediderunt
617 2372 643 2406 ψ
655 2373 776 2400 dederunt

1051 325 1082 353 p.

1056 362 1110 393 '97

1059 590 1112 628 198

1135 363 1145 382 1
1154 356 1170 382 8
1191 353 1288 393 aliqua
1302 354 1329 391 ψ
1343 366 1360 384 a

1135 402 1170 431 ¹9
1191 394 1361 433 laudemque
1374 394 1560 426 concederent
1573 398 1598 432 ψ
1617 404 1641 426 n
1662 396 1760 430 laudem

1239 436 1374 463 toncedan!

1135 482 1167 500 21
1192 473 1366 502 admirantur
1379 481 1406 507 λ,
1421 489 1452 511 μ,
1467 476 1493 510 ψ
1506 479 1630 506 mirentur

1134 521 1169 549 23
1192 520 1220 540 et
1303 521 1401 550 putent
1415 522 1431 542 λ
1444 516 1470 543 d.

1136 561 1173 588 30
1194 551 1356 588 adjumenta
1370 552 1397 588 ψ
1411 556 1581 593 adjumentum

1156 600 1172 618 2
1194 599 1222 619 et
1235 592 1312 628 paſsd

1155 639 1169 667 3
1193 639 1227 658 eo
1241 638 1268 664 λ,
1282 646 1303 667 μ,
1316 631 1341 659 d.

1158 679 1170 706 ς
1194 670 1304 698 eveniat
1317 685 1338 707 μ,
1351 673 1480 701 adveniat

1139 716 1149 735 ι
1158 708 1174 736 8
1195 707 1224 736 in
1239 710 1264 743 ψ
1276 713 1355 738 etiam

1139 755 1173 784 19
1194 749 1335 787 contingit
1350 749 1376 784 ψ
1391 754 1497 790 contigit

1133 799 1175 809 --
1195 787 1258 816 sunt
1269 789 1355 825 xlafint

1137 835 1175 864 29
1196 836 1259 855 vere
1270 837 1286 855 a
1296 828 1321 856 se
1332 835 1348 856 λ
1356 839 1419 858 vere
1421 831 1453 866 st
1461 831 1579 868 praebuit
1588 847 1609 871 μ
1619 845 1682 864 vere
1685 835 1715 872 se
1725 841 1765 866 ait

1138 875 1176 902 34
1195 866 1351 905 disciplinae
1365 876 1382 897 λ
1394 870 1537 908 disciplinis

1136 914 1172 943 35
1195 906 1270 944 Qin
1287 906 1314 941 ψ
1327 908 1384 945 Qt

1059 953 1115 983 ¹99
1158 954 1174 972 2
1195 946 1364 975 versaremur
1377 955 1394 976 λ
1408 951 1617 987 cenversartmur

1059 1707 1115 1727 200

1160 994 1174 1021 3
1199 986 1244 1031 Q
1259 1000 1280 1022 μ
1295 988 1329 1016 Ρ·

1134 1038 1175 1045 --
1196 1026 1345 1054 vndebatur
1356 1033 1384 1059 λ,
1398 1041 1419 1063 μ,
1431 1029 1592 1059 videbantur

1135 1078 1176 1085 —
1197 1064 1278 1093 Parvi
1291 1073 1318 1100 λ,
1333 1080 1363 1103 μ,
1378 1067 1403 1101 ψ
1415 1069 1514 1097 Parva

1156 1112 1175 1139 4
1195 1105 1231 1131 est
1246 1112 1262 1132 λ
1276 1106 1303 1134 d.

1158 1153 1172 1181 ς
1195 1144 1385 1173 exscindenda
1399 1160 1428 1183 μ,
1443 1147 1468 1181 ᾧ
1481 1150 1619 1179 excidenda

1157 1182 1176 1210 6
1198 1183 1269 1213 Tib.
1283 1192 1310 1219 λ,
1325 1199 1345 1221 μ
1359 1185 1447 1214 Titum

1159 1223 1175 1249 8
1196 1223 1312 1262 attingit
1325 1232 1342 1252 λ
1349 1226 1378 1264 fi
1389 1230 1500 1265 attingit

1141 1270 1172 1290 11
1196 1264 1272 1300 quod
1288 1263 1315 1298 ψ
1329 1276 1376 1302 quo

1141 1301 1175 1328 16
1197 1303 1287 1331 otium
1301 1317 1331 1340 μ,
1347 1305 1373 1339 ψ
1386 1306 1469 1333 odium

1141 1341 1174 1368 18
1197 1341 1255 1379 ipsa
1269 1356 1289 1378 μ
1301 1344 1329 1371 d.

1140 1388 1175 1418 19
1196 1381 1245 1419 qui
1258 1389 1285 1414 λ,
1299 1397 1329 1419 μ,
1345 1382 1372 1418 ψ
1385 1387 1442 1421 quir

1137 1429 1175 1455 ²4
1197 1430 1260 1449 meo
1273 1436 1293 1458 μ.
1307 1433 1358 1450 mco
1369 1425 1468 1461 quidem·

1139 1474 1172 1481 —
1197 1461 1404 1498 rempublicam
1418 1464 1443 1497 ᾧ
1458 1471 1510 1500 rep.

1135 1515 1176 1521 —
1197 1499 1246 1527 ubi
1269 1501 1453 1539 triumpharet
1467 1518 1487 1539 μ
1500 1507 1667 1545 triumphum
1682 1507 1709 1545 ψ
1722 1508 1767 1540 ubi

1242 1542 1398 1578 triumphum

1138 1588 1175 1615 29
1195 1578 1315 1607 efficitur
1330 1581 1355 1614 ψ
1368 1583 1474 1617 rfficimr
1485 1587 1588 1614 virtute

1140 1628 1177 1654 30
1197 1618 1375 1648 afficiendum
1388 1628 1404 1648 λ
1418 1623 1565 1658 effidendum

1139 1667 1176 1695 32
1197 1658 1226 1686 id
1241 1667 1257 1687 λ
1270 1663 1296 1687 d.

1161 1706 1170 1725 1
1196 1699 1280 1726 etiam
1297 1697 1324 1734 ψ
1338 1708 1422 1728 autem
1435 1706 1513 1731 etiam

1135 1752 1176 1759 —-
1195 1737 1333 1766 Punicum
1349 1754 1369 1776 μ
1385 1741 1506 1770 Punicum
1515 1745 1578 1781 fuit
1591 1743 1694 1774 illatum

1158 1786 1174 1814 7
1197 1787 1247 1805 nec
1262 1793 1282 1815 μ,
1297 1790 1338 1807 nec
1352 1783 1436 1808 animo

1158 1819 1173 1845 8
1197 1816 1232 1845 de
1252 1819 1342 1856 gradu
1363 1820 1446 1856 dejici
1466 1829 1483 1849 λ
1505 1823 1620 1860 dejicit&
1635 1826 1664 1854 de
1676 1828 1765 1865 gradu

1241 1868 1299 1896 Uis!

1136 1911 1179 1918 —
1199 1897 1326 1934 praesenti
1341 1906 1357 1926 λ
1366 1903 1507 1937 praestmm'

1140 1946 1176 1965 ιο
1196 1937 1347 1974 praecipere
1362 1945 1386 1969 λ,
1402 1954 1422 1976 μ,
1432 1944 1559 1977 perdere

1139 1991 1175 1998 --
1197 1976 1344 2014 aliquanto
1356 1992 1386 2014 μ,
1400 1980 1424 2013 ᾧ
1439 1983 1579 2018 aitqumm'o

1139 2025 1173 2053 ¹4
1193 2016 1342 2052 prudentia
1356 2031 1375 2053 μ
1385 2022 1533 2056 prudmnae

1140 2064 1172 2093 ¹5
1197 2055 1333 2092 quiddam
1348 2071 1367 2093 μ.
1380 2061 1477 2095 quidem

1143 2104 1178 2132 ¹9
1201 2102 1294 2122 autem
1309 2111 1329 2131 μ.
1344 2097 1370 2123 d.

1139 2143 1176 2162 20
1197 2134 1348 2163 crudeliter
1361 2149 1381 2172 μ.
1394 2137 1528 2166 crudeliter
1540 2148 1638 2178 agatur

1137 2188 1177 2196 —
1196 2173 1233 2200 est
1246 2180 1271 2202 λ.
1283 2175 1307 2201 d.

1140 2222 1178 2249 ²4
1199 2213 1317 2250 reperies
1331 2221 1347 2241 λ
1361 2219 1471 2252 repa-iar

1142 2263 1175 2291 ²5
1200 2261 1227 2280 et
1242 2253 1374 2292 cogitatis
1388 2262 1416 2282 et
1439 2264 1465 2291 λ,
1480 2259 1506 2293 ψ
1520 2267 1544 2288 et
1564 2263 1724 2299 cogitationis
1744 2278 1769 2301 μ

1243 2295 1437 2330 cogitationibus

1140 2340 1177 2368 30
1199 2332 1299 2360 leniter
1313 2341 1338 2367 λ,
1354 2349 1374 2370 μ,
1387 2334 1484 2364 leviter

1140 2381 1174 2408 33
1199 2371 1330 2408 sapientis
1344 2376 1496 2412 nsapientis
1507 2379 1541 2414 est

374 2422 415 2431 —
436 2410 813 2441 valetudinisimbecillitate
825 2416 842 2439 λ
854 2409 1004 2441 valetudine
1059 2419 1112 2440 201
1161 2420 1171 2439 1
1197 2411 1349 2457 ΐι1ἷε1ρωηι
1363 2428 1383 2450 μ
1391 2422 1544 2452 suscepermt

481 2449 664 2480 imbecillitatis

1156 2460 1175 2488 4
1195 2451 1387 2491 dnmcareque
1400 2461 1416 2481 λ
1427 2459 1548 2485 dimicare
