2223 3003
495 317 570 357 372
792 304 1589 346 PHILOSOPHICORUM

545 406 640 448 dixi,
658 417 677 441 a
696 413 829 441 natura
848 414 1068 457 comparata
1087 405 1139 444 est
1159 419 1272 459 opera
1301 406 1474 445 mulieris
1494 406 1540 445 ad
1560 406 1809 446 domesticam
1830 408 1891 445 di-

543 469 757 522 ligentiam,
770 469 843 508 viri
862 479 991 509 autem
1007 471 1052 509 ad
1071 472 1384 511 exercitationem
1400 471 1588 511 forensem
1605 483 1643 511 et
1658 482 1890 512 extraneam.

543 537 677 588 Itaque
697 536 779 574 viro
798 536 939 575 calores
960 547 997 575 et
1017 536 1160 591 frigora
1176 539 1433 592 perpetienda,
1456 549 1541 578 tum
1562 539 1678 578 etiam
1699 539 1836 578 itinera
1854 548 1893 577 et

543 601 688 641 labores
708 602 812 656 pacis
832 616 874 641 ac
896 604 1003 650 belli,
1025 604 1065 642 id
1085 605 1150 651 est,
1167 605 1419 644 rusticationis
1440 615 1479 644 et
1498 606 1728 644 militarium
1750 605 1891 658 stipen-

541 668 711 713 diorum,
732 668 926 708 distribuit
941 688 954 716 ς
986 670 1141 709 mulieri
1161 671 1356 725 deinceps,
1374 673 1479 725 quod
1499 672 1683 711 omnibus
1696 671 1757 710 his
1779 672 1892 710 rebus

542 733 682 773 fecerat
714 734 943 782 inhabilem,
986 736 1193 776 domestica
1230 739 1385 791 negotia
1414 739 1580 777 curanda
1618 739 1788 777 tradidit.
1840 738 1894 776 Et

541 801 726 854 quoniam
755 800 861 839 hunc
893 802 1025 841 sexum
1045 802 1225 841 custodiae
1250 812 1288 842 et
1317 804 1525 857 diligentiae
1545 805 1802 858 affignaverat,
1829 803 1890 841 id-

541 868 645 906 circo
665 867 902 906 timidiorem
934 868 1113 912 reddidit,
1146 882 1263 921 quam
1285 869 1464 908 virilem:
1496 884 1587 909 nam
1608 881 1735 909 metus
1766 870 1891 924 pluri-

538 947 652 972 mum
673 933 822 973 confert
842 934 888 972 ad
909 933 1149 987 diligentiam
1170 935 1423 974 custodiendi.
1461 936 1579 988 Qod
1598 946 1726 975 autem
1747 935 1892 975 neceffe

537 1009 616 1039 erat
635 999 728 1040 foris
749 1009 786 1039 et
811 1000 852 1038 in
875 1009 1006 1054 aperto
1025 1001 1172 1040 vietum
1193 1001 1453 1054 quaerentibus
1484 1015 1766 1055 nonnunquam
1787 1002 1892 1054 inju-

537 1068 633 1107 riam
654 1067 885 1121 propulsare,
907 1067 1054 1106 idcirco
1083 1068 1225 1113 virum,
1259 1081 1376 1120 quam
1404 1068 1624 1114 mulierem,
1660 1067 1754 1106 fecit
1773 1067 1891 1106 auda-

536 1135 698 1173 ciorem.
733 1134 838 1187 Qia
857 1147 959 1179 vero,
981 1135 1098 1188 partis
1119 1135 1274 1188 opibus,
1296 1148 1401 1189 aeque
1420 1134 1497 1174 fuit
1517 1148 1612 1188 opus
1634 1135 1835 1180 memoria,
1852 1145 1892 1173 et

536 1202 738 1256 diligentia
753 1220 766 1247 5
798 1214 877 1240 non
897 1202 1091 1240 minorem
1111 1201 1298 1248 foeminae,
1338 1215 1457 1255 quam
1482 1202 1579 1248 viro,
1609 1215 1740 1241 earum
1762 1215 1891 1241 rerum

534 1269 674 1308 tribuit
708 1267 986 1321 pofl‘effionem.
1022 1269 1134 1307 Tum
1164 1269 1295 1313 etiarn,
1331 1269 1436 1321 quod
1456 1268 1619 1321 simplex
1652 1277 1787 1307 natura
1811 1282 1890 1307 non

535 1349 671 1374 omnes
703 1348 759 1373 res
793 1334 1020 1373 commodas
1039 1334 1220 1388 ampleCH
1240 1334 1406 1379 volebat,
1439 1335 1583 1373 idcirco
1608 1335 1771 1373 alterum
1792 1334 1888 1372 alte-

533 1403 613 1441 rius
634 1401 805 1455 indigere
824 1401 948 1440 voluit
960 1419 972 1447 3
1006 1401 1205 1454 quoniam,
1237 1401 1343 1455 quod
1362 1401 1471 1440 alteri
1497 1401 1612 1447 deest,
1648 1401 1782 1454 praesto
1802 1401 1887 1455 ple·

534 1482 701 1521 rumque
721 1468 773 1506 est
793 1467 914 1505 alteri.

480 1537 664 1574 COLUM.
700 1534 761 1573 lib.
800 1547 884 1572 x11.
916 1542 995 1587 cap.
1027 1533 1086 1587 2.]
1131 1534 1239 1573 Nam
1277 1544 1385 1573 vetus
1416 1534 1469 1572 est
1499 1534 1764 1588 proverbium,
1788 1543 1890 1588 pau-

523 1611 709 1656 pertatem
739 1600 963 1652 certffmam,
979 1599 1051 1654 qffl,
1082 1615 1161 1640 cum
1176 1600 1326 1652 alicujus
1356 1601 1526 1654 infigens,
1558 1601 1673 1640 utico
1692 1615 1760 1640 non
1783 1601 1888 1656 pqffi,

532 1670 625 1722 quia
644 1669 855 1722 ignoretur,
886 1667 954 1705 ubi
974 1667 1191 1720 projestum
1205 1668 1329 1720 jaceat
1350 1668 1456 1720 quod
1476 1667 1719 1706 desideretur.
1752 1668 1889 1720 Itaque

531 1737 573 1775 in
594 1750 632 1774 re
647 1735 829 1774 familiari
848 1734 1069 1774 laboriofior
1084 1734 1137 1773 est
1152 1735 1400 1788 negligentia,
1415 1749 1533 1788 quarn
1554 1735 1766 1788 diligentia.
1786 1735 1887 1786 Qis

531 1803 638 1841 enirn
659 1802 825 1846 dubitet,
847 1799 947 1839 nihil
981 1800 1052 1839 effe
1070 1800 1286 1854 pulchrius,
1318 1801 1358 1839 in
1379 1802 1489 1839 omni
1510 1801 1655 1840 ratione
1675 1801 1776 1846 vitae‚
1809 1801 1886 1840 dis-

530 1869 718 1923 positione
747 1877 860 1920 atque
885 1868 1048 1905 ordine?
1079 1869 1185 1920 quod
1210 1869 1326 1907 etiam
1362 1869 1521 1907 ludicris
1541 1868 1762 1921 spe&aculis
1794 1869 1886 1907 licet

532 1936 627 1990 saepe
646 1933 886 1988 cognoscere.
919 1934 1026 1971 Nam
1048 1933 1116 1971 ubi
1136 1932 1277 1972 chorus
1305 1935 1542 1979 canentium,
1566 1948 1643 1972 non
1663 1934 1776 1972 certis
1797 1948 1885 1973 mo-

532 2003 617 2047 dis,
653 2014 778 2053 neque
813 1999 983 2038 numeris
1004 2000 1207 2053 praeeuntis
1238 2000 1407 2053 magistri
1439 1999 1652 2045 consensit,
1691 1999 1885 2039 dissonum

530 2068 717 2123 quiddam
748 2080 790 2105 ac
813 2066 1099 2104 tumultuosum
1120 2066 1365 2105 audientibus
1386 2080 1519 2104 canere
1539 2067 1701 2104 videtur.
1742 2069 1795 2104 At
1816 2067 1884 2105 ubi

531 2136 643 2174 certis
665 2133 836 2173 numeris
857 2146 899 2170 ac
927 2132 1104 2185 pedibus,
1126 2133 1232 2171 velut
1252 2132 1349 2171 faeta
1368 2133 1661 2185 conspiratione,
1683 2132 1884 2178 consensit,

532 2212 647 2254 atque
660 2200 886 2244 concinuit,
908 2213 954 2237 ex
975 2198 1164 2251 ejusmodi
1179 2212 1321 2238 vocum
1341 2201 1545 2237 concordia
1566 2213 1640 2237 non
1657 2199 1780 2237 solum
1798 2199 1884 2252 ipsis

531 2268 757 2307 canentibus
788 2267 961 2305 amicum
987 2265 1173 2318 quiddam
1205 2275 1243 2304 et
1273 2266 1386 2304 dulce
1417 2266 1575 2310 resonat,
1613 2279 1746 2303 verum
1767 2267 1884 2304 etiam

532 2335 738 2389 spectantes
759 2333 1030 2384 audientesque
1050 2332 1237 2371 laetissima
1258 2333 1450 2385 voluptate
1472 2332 1773 2384 permulcentur.

477 2403 664 2442 DONAT.
687 2402 723 2439 in
745 2397 852 2452 Ten]
893 2399 1002 2450 Qid
1023 2399 1155 2452 igitur,
1189 2397 1284 2452 proh
1306 2400 1436 2438 Deum
1463 2398 1742 2436 immortalium
1761 2397 1768 2434 !
1801 2399 1882 2452 pri-

531 2483 643 2507 mum
663 2481 748 2506 eam
769 2466 930 2504 docebas
950 2465 961 2502 ?
994 2466 1134 2518 quaeso.

478 2533 680 2587 Cotum]
720 2532 938 2585 l'raeparatis
970 2532 1115 2570 idoneis
1147 2531 1257 2577 locis,
1291 2531 1590 2569 instrumentum
1623 2542 1660 2568 ct
1697 2530 1880 2584 supellec-

531 2602 640 2639 tilem
672 2599 894 2638 distribuere
913 2600 1120 2652 coepimus,
1152 2612 1193 2636 ac
1216 2599 1387 2652 primum
1407 2612 1448 2635 ca
1476 2598 1716 2642 secrevimus,
1739 2598 1881 2649 quibus

532 2667 575 2704 ad
609 2682 663 2706 res
684 2667 830 2706 divinas
851 2667 909 2705 uti
930 2666 1122 2713 solemus,
1154 2665 1279 2720 postca
1310 2665 1504 2705 mundum
1536 2664 1782 2709 muliebrem,
1813 2663 1882 2717 qui
1941 2663 1947 2667 '
