2223 3003
746 242 1024 280 LIBER
1082 242 1443 281 PRIMUS.
1720 258 1795 295 219

397 341 551 386 modus,
582 340 629 379 ad
649 341 1033 393 mediocritatemque
1059 341 1319 380 revocandus:
1351 341 1560 393 eademque
1589 340 1796 380 mediocri-

399 417 453 445 tas
473 408 520 446 ad
539 421 700 447 omnem
720 407 832 446 usum
852 408 1082 460 cultumque
1109 409 1194 447 vitae
1226 407 1482 447 transferenda
1507 407 1572 447 est.
1623 407 1693 446 Sed
1717 406 1797 446 haec

395 471 593 512 hactenus.

454 541 499 578 In
519 542 628 579 omni
658 549 787 578 autem
817 540 963 578 afflone
996 539 1245 592 suscipienda,
1278 541 1348 578 tria
1382 541 1467 579 sunt
1498 541 1683 578 tenenda:
1717 540 1797 592 pri-

397 619 526 651 mum,
558 616 602 644 ut
626 606 815 658 appetitus
847 605 984 642 rationi
1004 615 1157 657 pareat;
1191 619 1269 657 quo
1290 604 1390 643 nihil
1410 607 1462 644 est
1482 607 1527 644 ad
1547 607 1674 645 officia
1702 619 1797 644 con-

398 672 573 710 servanda
605 671 963 709 accommodatius:
1009 671 1160 715 deinde,
1203 681 1246 709 ut
1282 672 1621 717 animadvertatur,
1657 681 1799 725 quanta

396 737 464 775 illa
483 749 540 774 res
568 736 626 781 fit,
658 749 774 788 quam
795 736 943 774 efficere
969 737 1162 781 velimus,
1195 746 1238 774 ut
1269 750 1362 774 neve
1392 738 1527 789 major,
1558 750 1652 775 neve
1673 739 1800 776 minor

397 815 488 841 cura
507 812 545 841 et
574 815 688 855 opera
706 802 943 855 suscipiatur,
974 816 1092 855 quam
1123 803 1231 841 causa
1255 802 1449 856 postulet:
1483 804 1639 841 tertium
1659 805 1725 848 est,
1757 813 1800 842 ut

396 881 611 913 caveamus,
644 877 688 906 ut
707 881 762 914 ea,
795 883 879 921 quae
905 869 1098 922 pertinent
1129 869 1175 907 ad
1205 869 1404 907 liberalem
1425 869 1591 923 speciem
1611 879 1649 908 et
1669 870 1799 922 digni-

395 943 530 978 tatem,
552 933 747 972 moderata
767 934 852 972 fint.
899 934 1045 972 Modus
1077 944 1206 972 autem
1226 935 1277 972 est
1304 935 1492 988 optimus,
1524 935 1638 973 decus
1672 936 1801 988 ipsum

396 1007 537 1044 tenere,
579 999 626 1037 de
660 1013 740 1051 quo
770 1009 857 1038 ante
890 999 1074 1045 diximus,
1106 1014 1177 1038 nec
1208 1000 1384 1053 progredi
1415 1000 1582 1053 longius.
1642 1001 1801 1039 Horum

387 1074 526 1104 *tamen
560 1066 680 1104 trium
714 1066 1062 1119 praestantiffimum
1095 1066 1160 1112 est,
1191 1068 1409 1120 appetitum
1442 1067 1705 1121 obtemperare
1741 1081 1798 1105 ra-

395 1132 510 1171 tioni.

451 1199 541 1237 XL.
575 1199 770 1251 Deinceps
801 1199 848 1237 de
879 1199 1012 1237 ordine
1032 1213 1174 1244 rerum,
1205 1209 1243 1238 et
1269 1209 1493 1253 temporum
1513 1201 1800 1254 opportunitate

395 1263 607 1303 dicendum
637 1264 704 1303 est.
750 1265 839 1303 Hac
860 1274 990 1303 autem
1010 1265 1166 1304 scientia
1196 1267 1417 1305 continetur
1437 1280 1492 1312 ea,
1523 1280 1642 1319 quam
1673 1266 1801 1304 Graeci

387 1326 546 1378 εὐταξίαν
564 1331 797 1376 nominant;
830 1345 909 1370 non
938 1330 1035 1377 haec,
1067 1346 1185 1384 quam
1216 1333 1514 1385 interpretamur
1544 1332 1799 1376 modestiam,

394 1409 476 1448 quo
508 1396 550 1434 in
584 1396 702 1435 verbo
735 1397 875 1435 modus
909 1397 1029 1436 inest:
1062 1398 1124 1436 sed
1154 1398 1221 1436 illa
1251 1397 1303 1436 est
1323 1394 1470 1446 εὐταξία,
1502 1399 1543 1436 in
1576 1411 1653 1451 qua
1682 1398 1801 1436 intel-

395 1463 532 1514 ligitur
559 1463 704 1502 ordinis
731 1463 979 1503 conservatio.
1030 1466 1179 1517 Itaque,
1211 1475 1254 1504 ut
1283 1465 1443 1504 eandem
1477 1478 1546 1504 nos
1578 1464 1802 1503 modestiam

397 1528 653 1581 appellemus,
683 1529 733 1566 fic
767 1530 948 1568 definitur
975 1544 998 1568 a
1027 1531 1179 1576 Stoicis,
1217 1541 1261 1570 ut
1285 1531 1469 1570 modestia
1488 1532 1534 1571 fit
1564 1531 1720 1569 scientia
1738 1544 1801 1568 ea-

397 1608 486 1633 rum
519 1608 662 1639 rerum,
700 1609 785 1647 quae
819 1605 992 1649 agentur,
1023 1606 1088 1636 aut
1117 1597 1308 1643 dicentur,
1339 1599 1425 1636 loco
1456 1598 1522 1636 suo
1556 1597 1801 1636 collocanda-

395 1675 500 1700 rum.
561 1662 695 1714 Itaque
726 1662 877 1700 videtur
909 1663 1042 1701 eadem
1071 1663 1126 1700 vis
1161 1663 1305 1701 ordinis
1342 1673 1380 1701 et
1412 1663 1674 1702 collocationis
1704 1664 1800 1703 fore.

397 1727 505 1766 Nam
536 1736 573 1764 et
593 1727 769 1765 ordinem
801 1728 851 1765 sic
885 1728 1090 1773 definiunt,
1122 1729 1443 1781 compofitionem
1474 1742 1601 1766 rerum
1633 1731 1729 1782 aptis
1763 1740 1801 1768 et

395 1793 699 1832 accommodatis
732 1793 842 1832 locis.
907 1795 1062 1832 Locum
1096 1804 1226 1833 autem
1257 1795 1429 1840 astionis,
1471 1797 1802 1848 opportunitatem

400 1859 584 1912 temporis
628 1858 698 1897 effe
735 1859 885 1898 dicunt.
935 1861 1112 1912 Tempus
1146 1869 1276 1898 autem
1314 1861 1472 1898 actionis
1510 1870 1799 1912 opportunum,

397 1926 534 1963 Graece
560 1922 719 1973 εὐκαιρία,
751 1925 890 1962 Latine
920 1925 1133 1977 appellatur
1165 1926 1302 1977 occasio.
1363 1925 1423 1963 Sic
1450 1924 1510 1970 fit,
1545 1934 1590 1963 ut
1620 1927 1804 1965 modestia

396 1989 493 2034 haec,
525 2003 642 2042 quam
674 1989 726 2027 ita
754 1990 1065 2043 interpretamur,
1097 1999 1140 2029 ut
1160 1991 1256 2036 dixi,
1288 1990 1444 2029 scientia
1462 1991 1507 2029 fit
1532 1993 1801 2044 opportunita-

397 2057 445 2094 tis
467 2056 694 2094 idoneorum
714 2056 760 2094 ad
778 2057 971 2109 agendum
991 2066 1227 2110 temporum.

454 2123 526 2160 Sed
557 2123 680 2175 potest
708 2123 839 2161 eadem
871 2123 942 2162 effe
971 2124 1184 2176 prudentiae
1215 2123 1404 2168 definitio,
1435 2123 1481 2161 de
1507 2137 1583 2176 qua
1607 2125 1802 2179 principio

397 2188 583 2226 diximus,
643 2190 735 2227 Hoc
766 2198 895 2227 autem
926 2189 1012 2227 loco
1032 2190 1078 2226 de
1100 2189 1374 2234 moderatione,
1405 2198 1443 2226 et
1471 2192 1734 2243 temperantia,
1765 2201 1803 2229 et

396 2253 536 2293 harum
556 2254 745 2293 similibus
767 2254 975 2292 virtutibus
996 2255 1218 2306 quaerimus.
1242 2256 1391 2306 Itaque,
1406 2268 1490 2307 quae
1506 2265 1611 2294 erant
1631 2258 1801 2309 pruden-

397 2321 459 2358 tiae
479 2320 644 2374 propria,
667 2319 732 2358 suo
753 2319 841 2358 loco
860 2320 960 2358 dieta
973 2319 1071 2358 sunt.
1104 2320 1203 2371 Qae
1220 2329 1349 2358 autem
1369 2319 1508 2359 harum
1529 2322 1732 2368 virtutum,
1755 2324 1801 2361 de

398 2387 540 2438 quibus
565 2386 719 2438 jamdiu
747 2385 960 2438 loquimur,
993 2400 1076 2437 qua:
1098 2386 1290 2438 pertinent
1309 2386 1355 2424 ad
1375 2387 1659 2434 verecundiam,
1690 2398 1726 2426 et
1757 2390 1801 2426 ad

399 2464 532 2489 eorum
552 2453 885 2505 approbationem,
908 2452 1144 2504 quibuscum
1165 2452 1345 2498 vivimus,
1365 2467 1469 2492 nunc
1491 2453 1651 2493 dicenda
1672 2455 1770 2493 sunt.

454 2517 562 2555 Talis
592 2518 645 2556 est
675 2519 794 2571 igitur
813 2519 908 2557 ordo
943 2519 1139 2557 adtionum
1167 2517 1422 2564 adhibendus,
1455 2529 1511 2565 ut,
1547 2521 1800 2572 quemadmo-

400 2583 495 2621 dum
525 2583 565 2621 in
595 2585 766 2624 oratione
784 2585 985 2629 constanti,
1017 2585 1066 2624 fic
1097 2585 1138 2624 in
1158 2585 1235 2624 vita
1263 2586 1394 2625 omnia
1414 2586 1486 2623 sint
1517 2596 1603 2640 apta
1633 2587 1731 2625 inter
1751 2586 1799 2629 se,

1383 2651 1416 2689 E
1437 2664 1457 2689 e
1479 2664 1499 2691 2
