2223 3003
646 241 924 281 LIBER
982 239 1483 279 SECUNDUS.

1692 254 1768 297 233

367 341 553 382 Praeclare
584 341 690 379 enim
724 341 903 385 Ennius;
935 341 1046 392 Qlem
1079 349 1255 385 metuunt,
1289 339 1439 379 oderunt
1454 358 1467 386 5
1503 354 1601 393 quem
1631 341 1770 394 quffqzce

370 408 457 452 odit,
473 407 611 461 perigffi’
630 407 779 460 expetit.·
809 406 1034 444 Rffiultorum
1054 415 1183 444 autem
1204 406 1302 444 odiis
1322 406 1446 444 nullas
1466 419 1557 460 opes
1577 405 1678 460 poss‘e
1698 407 1770 445 ob-

370 474 506 519 sistere,
525 474 549 512 fi
571 483 678 512 antea
692 472 769 510 fuit
788 472 982 524 ignotum,
1000 486 1122 524 nuper
1137 472 1188 510 est
1204 473 1421 525 cognitum.
1447 474 1534 512 Nec
1554 486 1642 511 vero
1658 472 1772 526 hujus

372 541 525 591 tyranni
557 540 697 584 solum,
727 551 847 590 quem
878 537 993 575 armis
1028 537 1196 589 opprefl‘a
1227 539 1387 590 pertulit
1416 539 1564 585 civitas,
1596 540 1772 578 interitus

372 605 551 651 declarat,
583 614 774 657 quantum
804 603 940 640 odium
958 601 1167 640 hominum
1188 603 1308 640 valeat
1334 603 1379 641 ad
1399 605 1542 656 pestem
1556 624 1567 650 ς
1601 606 1662 644 scd
1684 606 1774 644 reli-

371 685 541 724 quorum
560 670 700 708 fimiles
721 669 846 706 exitus
868 677 1132 720 tyrannorum,
1161 681 1330 720 quorum
1350 668 1453 707 haud
1473 670 1551 708 fere
1572 672 1774 724 quisquam

371 737 576 775 interitum
595 735 761 774 similem
781 733 933 788 effugit.
976 734 1109 773 Malus
1130 735 1236 773 enim
1263 734 1387 773 custos
1409 735 1669 776 diuturnitatis
1691 752 1775 776 me-

372 812 434 842 tus
449 822 462 849 ;
494 811 717 855 contraque,
740 801 1007 840 benevolentia
1026 801 1150 839 fidelis
1171 801 1237 847 est,
1258 801 1318 840 vel
1337 801 1383 840 ad
1402 802 1713 855 perpetuitatem.

429 869 500 907 Sed
534 869 596 914 iis,
641 868 709 920 qui
740 867 779 905 vi
812 867 1004 921 oppressos
1047 867 1213 921 imperio
1247 878 1437 913 coercent,
1473 868 1518 907 fit
1550 868 1635 907 sane
1665 868 1776 907 adhi-

372 935 498 974 benda
517 935 670 980 saevitia,
701 943 744 972 ut
764 933 866 973 heris
886 935 927 973 in
948 933 1131 980 famulos,
1163 935 1189 973 si
1212 935 1321 974 aliter
1347 935 1467 974 teneri
1497 949 1575 974 non
1609 936 1775 990 possunt.

373 1002 457 1053 Qi
480 1016 568 1041 vero
588 1002 628 1040 in
658 1001 779 1039 libera
798 1001 953 1040 civitate
971 1001 1024 1040 ita
1050 1001 1087 1040 se
1120 1001 1328 1048 instruunt,
1359 1010 1403 1040 ut
1433 1011 1654 1041 metuantur
1674 1021 1684 1047 ;
1716 1001 1778 1041 his

371 1068 472 1108 nihil
507 1068 578 1108 effe
611 1067 735 1122 potest
754 1067 986 1111 dementius.
1039 1069 1229 1121 Qamvis
1248 1069 1356 1108 enim
1383 1068 1562 1108 demersae
1585 1069 1658 1108 sint
1677 1069 1779 1122 leges

373 1135 536 1188 alicujus
570 1135 724 1188 opibuS‚
760 1135 936 1187 quamvis
974 1134 1170 1173 timefacta
1202 1135 1372 1180 libertas,
1417 1144 1621 1188 emergunt
1652 1144 1779 1174 tamen

373 1200 457 1239 haec
477 1200 684 1254 aliquando
717 1209 783 1238 aut
796 1200 956 1252 judiciis
988 1200 1127 1246 tacitis,
1172 1208 1237 1238 aut
1255 1201 1421 1239 occultis
1454 1200 1501 1239 de
1534 1199 1679 1239 honore
1699 1199 1779 1239 suf-

373 1266 520 1320 fragiis.
552 1267 732 1305 Acriores
753 1275 884 1305 autem
915 1267 1062 1305 morsus
1083 1266 1170 1306 sunt
1188 1266 1407 1305 intermiffae
1433 1266 1635 1311 libertatis,
1663 1280 1782 1319 quam

373 1344 544 1373 retentae.
589 1333 709 1387 Qod
738 1333 858 1387 igitur
882 1333 1060 1372 latiffime
1088 1342 1206 1387 patet,
1241 1347 1365 1387 neque
1394 1334 1441 1372 ad
1469 1333 1782 1372 incolumitatem

375 1401 515 1447 solum,
558 1401 620 1439 sed
657 1401 776 1439 etiam
809 1400 857 1438 ad
893 1414 984 1455 opes
1018 1409 1056 1440 et
1087 1400 1303 1454 potentiam
1332 1400 1432 1439 valet
1465 1400 1697 1455 plurimum,
1743 1400 1782 1438 id

375 1469 668 1521 amplectamur,
703 1477 747 1506 ut
777 1476 904 1506 metus
935 1467 1043 1513 absit,
1075 1468 1209 1506 caritas
1242 1468 1449 1506 retineatur
1466 1486 1478 1513 ς
1511 1468 1563 1505 ita
1581 1466 1781 1511 facillime,

375 1548 463 1587 quae
492 1533 688 1578 volumus,
718 1541 757 1570 et
786 1533 943 1586 privatis
974 1534 1015 1571 in
1036 1534 1162 1578 rebus,
1198 1542 1236 1572 et
1270 1534 1311 1572 in
1344 1533 1543 1587 republica
1571 1533 1783 1586 conseque-

376 1614 479 1640 mur.
513 1600 686 1644 Etenim,
708 1599 777 1651 qui
797 1599 834 1637 se
853 1599 978 1638 metui
997 1600 1143 1646 volent,
1173 1613 1194 1638 a
1213 1600 1355 1652 quibus
1377 1609 1613 1645 metuentur,
1631 1598 1784 1637 eosdem

375 1675 554 1705 metuant
574 1665 657 1718 ipsi,
677 1664 821 1702 neceffe
840 1664 907 1703 est.

433 1731 544 1784 Qid
562 1732 670 1770 enim
699 1730 897 1768 censemus
918 1729 1151 1783 superiorem
1170 1729 1286 1768 illum
1314 1729 1562 1782 Dionysium,
1594 1742 1674 1782 quo
1694 1742 1784 1768 cru-

377 1799 482 1838 ciatu
503 1798 652 1836 timoris
673 1797 763 1849 angi
782 1796 969 1835 solitum?
999 1797 1068 1849 qui
1096 1797 1240 1836 cultros
1269 1806 1445 1836 metuens
1470 1796 1671 1842 tonsorios,
1692 1810 1785 1835 can-

377 1864 493 1903 dente
531 1864 695 1902 carbone
733 1863 805 1901 fibi
834 1863 1016 1902 adurebat
1054 1862 1278 1916 capillum?
1325 1863 1470 1914 Qid?
1519 1862 1787 1901 Alexandrum

377 1929 584 1969 Pheraeum
612 1942 692 1982 quo
721 1929 853 1966 animo
872 1928 1004 1967 vixifi‘e
1033 1928 1296 1967 arbitramur?
1327 1928 1411 1981 qui,
1443 1937 1488 1967 ut
1507 1927 1695 1981 scriptum
1728 1927 1787 1966 le-

377 1996 525 2050 gimus,
570 2008 663 2033 cum
697 2007 860 2034 uxorem
893 1992 1061 2033 Theben
1098 1994 1312 2033 admodum
1346 1994 1538 2047 diligeret,
1578 2002 1708 2032 tamen
1743 1994 1788 2032 ad

379 2076 465 2101 eam
484 2075 532 2100 ex
562 2061 687 2115 epulis
716 2061 758 2100 in
792 2061 1022 2100 cubiculum
1056 2062 1226 2107 veniens,
1258 2061 1478 2106 barbarum,
1508 2069 1548 2099 et
1572 2073 1662 2098 eum
1697 2060 1788 2112 qui-

381 2129 487 2173 dem,
523 2137 566 2167 ut
599 2128 786 2181 scriptum
816 2128 884 2174 est,
928 2129 1211 2181 compunctum
1241 2127 1342 2164 notis
1377 2125 1588 2171 Threiciis,
1620 2125 1790 2165 districto

379 2195 510 2249 gladio
524 2195 686 2247 jubebat
716 2195 856 2232 anteire
868 2213 881 2240 ς
913 2194 1248 2247 praemittebatque
1269 2192 1316 2230 de
1336 2192 1578 2245 stipatoribus
1599 2192 1689 2238 suis,
1721 2193 1789 2245 qui

381 2261 637 2300 scrutarentur
667 2259 812 2298 arculas
843 2259 1066 2304 muliebres,
1097 2268 1148 2304 et,
1184 2272 1232 2297 ne
1264 2258 1368 2311 quod
1395 2259 1435 2297 in
1465 2258 1700 2297 vestimentis
1719 2272 1788 2297 oc-

381 2329 594 2366 cultaretur
615 2327 752 2372 telum,
787 2327 1044 2379 exquirerent.
1093 2326 1130 2363 O
1162 2325 1362 2371 miserum,
1395 2326 1464 2379 qui
1491 2325 1721 2371 fideliorem,
1752 2335 1789 2362 et

384 2394 605 2440 barbarum,
638 2403 676 2432 et
707 2393 942 2447 stigmatiam
969 2402 1130 2446 putaret,
1163 2406 1280 2445 quam
1315 2392 1549 2446 conjugem!
1582 2391 1670 2430 Nec
1699 2405 1789 2430 eum

386 2457 527 2498 fefellit
557 2461 690 2513 opinio
707 2479 719 2506 ;
750 2461 797 2499 ab
818 2473 860 2499 ea
880 2459 984 2499 enim
1016 2459 1068 2498 est
1089 2458 1179 2512 ipse,
1210 2468 1365 2513 propter
1387 2457 1588 2513 pellicatus
1606 2457 1789 2512 suspicio-

385 2537 492 2569 nem,
513 2525 749 2566 interfestus.

489 2591 567 2629 To
583 2603 635 2630 M,
667 2592 742 2632 ΙΙΙ.
1406 2591 1444 2628 G
1463 2605 1489 2644 g
