2223 3003
433 208 509 248 182
827 201 930 240 DE
1001 197 1429 243 OFFLCIIS

428 307 564 360 hisque
585 314 726 343 temere
742 299 984 338 ass‘entiamur
999 314 1010 341 ;
1034 295 1138 348 quod
1154 295 1296 333 vitium
1316 292 1483 346 effugere
1503 291 1570 344 qui
1586 292 1703 338 volet,
1722 295 1827 346 (om-

429 387 496 413 nes
517 380 646 410 autem
666 366 763 404 velle
783 364 943 415 debent)
974 361 1177 400 adhibebit
1206 361 1253 399 ad
1273 358 1559 399 confiderandas
1580 371 1638 397 res
1667 367 1707 397 et
1727 366 1829 398 tem-

430 453 516 493 pus,
547 445 585 474 et
605 431 860 485 diligentiam.
907 428 1090 468 Alterum
1123 427 1176 466 est
1194 427 1351 472 vitium,
1381 425 1489 479 quod
1519 424 1680 477 quidam
1713 424 1831 463 nimis

430 513 619 555 magnum
652 497 835 540 studium,
876 495 1122 547 multamque
1155 507 1309 547 operam
1343 493 1383 531 in
1418 505 1474 530 res
1508 490 1685 529 obscuras
1719 499 1833 542 atque

430 567 608 607 difficiles
638 563 858 607 conferunt,
895 561 1121 614 easdemque
1152 574 1229 599 non
1259 558 1489 598 neceffarias.
1540 556 1698 609 Qibus
1729 556 1833 595 vitiis

430 632 648 677 declinatis,
679 629 784 682 quod
815 629 854 666 in
889 627 1000 666 rebus
1027 626 1195 665 honestis
1226 636 1264 665 et
1298 625 1522 678 cognitione
1551 622 1678 676 dignis
1712 635 1834 675 operae

431 711 610 752 curaeque
626 705 804 751 ponetur,
836 693 875 732 id
890 694 977 746 jure
997 693 1216 732 laudabitur
1233 708 1242 732 :
1275 702 1318 730 ut
1349 692 1388 729 in
1409 689 1609 742 astrologia
1629 689 1677 727 C.
1702 687 1833 741 Sulpi-

396 804 398 806 .
431 767 540 805 cium
570 763 790 802 audivimus
807 779 819 806 ;
851 762 891 798 in
924 760 1138 812 geometria
1167 760 1252 799 Sex.
1282 757 1517 810 Pompeium
1547 755 1616 808 ipsi
1646 754 1835 808 cognovi·

433 845 552 876 mus;
585 828 730 868 multos
757 827 797 864 in
824 825 1046 868 dialecticis,
1077 824 1204 876 plures
1238 824 1278 862 in
1299 825 1387 875 jure
1406 821 1526 860 civili.
1574 822 1673 872 Qae
1701 833 1835 858 omnes

431 907 528 937 artes
549 896 589 934 in
608 895 687 932 veri
707 891 997 943 investigatione
1017 889 1235 935 versantur;
1256 890 1366 942 cujus
1382 888 1506 927 studio
1526 900 1546 925 a
1565 887 1676 925 rebus
1697 900 1832 940 geren-

434 965 492 1002 dis
528 961 682 1004 abduci,
713 967 847 997 contra
880 957 1055 995 officium
1090 956 1156 995 est.
1206 955 1374 995 Virtutis
1404 957 1510 996 enim
1542 957 1622 995 laus
1648 956 1776 995 omnis
1798 955 1837 992 in

435 1029 583 1068 afflone
606 1024 805 1065 consistit:
837 1037 857 1061 a
888 1036 964 1076 qua
993 1032 1123 1061 tamen
1157 1023 1252 1075 saepe
1282 1021 1327 1060 fit
1359 1022 1612 1066 intermiffio;
1644 1022 1839 1073 multique

433 1095 574 1134 dantur
598 1091 645 1130 ad
670 1090 792 1130 studia
822 1088 994 1127 reditus:
1027 1096 1114 1126 tum
1143 1087 1301 1141 agitatio
1334 1088 1492 1133 mentis,
1523 1101 1608 1140 quae
1638 1099 1840 1139 nunquam

435 1159 658 1214 acquiescit,
703 1156 826 1211 potest
858 1169 927 1194 nos
961 1155 1002 1193 in
1032 1155 1166 1193 studiis
1200 1155 1434 1208 cognitionis
1466 1156 1583 1193 etiam
1618 1154 1696 1192 fine
1727 1166 1840 1206 opera

437 1228 561 1267 nostra
580 1225 790 1264 continere.
835 1222 978 1260 Omnis
1009 1231 1139 1260 autem
1170 1222 1369 1274 cogitatio,
1397 1221 1602 1273 motusque
1621 1219 1742 1258 animi
1776 1229 1841 1257 aut

436 1295 479 1334 in
499 1292 666 1332 consiliis
686 1289 878 1343 capiendis
899 1289 946 1326 de
977 1288 1089 1327 rebus
1110 1287 1292 1333 honestis,
1314 1297 1352 1326 et
1371 1287 1656 1341 pertinentibus
1676 1286 1721 1324 ad
1743 1286 1842 1324 bene

437 1360 626 1412 beateque
646 1355 871 1400 vivendum,
892 1364 957 1392 aut
976 1355 1016 1392 in
1038 1353 1172 1392 studiis
1191 1354 1371 1399 scientiae‚
1392 1353 1701 1408 cognitionisque
1719 1351 1842 1391 versa-

438 1435 517 1466 tur.
549 1427 610 1464 Ac
630 1425 676 1463 de
696 1423 824 1476 primo
844 1421 1003 1474 quidem
1023 1420 1143 1459 officii
1162 1419 1270 1459 fonte
1290 1421 1475 1460 diximus.

495 1493 589 1531 VII.
622 1492 684 1529 De
705 1489 827 1528 tribus
848 1497 977 1527 autem
998 1486 1156 1541 reliquis
1176 1487 1353 1526 latiffime
1373 1497 1476 1542 patet
1496 1501 1538 1526 ea
1557 1486 1666 1532 ratio,
1686 1498 1764 1539 qua
1783 1483 1842 1523 so-

439 1560 555 1597 cietas
575 1557 790 1595 hominum
811 1556 910 1593 inter
940 1554 1054 1606 ipsos,
1085 1563 1123 1592 et
1153 1555 1241 1593 vitae
1261 1554 1364 1606 quasi
1385 1554 1646 1593 communitas
1666 1551 1844 1591 contine-

440 1635 525 1664 tur:
558 1624 668 1675 cujus
689 1630 813 1675 partes
833 1621 918 1659 duae
938 1620 1047 1658 sunt:
1075 1621 1235 1672 justitia,
1264 1622 1304 1659 in
1325 1635 1401 1674 qua
1420 1622 1574 1660 virtutis
1595 1619 1774 1673 splendor
1792 1616 1846 1655 est

440 1690 634 1729 maximus
651 1706 663 1733 ;
696 1700 744 1725 ex
761 1700 837 1739 qua
857 1686 950 1724 boni
970 1687 1042 1724 viri
1064 1687 1338 1732 nominantur;
1370 1696 1407 1725 et
1428 1687 1520 1725 huic
1548 1686 1754 1738 conjuncta
1773 1683 1843 1720 be-

441 1756 659 1800 neficentia,
691 1767 809 1807 quam
829 1754 991 1792 eandem
1011 1754 1071 1791 vel
1089 1754 1384 1807 benignitatem,
1403 1755 1463 1792 vel
1481 1753 1755 1792 liberalitatem
1776 1763 1844 1802 ap-

441 1823 574 1877 pellari
608 1822 712 1859 licet.
765 1820 837 1857 Sed
863 1820 1021 1870 justitiae
1052 1820 1225 1872 primum
1247 1834 1390 1859 munus
1422 1820 1488 1865 est,
1521 1829 1563 1857 ut
1594 1832 1640 1857 ne
1673 1817 1737 1855 cui
1757 1816 1846 1869 quis

442 1896 590 1930 noceat,
615 1885 683 1923 nifi
705 1884 890 1922 laceffitus
907 1884 1074 1934 injuri2⁴13
1097 1884 1250 1928 deinde,
1269 1894 1312 1922 ut
1332 1885 1610 1922 communibus
1632 1892 1760 1920 utatur
1780 1894 1850 1933 pro

442 1951 734 1995 communibus,
758 1950 912 2002 privatis
936 1959 978 1988 ut
999 1949 1086 1987 suis.
1131 1949 1228 1987 Sunt
1248 1959 1377 1988 autem
1398 1950 1543 2003 privata
1563 1948 1668 1986 nulla
1688 1947 1847 1989 natur-515

444 2019 505 2058 sed
526 2027 590 2057 aut
610 2017 728 2055 veteri
752 2016 1020 2069 occupatione,
1055 2025 1096 2053 ut
1118 2016 1185 2068 qui
1207 2016 1404 2068 quondam
1437 2016 1476 2054 in
1498 2028 1615 2053 vacua
1634 2021 1847 2056 venerunt5

444 2096 511 2124 aut
530 2084 701 2129 victoria,
733 2092 776 2121 ut
797 2084 864 2135 qui
886 2083 989 2121 bello
1009 2083 1125 2135 potiti
1146 2082 1256 2128 sunt,
1290 2092 1354 2121 aut
1375 2084 1473 2137 lege,
1503 2082 1690 2136 pactione,
1711 2079 1850 2118 condi-

446 2154 564 2196 tione,
589 2151 698 2190 sorte.
743 2151 804 2188 Ex
825 2163 905 2202 quo
925 2149 983 2194 fit,
1015 2159 1058 2187 ut
1089 2163 1175 2202 ager
1196 2150 1376 2203 Arpinas,
1408 2151 1645 2203 Arpinatum
1673 2148 1849 2191 dicatur,

446 2217 706 2262 Tusculanus,
728 2215 1056 2256 Tusculanorum.
1091 2215 1312 2268 Similisque
1332 2215 1384 2254 cst
1406 2217 1638 2270 privatarum
1660 2211 1850 2267 poss‘essio-

446 2298 541 2322 num
563 2283 781 2335 descriptio,
826 2282 886 2320 Ex
907 2295 1000 2334 quo,
1034 2282 1125 2334 quia
1145 2281 1258 2320 suum
1289 2281 1475 2334 cujusque
1496 2281 1554 2326 fit,
1584 2292 1734 2324 eorum,
1767 2292 1852 2330 qua:

447 2350 581 2388 naturai
602 2348 751 2387 fuerant
783 2348 1023 2393 communia,
1055 2347 1160 2400 quod
1190 2349 1331 2401 cuique
1351 2348 1508 2401 obtigit,
1540 2347 1579 2384 id
1610 2345 1773 2398 quisque
1795 2353 1853 2382 te-

448 2426 558 2460 neat;
590 2430 609 2453 c
630 2430 709 2467 quo
731 2415 754 2452 si
775 2415 861 2467 quis
886 2415 951 2452 libi
972 2423 1139 2467 appetet,
1159 2414 1318 2452 violabit
1333 2415 1398 2467 jus
1419 2413 1598 2453 humanm
1620 2411 1825 2451 societatis.

505 2481 577 2521 Sed
606 2482 791 2534 quoniam
828 2483 888 2531 (ut
911 2481 1086 2533 proeclarc
1108 2480 1291 2534 scriptum
1311 2479 1363 2518 est
1384 2493 1404 2518 a
1425 2480 1602 2529 Platone)
1638 2492 1714 2517 non
1741 2476 1852 2516 nobis

448 2547 572 2588 solum
594 2549 671 2588 nati
694 2548 839 2594 sumus»,
858 2547 1040 2601 ortusque
1062 2547 1177 2587 nostri
1199 2556 1345 2602 partem
1363 2547 1484 2601 patria
1503 2546 1686 2593 vindicat,
1706 2552 1854 2601 panem
