2223 3003
427 279 475 320 32
710 264 813 303 DE
870 228 1517 302 DlerAronE

480 360 731 412 Objiciuntur
749 359 866 396 etiam
891 357 985 409 saepe
1003 356 1150 400 formae,
1185 366 1271 408 quae
1297 357 1420 409 reapse
1440 357 1555 395 nullae
1580 357 1690 403 sunt,
1722 358 1805 411 spe-

424 427 524 464 ciem
545 433 670 461 autem
701 421 880 459 offerunt.
923 421 1043 472 Qod
1073 421 1270 474 contigisse
1290 422 1440 460 Brenno
1465 422 1620 467 dicitur,
1654 422 1808 474 ejusque

368 513 372 516 -
424 489 586 526 Gallicis
607 486 741 540 copiis,
771 499 862 524 cum
895 485 985 523 fano
1010 485 1204 538 Apollinis
1226 485 1410 538 Delphici
1444 486 1633 525 nefarium
1661 486 1809 525 bellum

424 552 619 591 intulisset.
638 553 746 590 Tum
766 551 870 588 enim
891 549 1034 595 ferunt,
1047 564 1093 588 ex
1111 550 1265 589 oraculo
1284 549 1364 588 haec
1381 550 1498 589 fatam
1511 551 1580 589 esse
1601 549 1806 603 Pythiam,

562 619 640 670 Ego
652 616 843 670 providebo
862 626 935 655 rem
954 616 970 654 i
994 631 1065 661 am,
1094 625 1130 655 et
1147 616 1239 655 albae
1257 617 1428 668 virgines.

425 685 487 722 E'x
517 696 595 736 quo
614 682 759 721 fastum
778 682 845 726 est,
881 692 924 720 ut
953 689 991 720 e't
1011 682 1226 720 viderentur
1245 683 1409 734 virgines
1428 681 1524 720 ferre
1543 697 1647 721 arma
1663 691 1808 725 contra,

424 758 463 788 et
480 750 567 787 nive
587 748 791 787 Gallorum
810 749 1032 786 obrueretur
1049 748 1251 786 exercitus.

475 808 706 853 XXXVIII.
739 813 958 851 Aristoteles
975 813 1133 865 quidem
1152 826 1214 852 eos
1233 813 1364 859 etiam,
1386 814 1454 866 qui
1474 809 1700 852 valetudinis
1716 813 1811 851 vitio

426 881 606 924 furerent,
635 886 673 917 e't
692 878 964 917 melancholici
984 879 1213 924 dicerentur,
1249 879 1422 917 censebat
1440 879 1576 918 habere
1596 879 1743 931 aliquid
1772 879 1811 916 in

426 947 564 984 animis
584 944 804 997 praefagiens
822 953 938 996 atque
958 944 1148 982 divinum.
1180 945 1266 997 Ego
1284 954 1410 983 aute-m
1430 944 1533 983 haud
1553 945 1643 989 scio,
1676 957 1722 982 an
1743 957 1813 982 nec

427 1011 605 1050 cardiacis
621 1010 697 1048 hoc
717 1011 965 1048 tribuendum
984 1010 1044 1056 fit,
1071 1023 1141 1048 nec
1161 1009 1416 1063 phreneticis:
1448 1012 1567 1049 animi
1586 1012 1691 1049 enirn
1710 1010 1812 1048 inte-

427 1077 500 1130 gri,
521 1084 596 1115 non
614 1076 737 1114 'vitiofi
756 1076 941 1128 corporis,
961 1075 1014 1113 est
1029 1075 1240 1120 divinati03
1262 1088 1384 1128 quam
1400 1075 1558 1128 quidem
1572 1075 1642 1113 effe
1658 1088 1695 1113 re
1714 1087 1812 1119 vera,

426 1143 498 1180 hac
519 1143 735 1180 Stoicorum
756 1141 898 1179 ratione
917 1140 1162 1179 concluditur
1173 1160 1185 1186 ς
1223 1141 1250 1179 s1
1271 1141 1357 1179 sunt
1383 1141 1466 1186 Dii,
1488 1152 1611 1193 neque
1640 1149 1726 1179 ante
1745 1140 1813 1178 de-

425 1199 571 1247 clarant
588 1207 816 1245 hominibus
836 1213 921 1259 quae
940 1206 1069 1245 futura
1088 1207 1173 1245 sunt
1190 1225 1202 1252 3
1227 1214 1296 1245 aut
1324 1220 1400 1245 non
1421 1207 1588 1260 diligunt
1607 1205 1784 1244 homines
1800 1224 1813 1250 ;

424 1284 505 1320 aut,
527 1274 869 1326 quid-eventurum
889 1274 947 1318 fit,
978 1274 1182 1326 ignorant3
1214 1281 1279 1311 aut
1304 1273 1536 1318 existimant,
1570 1271 1668 1311 nihil
1694 1272 1815 1310 inter-

424 1339 498 1378 esse
516 1339 738 1383 hominum,
769 1338 860 1376 scire
883 1339 984 1390 quid
1002 1338 1178 1377 futurum
1199 1339 1266 1384 fit;
1298 1348 1362 1377 aut
1387 1353 1464 1377 non
1483 1338 1636 1377 censent
1653 1337 1724 1376 esse
1744 1337 1816 1375 suae

427 1405 630 1457 majestatis
663 1403 946 1457 prz‘rsignificare
965 1403 1189 1442 hominibus
1221 1417 1304 1457 quae
1325 1404 1411 1442 sunt
1439 1403 1594 1449 futura;
1626 1412 1690 1441 aut
1709 1416 1751 1440 ca
1770 1415 1817 1439 ne

428 1470 497 1522 ipsi
519 1469 677 1521 quidem
699 1469 768 1507 Dii
787 1468 995 1520 significare
1014 1468 1178 1521 poss‘unt.
1217 1470 1270 1507 At
1292 1481 1414 1521 neque
1433 1482 1510 1507 non
1529 1468 1699 1519 diligunt
1718 1478 1786 1504 nos
1803 1484 1815 1510 5

429 1535 515 1573 sunt
535 1536 639 1572 enim
660 1533 835 1578 benefici,
865 1535 1070 1586 generique
1090 1533 1298 1572 hominurn
1317 1535 1457 1572 amici:
1498 1546 1622 1585 neque
1642 1535 1820 1585 ignorant

428 1612 484 1643 ea,
514 1613 598 1651 quae
618 1600 664 1636 ab
684 1599 770 1650 ipfis
791 1599 995 1636 constituta
1013 1608 1050 1636 et
1070 1599 1257 1650 designata
1276 1599 1362 1636 sunt
1379 1616 1389 1643 ;
1427 1610 1549 1650 neque
1569 1598 1691 1636 nostra
1719 1597 1819 1637 nihil

424 1663 595 1708 interest,
619 1663 709 1701 scire
725 1676 780 1707 ea,
796 1676 885 1715 quae
901 1669 1082 1701 event-ura
1101 1662 1210 1708 sunt3
1245 1664 1406 1714 (erimus
1427 1664 1537 1700 enim
1556 1664 1756 1707 cautiores,
1791 1661 1818 1700 fi

429 1730 608 1779 sciemus)
631 1741 754 1779 neque
775 1726 848 1765 hoc
869 1728 1037 1765 alienum
1054 1728 1187 1765 dicunt
1206 1727 1396 1778 majestate
1415 1727 1502 1771 sua;
1524 1726 1621 1765 nihil
1641 1727 1694 1765 est
1713 1728 1820 1765 enim

431 1793 681 1833 beneficentia
711 1792 942 1845 praestantius
960 1811 971 1836 3
1003 1806 1125 1845 neque
1146 1800 1221 1830 non
1243 1791 1392 1845 possunt
1418 1791 1546 1831 futura
1566 1793 1818 1846 praenoscere:

432 1874 509 1899 non
532 1860 647 1912 igitur
667 1858 751 1896 sunt
770 1859 852 1902 Dii,
874 1870 944 1896 nec
965 1857 1177 1910 fignificant
1197 1857 1336 1895 futura.
1359 1860 1455 1896 Sunt
1475 1868 1602 1896 autem
1620 1858 1687 1897 Dii
1705 1877 1717 1903 3
1746 1859 1818 1911 sig—

433 1925 592 1964 nificant
620 1937 727 1976 ergo·
774 1924 825 1962 Et
846 1936 937 1968 non,
966 1923 991 1961 fi
1027 1923 1252 1976 significant,
1288 1923 1410 1962 nullas
1430 1924 1508 1962 vias
1534 1924 1624 1962 dant
1645 1924 1752 1962 nobis
1773 1925 1819 1962 ad

435 1990 718 2044 fignificationis
753 1989 946 2027 scientiam
966 2007 977 2033 3
1022 1988 1156 2027 frustm
1203 1990 1307 2027 enim
1347 1989 1600 2042 significarent
1617 2004 1626 2028 t
1670 2002 1753 2034 nec,
1795 1989 1819 2027 si

435 2057 525 2095 dant
545 2057 635 2100 vias,
666 2069 741 2093 non
761 2055 812 2093 est
832 2055 1029 2094 divinatio.
1062 2055 1128 2093 Est
1148 2055 1266 2108 igitur
1285 2055 1482 2094 divinatio.

489 2122 680 2161 XXXIX.
714 2122 800 2160 Hac
820 2122 963 2160 mtione
981 2131 1020 2160 et
1039 2120 1288 2175 Chrysippus,
1309 2131 1346 2159 et
1368 2122 1574 2175 Diogenes,
1595 2132 1634 2160 et
1659 2123 1822 2176 Antipa-

435 2197 491 2228 ter
522 2187 655 2226 utitur.
703 2187 811 2239 Qid
838 2188 889 2226 est
922 2188 1054 2241 igitur,
1087 2201 1157 2226 cur
1176 2188 1432 2226 dubitandum
1453 2189 1510 2233 sit,
1545 2189 1640 2241 ‘quin
1662 2189 1734 2227 sint
1765 2202 1822 2233 ea,

435 2266 520 2307 quae
540 2253 741 2306 disputavi,
768 2253 969 2298 veriffi'ma,
1000 2253 1026 2291 si
1053 2254 1147 2292 ratio
1169 2264 1322 2292 mecum
1344 2253 1448 2299 facit,
1484 2254 1509 2292 sl
1529 2263 1675 2299 eventa,
1708 2254 1732 2292 si
1754 2267 1823 2307 po-

436 2320 535 2373 puli,
558 2319 788 2363 si'nationes,
824 2319 848 2357 si
869 2319 1011 2363 Graeci,
1035 2319 1058 2357 si
1080 2320 1243 2365 barbari,
1278 2320 1302 2358 si
1325 2321 1482 2372 majores
1502 2321 1617 2359 etiam
1638 2320 1766 2363 nostri.
1797 2320 1822 2357 si

426 2385 603 2437 ¹denique
622 2383 696 2422 hoc
718 2385 861 2437 semper
882 2385 932 2422 ita
951 2393 1130 2438 putatum
1149 2385 1215 2429 est,
1234 2385 1258 2424 si
1275 2385 1414 2423 summi
1436 2385 1669 2439 philosophi,
1691 2387 1714 2424 si
1733 2399 1824 2439 poe-

426 2451 499 2494 'tae,
536 2450 558 2488 si
581 2450 837 2503 sapientissimi
854 2451 944 2495 viri,
977 2452 1044 2503 qui
1066 2451 1291 2504 respublicas
1311 2451 1602 2497 constituerunt,
1625 2452 1691 2504 qui
1713 2453 1824 2490 urbes

437 2515 690 2555 condiderunt
707 2516 719 2553 ?
737 2517 814 2561 An,
832 2516 925 2555 dum
944 2516 1065 2555 bestia:
1082 2517 1300 2570 loquantur,
1317 2517 1598 2572 cxspcetmnus?
1618 2518 1824 2558 hominum
