2223 3003
408 176 480 217 118
816 175 920 215 DE
988 175 1392 216 LEGIBUS

402 274 620 314 amiciffimi
641 275 716 313 Cn.
741 273 918 326 Pompeii
939 272 1068 311 laudes
1089 273 1322 312 illustrabit:
1354 274 1523 313 incurret
1548 275 1666 316 etiam
1692 277 1733 317 in
1753 278 1807 317 il-

401 341 571 380 lummet
592 337 884 378 memorabilem
918 351 1064 376 annum
1084 337 1223 377 suum:
1257 352 1342 392 quae
1371 339 1418 377 ab
1449 339 1521 378 isto
1541 341 1645 379 malo
1664 343 1806 394 praedi-

402 407 492 451 cari,
515 419 647 457 quam,
669 412 712 441 ut
728 403 849 447 aiunt,
872 401 918 440 de
939 403 1067 442 Remo
1086 407 1124 441 et·
1144 404 1331 444 Romulo.
1375 405 1592 445 MARcus.
1624 407 1810 461 Intelligo

400 472 580 524 equidem
613 484 633 507 a
662 482 726 507 me
755 469 873 508 istum
892 469 1064 509 laborem
1087 471 1242 524 jamdiu
1274 471 1470 525 postulari,
1492 473 1625 512 Attice
1642 492 1655 519 ς
1687 487 1809 527 quem

400 551 478 577 non
501 536 726 582 recusarem,
757 536 784 575 fi
805 535 907 575 mihi
927 536 1056 576 ullum
1076 538 1310 577 tribueretur
1329 552 1495 578 vacuum
1516 549 1671 594 tempus
1697 550 1736 579 et
1755 541 1809 580 li-

401 605 552 643 berum.
596 604 738 656 Neque
771 604 878 642 enim
909 614 1094 658 occupata
1124 619 1250 659 opera,
1287 620 1413 660 neque
1438 607 1631 661 impedito
1661 608 1808 654 animo,

401 685 457 709 res
478 680 582 709 tanta
601 670 738 724 suscipi
757 670 892 723 potest.
936 672 1163 724 Utrumque
1183 686 1280 726 opus
1307 674 1374 719 est,
1404 683 1443 713 et
1473 688 1564 713 cura
1596 688 1739 721 vacare,
1769 684 1809 714 et

400 738 570 791 negotio.
602 738 831 776 ATTxeus.
855 737 993 789 Qid?
1014 738 1060 776 ad
1080 747 1225 784 caetera,
1243 753 1329 792 quae
1349 740 1538 794 scripsisti,
1560 739 1670 794 plura
1688 754 1809 794 quarn

401 804 606 857 quisquam
626 817 646 842 e
666 803 816 849 nostris,
838 804 945 856 quod
965 803 1038 842 tibi
1057 805 1213 844 tandem
1233 815 1387 859 tempus
1407 821 1574 846 vacuum
1604 806 1683 846 fuit
1711 820 1810 847 con-

401 870 574 909 ceffum?
617 871 834 909 MARCUS.
857 871 1050 909 Subcifiva
1076 872 1253 924 quaedam
1280 882 1456 927 tempora
1474 875 1693 921 incurrunt,
1724 887 1811 928 quae

401 951 473 990 ego
492 938 613 990 perire
637 950 716 975 non
738 937 893 989 patior:
925 946 970 975 ut
1002 937 1102 990 siqui
1137 939 1216 977 dies
1247 939 1294 977 ad
1325 939 1588 980 rusticandum
1607 941 1686 980 dati
1721 941 1809 986 tint,

401 1004 447 1041 ad
467 1016 602 1041 eorum
637 1016 846 1042 numerum
874 1004 1234 1051 accommodentur,
1267 1019 1353 1058 quae
1374 1006 1592 1046 scribimus.
1636 1007 1811 1046 Historia

402 1083 491 1107 vero
517 1083 586 1107 nec
617 1069 763 1108 institui
797 1069 933 1123 potest,
963 1070 1033 1109 nifi
1062 1080 1272 1125 praeparato
1292 1072 1402 1118 oti03
1432 1085 1504 1111 nec
1532 1074 1674 1126 exiguo
1706 1083 1811 1112 tem-

402 1150 494 1189 pore
531 1136 701 1175 absolvi:
747 1145 785 1175 et
819 1150 891 1190 ego
929 1137 1050 1176 animi
1077 1137 1243 1191 pendere
1276 1138 1394 1185 soleo,
1438 1152 1532 1178 cum
1562 1139 1680 1179 semel
1713 1139 1811 1193 quid

401 1203 505 1242 orsus
526 1203 702 1242 traducor
722 1204 797 1242 alio
809 1222 822 1249 5
854 1217 978 1256 neque
1000 1213 1081 1242 tam
1099 1203 1213 1242 facile
1233 1206 1447 1258 interrupta
1475 1216 1654 1251 contexo,
1691 1219 1812 1260 quam

402 1267 555 1307 absolvo
575 1268 760 1307 instituta.
793 1270 1021 1308 ATT1cus.
1045 1270 1300 1322 Legationem
1321 1271 1493 1324 aliquam
1512 1272 1704 1311 nimirum
1723 1285 1810 1310 ora-

403 1335 459 1372 tio
493 1333 560 1372 ista
595 1334 774 1387 postulat,
820 1344 886 1373 aut
924 1335 1115 1387 ejusmodi
1146 1337 1375 1389 quampiam
1407 1337 1613 1376 ceffionem
1648 1338 1811 1377 liberam

402 1410 517 1454 atque
537 1400 710 1439 otiosam.
754 1401 971 1440 MARcus.
1002 1403 1089 1456 Ego
1108 1416 1198 1442 vero
1218 1404 1337 1442 aetatis
1357 1404 1487 1457 potius
1506 1405 1695 1443 vacationi
1714 1418 1813 1443 con-

403 1466 570 1505 fidebam
587 1481 595 1505 :
619 1480 712 1505 cum
733 1467 942 1520 praesertim
962 1482 1039 1507 non
1059 1469 1285 1515 recusarem,
1307 1484 1386 1523 quo
1410 1471 1540 1509 minus
1561 1483 1669 1508 more
1689 1471 1813 1523 patrio

403 1533 533 1572 sedens
566 1535 606 1571 in
639 1533 732 1572 solio
768 1534 1059 1574 consulentibus
1095 1535 1376 1589 responderem,
1420 1536 1698 1590 senestutisque
1732 1551 1812 1576 non

404 1601 536 1638 inertis
557 1608 665 1652 grato
685 1609 801 1652 atque
820 1599 980 1639 honesto
1000 1600 1180 1654 fungerer
1198 1616 1373 1642 munere.
1417 1603 1478 1642 Sic
1506 1604 1612 1642 enim
1633 1603 1735 1642 mihi
1761 1604 1814 1642 li·

402 1675 507 1705 ceret
527 1675 566 1704 et
586 1665 644 1704 isti
665 1666 732 1711 rei,
754 1680 872 1719 quam
893 1667 1090 1713 defideras,
1112 1678 1151 1707 et
1170 1669 1306 1708 multis
1327 1670 1568 1709 uberioribus
1586 1680 1703 1723 atque
1726 1683 1812 1708 ma-

397 1732 564 1784 joribus,
587 1745 710 1785 operae
733 1742 925 1784 quantum
946 1733 1102 1779 vellem,
1124 1735 1224 1773 dare.

461 1799 532 1837 IV.
556 1799 784 1837 Armcus.
808 1799 933 1852 Atqui
960 1813 1102 1845 vereor,
1137 1815 1184 1839 ne
1205 1801 1314 1840 istam
1346 1800 1497 1840 causam
1517 1814 1634 1841 nemo
1654 1801 1809 1847 noscat;

405 1865 556 1917 tibique
577 1864 724 1916 semper
743 1864 952 1902 dicendum
974 1865 1032 1909 fit,
1065 1875 1103 1903 et
1123 1879 1168 1904 eo
1188 1868 1326 1919 magis,
1358 1869 1463 1919 quod
1484 1878 1521 1905 te
1541 1868 1619 1921 ipse
1642 1868 1811 1913 mutasti,

403 1940 443 1969 et
475 1929 578 1968 aliud
599 1929 751 1967 dicendi
782 1929 977 1969 instituisti
997 1945 1143 1984 genus:
1178 1943 1234 1978 ut,
1268 1934 1600 1985 quemadmodum
1633 1934 1812 1978 Roscius,

406 1996 607 2036 familiaris
629 2006 732 2041 tuus,
764 1998 803 2034 in
824 1996 1014 2036 senectute
1035 2012 1213 2039 numeros
1244 2000 1283 2038 in
1317 2009 1433 2038 cantu
1464 2000 1667 2045 ceciderat,
1698 2001 1812 2054 ipsas·

407 2076 483 2115 que
505 2062 682 2100 tardiores
702 2061 843 2100 fecerat
864 2064 975 2101 tibias
992 2082 1003 2108 3
1028 2064 1077 2102 fic
1096 2074 1137 2103 tu
1159 2079 1178 2103 a
1198 2066 1524 2111 contentionibus,
1544 2067 1688 2119 quibus
1707 2066 1813 2104 sum-

407 2130 482 2167 mis
502 2129 557 2167 uti
581 2128 736 2174 solebas,
768 2130 942 2182 quotidie
962 2131 1104 2169 relaxes
1136 2132 1298 2184 aliquid,
1332 2142 1373 2170 ut
1396 2133 1478 2185 jam
1500 2133 1621 2171 oratio
1643 2143 1707 2171 tua
1737 2147 1813 2171 non

407 2195 580 2233 multum
603 2209 623 2232 a
643 2194 964 2249 philosophorum
986 2197 1142 2235 lenitate
1163 2198 1279 2236 absit:
1312 2199 1416 2251 quod
1445 2199 1620 2238 sustinere
1641 2212 1733 2238 cum
1754 2198 1813 2236 vel

407 2261 560 2299 summa
580 2260 749 2299 senectus
778 2261 878 2314 posse
900 2262 1084 2308 videatur,
1119 2264 1266 2302 nullam
1298 2264 1369 2302 tibi
1400 2279 1420 2302 a
1440 2265 1557 2303 cantis
1578 2265 1813 2303 vacationem

408 2327 519 2364 video
539 2326 630 2363 dari.
676 2329 905 2378 Qix'rus.
930 2329 983 2366 At
1005 2329 1225 2368 mehercule
1246 2345 1317 2383 ego
1337 2331 1543 2370 arbitrabar
1560 2329 1660 2383 poffc
1683 2330 1720 2368 id
1743 2345 1812 2384 po-

408 2392 503 2445 pulo
524 2392 648 2430 nostro
670 2393 834 2445 probari,
869 2394 891 2431 si
916 2403 949 2431 tc
967 2395 1009 2432 ad
1027 2397 1090 2448 jus
1119 2396 1424 2449 respondendum
1446 2397 1618 2435 dediss'cs.
1659 2399 1812 2448 Qam-

406 2458 559 2502 obrem,
589 2472 680 2496 cum
702 2459 879 2512 placebit.
911 2462 1184 2513 experiendum
1205 2462 1274 2500 tibi
1296 2463 1442 2501 censeo.
1506 2464 1719 2501 qucus.
1756 2463 1811 2507 ld.

409 2525 435 2563 si
457 2525 631 2577 quidem,
655 2527 817 2578 Qinte,
850 2527 1002 2566 nullum
1029 2529 1117 2569 esset
1143 2529 1182 2568 in
1215 2531 1445 2583 experiendo
1474 2531 1718 2583 perieulum:
1753 2530 1812 2568 sed

2216 0 2223 66 ...—-
