2223 3003
633 245 913 286 LIBER
969 246 1470 288 SECUNDUS.
1684 262 1757 305 145

358 345 470 399 Qid
489 344 542 384 est
560 344 682 390 enim,
714 359 807 384 cum
826 355 1089 400 paupertatem
1124 347 1269 386 divitiis
1303 348 1419 386 etiam
1450 347 1549 386 inter
1578 346 1758 387 homines

359 413 432 451 effe
451 412 638 466 aequalem
657 411 837 457 velimus,
858 427 926 451 cur
945 426 1046 458 eam,
1078 413 1234 467 sumptu
1254 414 1300 452 ad
1320 414 1418 452 sacra
1437 413 1625 459 adhibito,
1650 415 1758 452 Deo-

359 493 448 518 rum
468 479 574 517 aditu
594 491 788 516 arceamus
809 479 822 515 ?
854 479 1064 530 praesertim
1083 493 1176 518 cum
1197 480 1266 532 ipsi
1288 481 1372 519 Deo
1399 479 1499 519 nihil
1520 481 1651 519 minus
1671 494 1758 533 gra-

359 554 448 584 tum
467 545 646 584 futurum
666 543 724 589 fit,
757 557 875 596 quam
896 557 974 581 non
995 544 1178 583 omnibus
1199 546 1325 597 patere
1344 546 1390 584 ad
1411 547 1446 584 se
1465 547 1695 600 placandum
1723 556 1760 585 et

358 611 568 650 colendum
597 610 714 648 viam.
752 607 872 658 Qod
891 617 1020 647 autem
1039 622 1118 647 non
1143 610 1279 661 judex,
1313 610 1373 648 sed
1393 612 1500 649 Deus
1527 613 1605 665 ipse
1630 613 1761 652 w‘ndex

359 676 619 720 constituitur,
652 673 843 728 praesentis
877 688 1000 728 poenae
1031 684 1140 713 metu
1174 675 1309 728 religio
1329 676 1549 715 confirmari
1582 679 1759 718 videtur:

360 741 528 795 Suosque
549 742 667 786 Deos,
684 749 750 779 aut
769 754 903 786 novos,
924 749 989 780 aut
1009 741 1240 794 alienigenas
1256 741 1347 787 coli,
1364 742 1630 782 confufionem
1647 744 1762 784 habet

359 809 609 862 religionum,
639 815 678 846 et
707 808 858 861 ignotas
881 808 1126 847 caeremonias
1156 809 1273 847 etiam
1293 808 1564 848 sacerdotibus.
1605 811 1713 849 Nam
1741 825 1762 849 a

359 875 532 927 patribus
552 881 728 927 acceptos
745 875 850 913 Deos
870 875 924 913 ita
942 875 1067 927 placet
1087 874 1178 920 coli,
1196 874 1222 913 fi
1242 873 1336 913 huic
1357 875 1433 929 legi
1453 885 1661 929 paruerunt
1677 877 1760 931 ipfi.

359 942 520 980 Patrum
540 941 699 979 delubra
718 940 789 979 effe
808 941 849 979 in
869 941 1030 980 urbibus
1051 941 1207 980 censeo:
1231 954 1300 980 nec
1321 941 1458 995 sequor
1476 956 1608 996 magos
1630 943 1761 982 Persa-

360 1021 449 1046 rum
461 1026 474 1053 ς
506 1007 648 1060 quibus
668 1008 886 1047 auctoribus
908 1009 1054 1047 Xerxes
1073 1007 1323 1047 inflammasse
1354 1009 1501 1062 templa
1521 1010 1680 1048 Graeciae
1700 1009 1762 1047 di-

358 1075 476 1120 citur,
497 1074 602 1126 quod
621 1074 832 1127 parietibus
852 1075 1094 1114 includerent
1119 1076 1239 1120 Deos,
1268 1075 1410 1128 quibus
1430 1076 1563 1115 omnia
1582 1076 1764 1115 deberent

359 1139 432 1178 effe
455 1141 625 1193 patentia
644 1153 686 1178 ac
706 1140 839 1186 libera,
874 1154 1122 1195 quorumque
1141 1140 1207 1180 hic
1228 1141 1397 1181 mundus
1418 1142 1547 1181 omnis
1569 1142 1763 1196 templum

358 1205 448 1244 effet
465 1214 505 1244 et
522 1206 676 1245 domus.

413 1271 488 1309 XI.
510 1270 659 1310 Melius
680 1269 824 1315 Graeci‚
845 1279 960 1323 atque
980 1271 1120 1316 nostri;
1153 1270 1236 1324 qui,
1257 1280 1302 1310 ut
1317 1281 1499 1324 augerent
1518 1271 1703 1324 pietatem
1723 1272 1765 1311 in

358 1337 480 1382 Deos,
512 1335 660 1375 easdem
681 1335 783 1381 illos,
815 1348 907 1388 quas
928 1349 1012 1381 nos,
1044 1336 1156 1375 urbes
1176 1336 1343 1375 incolere
1369 1337 1588 1376 voluerunt.
1637 1337 1766 1377 Affert

358 1403 465 1442 enim
481 1401 563 1441 haec
581 1402 714 1456 opinio
730 1401 958 1455 religionem
973 1402 1112 1441 utilem
1132 1403 1353 1442 civitatibus
1371 1417 1380 1442 ε
1403 1403 1592 1456 fiquidem
1609 1412 1647 1442 et
1666 1403 1766 1442 illud

360 1469 460 1507 bene
477 1469 628 1507 dictum
646 1468 699 1506 est
728 1482 748 1506 a
768 1467 998 1522 Pythagora,
1031 1468 1248 1508 dostiffimo
1268 1470 1365 1515 viro,
1393 1471 1504 1509 Tum
1531 1470 1702 1509 maxime
1727 1479 1767 1509 et

361 1533 561 1586 pietatem,
581 1541 620 1571 et
639 1532 866 1586 religionem
886 1533 1020 1573 versari
1035 1534 1076 1572 in
1096 1534 1250 1580 animis,
1267 1548 1360 1573 cum
1377 1535 1489 1574 rebus
1510 1535 1650 1574 divinis
1670 1549 1765 1589 ope-

362 1612 446 1637 ram
466 1598 665 1643 daremus3
698 1606 736 1636 et
751 1598 855 1650 quod
870 1597 1031 1644 Thales,
1052 1601 1121 1651 qui
1136 1599 1429 1652 sapientiffimus
1449 1602 1489 1639 in
1510 1601 1654 1653 septem
1673 1600 1764 1646 fuit,

363 1664 559 1703 Homines
590 1663 806 1702 existimare
825 1672 1013 1716 oportere,
1046 1664 1179 1703 omnia
1197 1678 1284 1718 quae
1308 1675 1567 1711 cernerentur,
1590 1667 1767 1705 Deorum

362 1729 435 1768 effe
454 1730 589 1783 plena:
625 1728 708 1767 fore
734 1730 842 1768 enim
861 1743 996 1769 omnes
1016 1730 1205 1775 castiores,
1226 1731 1347 1770 veluti
1377 1732 1446 1785 qui
1472 1732 1513 1771 in
1533 1731 1630 1771 fanis
1650 1731 1768 1771 effent

362 1796 534 1835 maxime
551 1794 747 1848 religiofis.
779 1795 847 1834 Est
866 1796 972 1835 enim
992 1796 1158 1849 quadam
1177 1797 1359 1850 opinione
1379 1797 1518 1851 species
1533 1799 1709 1837 Deorum
1725 1799 1767 1837 in

361 1861 501 1906 oculis,
519 1875 597 1900 non
613 1860 738 1899 solum
757 1861 799 1900 in
814 1862 1026 1900 mentibus.
1056 1862 1309 1914 Eandemque
1324 1864 1512 1902 rationem
1527 1864 1608 1901 luci
1623 1863 1768 1902 habent

360 1927 403 1966 in
423 1927 535 1980 agris.
581 1926 724 1978 Neque
742 1939 798 1972 ea,
833 1939 919 1979 quae
938 1940 959 1964 a
978 1927 1188 1979 majoribus
1214 1927 1365 1981 prodita
1395 1928 1448 1967 est
1468 1926 1560 1967 cum
1580 1928 1766 1974 dominis,

361 2001 449 2031 tum
469 1991 641 2037 famulis,
662 1992 783 2045 p0s1ta
801 1992 843 2031 in
869 1991 982 2032 fundi
1005 1993 1183 2047 villaeque
1202 1993 1422 2048 conspeetu,
1453 1994 1589 2048 religio
1619 1996 1767 2034 Larum

363 2058 594 2111 repudianda
610 2058 675 2097 est.
699 2060 791 2110 Jam
808 2059 904 2098 ritus
919 2058 1076 2098 familiae
1088 2069 1321 2113 patrumque
1337 2060 1493 2107 servare,
1514 2061 1554 2100 id
1573 2061 1626 2099 est
1647 2061 1766 2114 (quo-

363 2124 469 2162 niam
488 2124 695 2176 antiquitas
722 2125 898 2177 proxime
917 2125 1065 2163 accedit
1081 2125 1127 2163 ad
1143 2126 1268 2177 Deos)
1302 2138 1323 2163 a
1342 2125 1430 2164 Diis
1457 2125 1560 2178 quast
1587 2126 1768 2165 traditam

362 2189 590 2243 religionem
610 2190 723 2228 tueri.
765 2190 884 2240 Qod
903 2199 1033 2229 autem
1054 2203 1101 2229 ex
1120 2189 1330 2229 hominurn
1350 2204 1490 2243 genere
1515 2191 1766 2237 consecratos,

361 2255 466 2295 ficut*
480 2256 698 2294 Herculem
717 2264 756 2293 et
775 2265 944 2301 caeteros,
976 2256 1053 2294 coli
1072 2255 1135 2295 lex
1149 2256 1276 2308 jubet,
1306 2257 1453 2295 indicat
1471 2257 1653 2297 omnium
1674 2258 1766 2311 qui-

363 2321 454 2360 dem
474 2322 623 2360 animos
647 2322 885 2360 immortales
917 2322 1002 2367 effe,
1035 2321 1097 2360 sed
1126 2321 1289 2361 fortium
1309 2322 1580 2377 bonorumque
1599 2324 1765 2363 divinos.

367 2387 468 2425 Bene
486 2401 588 2434 vero,
609 2388 715 2441 quod
734 2388 867 2434 Mens,
885 2388 1024 2433 Pietas,
1042 2387 1191 2434 Virtus,
1214 2388 1343 2434 Fides,
1361 2389 1602 2429 consecratur
1621 2403 1739 2429 manu
1754 2403 1764 2428 τ

367 2466 531 2504 quarum
550 2455 731 2493 omnium
747 2455 885 2494 Romae
901 2455 1072 2493 dedicata
1087 2454 1245 2508 publice
1262 2456 1407 2509 templa
1421 2456 1508 2495 sunt
1522 2475 1533 2502 ς
1556 2465 1600 2496 ut
1620 2457 1686 2495 illa
1698 2456 1767 2509 qui

367 2517 545 2564 habeant,
578 2519 741 2571 (habent
771 2531 900 2562 autem
919 2534 1053 2563 omnes
1074 2520 1184 2574 boni)
1217 2521 1323 2561 Deos
1352 2522 1451 2575 ipsos
1471 2523 1512 2562 in
1531 2523 1670 2562 animis
1691 2521 1768 2560 suis

477 2585 516 2623 T
534 2597 558 2623 o
578 2597 629 2624 M.
661 2587 735 2626 111.
1425 2589 1465 2627 Τ
