2223 3003
735 294 1011 333 LIBER
1070 294 1432 333 PRIMUS.
1593 304 1599 307 “
1708 309 1782 350 223

377 393 568 433 virtutum
603 392 656 432 est
691 393 757 432 illa
790 393 984 447 sapientia,
1030 407 1148 445 quam
1183 391 1304 440 σιφίσιν
1337 395 1501 431 vocant:
1537 393 1783 446 prudentiam

377 461 498 505 enim,
527 473 646 513 quam
668 461 796 498 Graeci
817 458 973 512 φρόνησιν,
1003 460 1116 497 aliam
1149 460 1342 511 quandam
1374 460 1664 513 intelligimu55
1697 475 1782 513 quae

377 526 430 564 est
459 540 587 565 rerum
616 526 914 579 expetendarum
945 525 1296 577 fugiendarumque
1329 526 1495 565 scientia.
1556 528 1628 566 Illa
1651 538 1780 566 autem

376 592 570 646 sapientia,
615 606 732 645 quam
769 592 986 644 principem
1016 591 1112 635 dixi,
1157 605 1285 628 rerum
1327 593 1379 629 est
1412 594 1629 633 divinarum
1665 606 1779 648 atque

374 658 632 698 humanarum
662 658 843 702 scientia;
876 657 917 694 in
947 671 1022 709 qua
1052 658 1273 695 continetur
1300 659 1475 696 Deorum
1496 669 1533 697 et
1563 660 1777 702 hominum

373 723 633 763 communitas
663 731 701 760 et
731 722 886 760 societas
918 722 1018 760 inter
1047 722 1161 775 ipsos.
1208 723 1264 759 Ea
1294 723 1320 760 fi
1351 724 1522 762 maxima
1551 726 1616 770 est,
1647 738 1690 765 ut
1723 729 1777 767 est

372 799 476 828 certe
492 809 505 835 ;
547 788 690 828 necesse
723 788 790 833 est,
821 788 927 841 quod
960 802 980 825 a
1010 788 1292 827 communitate
1323 789 1484 828 ducatur
1515 791 1704 838 officium,
1736 795 1777 832 id
1825 779 1827 782 ι

371 856 444 894 effe
464 856 697 894 maximum.
729 855 889 893 Etenim
910 856 1083 908 cognitio
1101 855 1460 909 contemplatioque
1491 867 1632 896 naturae
1662 873 1774 897 man-

371 935 416 959 ca
445 921 614 974 quodam
645 921 764 959 modo
784 930 899 974 atque
929 920 1108 959 inchoata
1127 921 1244 966 fit‚·fi
1265 922 1371 959 nulla
1402 923 1499 961 ac‘tio
1520 937 1647 962 rerum
1677 938 1775 964 con-

371 987 572 1041 sequatur:
603 1001 646 1026 ea
664 997 792 1026 autem
812 989 910 1027 aetio
933 988 973 1026 in
999 987 1208 1027 hominum
1229 990 1447 1028 commodis
1475 991 1626 1029 tuendis
1649 993 1776 1030 maxi-

370 1068 435 1093 me
465 1055 650 1094 cernitur.
700 1055 873 1093 Pertinet
907 1055 1027 1108 igitur
1055 1055 1101 1093 ad
1137 1055 1357 1093 societatem
1391 1057 1539 1109 generis
1579 1056 1774 1098 humani:

370 1135 461 1175 ergo
494 1121 576 1160 haec
601 1121 818 1175 cognitioni
842 1122 1105 1174 anteponenda
1138 1122 1214 1160 est:
1249 1132 1363 1174 atque
1396 1123 1436 1161 id
1470 1124 1642 1177 optimus
1669 1125 1776 1177 quis-

370 1201 446 1241 que
471 1201 510 1226 re
540 1188 620 1240 ipsa
649 1188 824 1233 ostendit,
855 1197 894 1225 et
914 1188 1078 1240 judicat.
1124 1189 1225 1239 Qis
1245 1189 1350 1226 enim
1370 1189 1422 1227 est
1443 1199 1521 1228 tam
1543 1191 1705 1244 cupidus
1733 1192 1776 1230 in

370 1254 633 1307 perspicienda
661 1254 999 1307 cognoscendaque
1029 1268 1156 1293 rerum
1191 1266 1337 1301 natura,
1383 1265 1440 1301 ut,
1471 1257 1496 1294 fi
1531 1258 1567 1294 ei
1601 1259 1776 1296 tra-§rami

369 1320 731 1374 contemplantique
765 1333 822 1358 res
856 1321 1080 1373 cognitione
1113 1320 1350 1374 dignissimas
1380 1322 1507 1361 subito
1537 1323 1582 1361 fit
1615 1323 1776 1363 allatum

369 1387 589 1440 periculum
609 1386 892 1440 discrimenque
911 1388 1056 1440 patriae,
1089 1388 1153 1426 cui
1174 1387 1373 1426 subvenire
1402 1389 1659 1442 opitularique
1686 1390 1775 1442 pos-

369 1453 429 1498 fit,
459 1468 539 1492 non
558 1454 626 1492 illa
643 1454 775 1492 omnia
794 1454 987 1507 relinquat
1012 1463 1127 1507 atque
1154 1454 1322 1506 abjiciat,
1351 1455 1468 1493 etiam
1488 1456 1514 1493 fi
1535 1456 1778 1494 dinumerare

372 1518 407 1555 se
443 1518 579 1562 stellas,
624 1528 689 1556 aut
722 1520 851 1557 metiri
889 1520 1028 1557 mundi
1063 1520 1376 1572 magnitudinem
1405 1520 1507 1573 poffe
1539 1522 1774 1560 arbitretur?

371 1585 503 1636 Atque
533 1583 609 1622 hoc
629 1583 732 1621 idem
763 1585 802 1622 in
823 1585 1004 1636 parentis,
1034 1585 1075 1622 in
1101 1585 1218 1622 amici
1246 1598 1298 1629 re,
1329 1594 1394 1623 aut
1421 1587 1593 1638 periculo
1623 1585 1773 1626 fecerit.

371 1650 528 1701 Qibus
549 1650 661 1688 rebus
682 1650 928 1702 intelligitur,
959 1649 1090 1688 studiis
1106 1650 1318 1700 officiisque
1338 1650 1503 1688 scientiae
1522 1652 1776 1704 praeponenda

371 1716 441 1754 effe
461 1716 587 1754 officia
600 1715 771 1768 justitiae,
803 1730 887 1768 quae
907 1716 1101 1769 pertinent
1131 1715 1177 1755 ad
1199 1715 1408 1755 hominum
1431 1716 1638 1756 utilitatem
1653 1736 1665 1763 ‚-
1699 1732 1776 1771 qua

369 1781 469 1820 nihil
489 1781 642 1820 homini
663 1781 734 1819 effe
753 1783 867 1819 debet
887 1783 1097 1834 antiquius.

425 1849 574 1886 XLIV.
607 1850 737 1900 Atque
768 1849 840 1893 illi,
880 1863 1049 1901 quorum
1080 1849 1201 1887 studia
1231 1849 1383 1901 vitaque
1414 1850 1542 1887 omnis
1573 1851 1613 1888 in
1645 1864 1774 1889 rerum

369 1915 591 1966 cognitione
615 1914 753 1951 versata
772 1915 837 1958 est,
875 1923 1002 1952 tamen
1024 1915 1070 1952 ab
1089 1914 1271 1967 augendis
1303 1914 1512 1953 hominurn
1541 1916 1773 1954 utilitatibus

367 1990 404 2017 et
425 1979 642 2017 commodis
678 1993 756 2017 non
776 1979 1016 2018 recesserunt.
1063 1981 1169 2018 Nam
1205 1989 1243 2017 et
1262 1981 1483 2019 erudierunt
1504 1981 1662 2026 multos,
1694 1996 1773 2034 quo

368 2046 544 2083 meliores
565 2046 680 2090 cives,
713 2045 960 2098 utilioresque
981 2046 1092 2093 rebus
1121 2046 1195 2085 suis
1225 2046 1394 2099 publicis
1421 2046 1564 2092 essent,
1597 2057 1640 2085 ut
1660 2046 1772 2084 The-

369 2111 513 2148 banum
541 2112 855 2164 Epaminondam
887 2112 993 2163 Lyfis
1025 2111 1301 2164 Pythagoreus,
1331 2112 1569 2163 Syracusium
1600 2113 1772 2150 Dionem

368 2177 491 2221 Plato,
523 2177 717 2229 multique
753 2178 931 2215 multos:
963 2178 1105 2229 nosque
1132 2177 1213 2229 ipfi,
1246 2177 1438 2230 quidquid
1472 2179 1518 2215 ad
1553 2179 1770 2231 rempubli-

366 2256 452 2280 cam
473 2242 673 2280 attulimus
708 2242 750 2293 (fi
781 2243 899 2280 modo
930 2243 1077 2294 aliquid
1098 2243 1319 2294 attulimus)
1352 2256 1372 2280 a
1391 2243 1625 2289 doctoribus,
1658 2254 1773 2297 atque

365 2321 386 2345 a
405 2308 576 2346 doetrina
595 2308 766 2346 instru&i
799 2308 844 2345 ad
864 2321 961 2353 eam,
993 2317 1031 2345 et
1059 2308 1182 2345 ornati
1202 2308 1434 2347 acceffimus.
1484 2310 1625 2363 Neque
1645 2311 1771 2349 solum

367 2375 442 2412 vivi
473 2384 587 2427 atque
607 2375 804 2428 praesentes
834 2373 1017 2412 studiosos
1039 2374 1207 2412 discendi
1228 2375 1422 2421 erudiunt,
1454 2385 1569 2429 atque
1600 2377 1767 2422 docent3

368 2438 429 2477 sed
448 2439 523 2478 hoc
555 2441 658 2479 idem
692 2441 809 2478 etiam
840 2441 922 2494 post
956 2450 1123 2478 mortem
1150 2442 1413 2480 monumentis
1446 2442 1644 2481 literarum
1677 2442 1768 2480 affe-

367 2514 553 2557 quuntur.
599 2508 686 2545 Nec
706 2508 812 2545 enim
832 2507 938 2545 locus
975 2507 1077 2545 ullus
1098 2507 1364 2559 praetermiffus
1391 2508 1443 2546 est
1473 2509 1519 2546 ab
1540 2509 1599 2553 iis,
1636 2510 1702 2560 qui
1724 2508 1769 2545 ad

367 2572 483 2624 legeS,
517 2573 584 2624 qui
603 2573 650 2610 ad
674 2587 812 2619 mores,
844 2575 911 2626 qui
939 2574 983 2611 ad
1011 2573 1251 2626 disciplinam
1285 2574 1501 2627 reipublicae
1533 2576 1738 2628 pertineret
1755 2592 1768 2619 ;

368 2647 409 2676 ut
429 2638 554 2677 otium
576 2638 688 2678 suum
720 2640 766 2679 ad
796 2640 968 2679 nostrum
995 2641 1195 2694 negotium
1215 2641 1414 2680 contuliss‘e
1440 2641 1650 2680 videantur.
1712 2641 1770 2679 Ita
