2223 3003
483 233 557 286 196
872 226 977 266 DE
1053 224 1480 264 oFF1cl1s

476 345 568 371 cum
599 326 815 384 persuasum
837 325 895 370 fit,
925 322 1025 362 nihil
1048 322 1265 368 hominem,
1296 322 1365 361 nifi
1389 322 1495 375 quod
1524 320 1730 361 honestum
1756 325 1875 364 deco-

476 409 639 448 rumque
658 395 716 437 s1t,
734 391 926 435 admirari,
947 398 1012 428 aut
1031 398 1176 443 optare,
1192 397 1258 427 aut
1275 397 1452 442 expetere
1469 396 1644 441 oportere
1655 406 1668 433 ς
1699 388 1874 442 nullique

474 475 598 514 neque
617 457 784 502 homini,
816 469 941 510 neque
961 455 1239 510 perturbationi
1259 455 1396 500 animi,
1423 468 1493 493 nec
1510 453 1673 493 fortunae
1693 454 1874 493 succum-

475 528 575 565 bere.
606 525 740 563 Altera
758 523 811 562 est
830 536 903 568 res,
917 532 975 568 ut,
996 536 1090 561 cum
1109 522 1162 561 ita
1178 522 1224 561 fis
1244 520 1400 560 affectus
1421 521 1566 566 animo,
1588 530 1632 559 ut
1648 520 1757 574 supra
1776 521 1872 565 dixi,

473 605 530 630 res
549 604 654 645 geras
684 602 842 644 magnas
863 589 946 627 illas
966 589 1140 642 quidem,
1171 597 1209 627 et
1242 587 1413 627 maxime
1434 587 1560 632 utiles,
1591 585 1653 625 sed
1686 595 1724 625 et
1755 584 1872 624 vehe-

471 667 623 698 menter
642 657 773 696 arduas
794 655 998 709 plenasque
1019 655 1197 693 laborum
1213 664 1250 693 et
1267 654 1542 708 periculorum,
1564 661 1650 691 tum
1670 652 1770 697 vitae,
1788 661 1874 691 tum

471 725 687 764 multarum
707 736 848 767 rerum,
870 735 955 774 quae
975 721 1021 759 ad
1041 722 1161 759 vitam
1180 721 1387 774 pertinent.

526 791 682 830 Harum
717 801 845 828 rerum
877 787 1041 825 duarum
1075 787 1251 839 splendor
1283 787 1411 825 omnis
1445 795 1483 824 et
1512 783 1745 838 amplitudo,
1776 784 1874 822 addo

469 857 588 896 etiam
608 856 830 898 utilitatem,
852 853 892 891 in
911 852 1116 905 posteriore
1135 852 1188 890 est
1203 870 1215 897 ς
1246 852 1356 890 causa
1374 862 1503 890 autem
1532 861 1570 890 et
1590 851 1686 889 ratio
1704 850 1873 888 efficiens
1919 838 1925 847 ⁴

469 935 630 975 magnos
652 922 766 965 viros,
796 919 848 957 est
878 919 919 956 in
939 918 1078 971 priore.
1138 918 1184 956 In
1204 931 1249 956 eo
1267 918 1373 956 enim
1403 917 1455 956 est
1475 918 1588 963 illud,
1617 917 1723 970 quod
1742 915 1873 955 excel-

467 989 588 1027 lentes
609 987 772 1030 animos,
804 993 843 1022 et
872 982 1043 1022 humana
1061 992 1354 1022 contemnentes
1374 983 1480 1023 facit.
1523 984 1569 1023 Id
1598 992 1728 1021 autem
1747 981 1873 1035 ipsum

467 1055 638 1093 cernitur
668 1054 709 1091 in
740 1051 906 1096 duobus,
933 1050 960 1088 fi
990 1059 1028 1089 et
1047 1049 1172 1089 solum
1192 1050 1246 1095 id,
1276 1050 1383 1102 quod
1408 1049 1613 1088 honestum
1634 1049 1693 1094 fit,
1726 1049 1874 1087 bonum

460 1121 628 1174 judices,
659 1128 696 1158 et
726 1119 773 1157 ab
803 1117 912 1156 omni
932 1117 1053 1155 animi
1071 1117 1361 1170 perturbatione
1380 1117 1478 1155 liber
1496 1116 1556 1155 fis.
1615 1116 1723 1154 Nam
1748 1124 1786 1153 et
1815 1127 1872 1159 ea,

466 1201 554 1240 quae
573 1185 717 1225 eximia
735 1183 926 1238 plerisque
954 1192 992 1221 et
1024 1183 1201 1236 praeclara
1219 1183 1411 1228 videntur,
1441 1196 1553 1235 parva
1573 1182 1724 1227 ducere,
1756 1193 1875 1233 eaque

434 1274 440 1280 ·
467 1254 612 1292 ratione
631 1251 755 1290 stabili
775 1250 964 1303 firmaque
985 1259 1246 1295 contemnere,
1277 1248 1388 1288 fortis
1407 1249 1528 1287 animi
1558 1248 1768 1302 magnique
1797 1247 1871 1285 du-

466 1319 637 1359 cendum
655 1318 708 1356 est
723 1336 735 1364 ς
766 1325 805 1355 et
823 1330 879 1362 ea,
911 1331 997 1369 quae
1016 1316 1196 1355 videntur
1214 1316 1360 1360 acerba,
1383 1329 1468 1368 quae
1489 1315 1614 1353 multa
1641 1324 1679 1352 et
1710 1314 1811 1352 varia
1831 1313 1871 1351 in

466 1385 676 1425 hominum
709 1383 788 1422 vita
817 1382 1048 1436 fortunaque
1066 1382 1273 1427 versantur,
1309 1383 1362 1420 ita
1381 1381 1492 1427 ferre,
1524 1391 1567 1419 ut
1598 1379 1696 1419 nihil
1727 1393 1747 1417 a
1776 1379 1872 1418 statu

466 1462 609 1491 naturae
639 1450 819 1495 discedas,
850 1449 951 1488 nihil
983 1463 1003 1487 a
1036 1449 1223 1502 dignitate
1253 1448 1445 1502 sapientis,
1481 1447 1624 1486 robusti
1653 1447 1773 1484 animi
1803 1446 1869 1491 est,

465 1532 692 1573 magnaeque
711 1516 944 1557 constantiae.

519 1587 616 1624 Non
636 1585 689 1623 est
718 1594 847 1623 autem
868 1583 1181 1629 consentaneum,
1211 1583 1279 1636 qui
1312 1592 1420 1622 metu
1450 1596 1528 1621 non
1550 1580 1759 1635 frangatur,
1780 1594 1871 1619 eum

463 1650 591 1705 frangi
623 1650 862 1704 cupiditate;
905 1663 990 1695 nec,
1032 1650 1101 1703 qui
1135 1649 1326 1688 invictum
1360 1649 1396 1688 se
1426 1663 1447 1687 a
1481 1649 1609 1688 labore
1642 1647 1869 1701 praestiterit‚

464 1719 568 1756 vinci
588 1732 609 1756 a
627 1717 838 1770 voluptate.
883 1717 1152 1768 Qamobrem
1171 1727 1210 1756 et
1229 1716 1311 1755 haec
1330 1716 1493 1754 videnda
1510 1735 1522 1761 ς
1553 1725 1591 1754 et
1611 1714 1785 1768 pecuniae
1803 1712 1870 1751 fu·

464 1783 601 1837 gienda
620 1783 808 1837 cupiditas
824 1798 833 1821 z
857 1781 956 1821 nihil
974 1783 1081 1821 enim
1099 1782 1152 1820 est
1173 1792 1250 1820 tam
1271 1781 1419 1835 angusti
1439 1781 1560 1820 animi
1577 1791 1734 1832 tamque
1749 1779 1869 1832 parvi,

464 1863 581 1902 quam
613 1862 737 1887 amare
769 1848 920 1885 divitias
937 1866 948 1893 ς
981 1847 1080 1885 nihil
1113 1847 1306 1886 honestius
1327 1846 1727 1900 magnificentiusque,
1752 1858 1870 1898 quam

464 1914 669 1967 pecuniam
690 1921 951 1956 contemnere,
983 1912 1008 1948 si
1040 1924 1118 1949 non
1145 1910 1310 1956 habeas;
1343 1911 1368 1948 si
1389 1910 1541 1955 habeas,
1574 1911 1618 1948 ad
1651 1910 1870 1948 beneficen-

465 1981 558 2019 tiam
581 1980 926 2031 liberalitatemque
946 1975 1134 2016 conferre.
1156 1977 1335 2015 Cavenda
1355 1977 1406 2015 est
1426 1977 1542 2015 etiam
1562 1977 1692 2030 gloria:
1713 1976 1869 2029 cupidi-

464 2056 534 2091 tas,
557 2056 598 2084 ut
619 2047 727 2098 supra
747 2045 842 2083 dixi.
888 2044 1015 2096 Eripit
1035 2043 1141 2081 enim
1163 2043 1393 2088 libertatem,
1428 2057 1496 2096 pro
1515 2057 1590 2095 qua
1612 2042 1868 2094 magnanimis

464 2112 552 2150 viris
574 2111 700 2150 omnis
722 2110 835 2148 debet
855 2109 927 2148 esse
957 2109 1167 2147 contentio.
1214 2109 1300 2147 Nec
1332 2123 1420 2147 vcro
1452 2109 1612 2161 imperia
1642 2107 1868 2161 expetenda,

464 2192 506 2217 ac
529 2179 671 2231 potius,
693 2187 757 2215 aut
779 2190 855 2215 non
877 2174 1098 2228 accipienda
1118 2175 1329 2221 interdum,
1360 2185 1424 2213 aut
1445 2175 1669 2228 deponenda
1685 2187 1868 2213 nonnun-

464 2259 596 2298 quam.

525 2312 746 2349 Vacandum
773 2319 901 2348 autem
935 2310 986 2348 est
1017 2310 1126 2349 omni
1156 2309 1275 2347 animi
1307 2308 1604 2362 perturbatione,
1637 2316 1722 2345 tum
1754 2306 1868 2358 cupi-

464 2377 581 2415 ditate
611 2388 647 2414 ct
680 2386 800 2421 metu,
833 2387 917 2414 tum
948 2377 1065 2415 ctiam
1098 2375 1336 2428 aegritudine,
1374 2384 1410 2412 et
1442 2374 1637 2426 voluptate
1663 2372 1798 2416 animi,
1831 2381 1869 2410 ct

466 2444 686 2489 iracundia5
730 2453 770 2481 ut
807 2444 1059 2496 tranquillitas
1095 2452 1132 2481 ct
1168 2442 1344 2481 securitas
1378 2441 1484 2486 adsit,
1518 2455 1602 2493 qua·
1637 2439 1745 2477 affert
1774 2452 1867 2477 cum

464 2509 730 2554 constantiam,
749 2519 832 2547 tum
853 2511 969 2549 ctiam
990 2510 1234 2563 dignitatem.
1256 2507 1378 2546 Multi
1400 2518 1528 2546 autem
1549 2517 1586 2545 ct
1603 2506 1704 2551 sunt,
1721 2515 1758 2543 ct
1780 2504 1866 2543 fue-

466 2586 568 2623 runt,
590 2578 658 2630 qui
679 2591 777 2623 cam,
801 2591 917 2630 quam
938 2577 1040 2624 dico,
1067 2575 1386 2629 tranquillitatem
1407 2584 1641 2630 expetenteS,
1663 2587 1683 2613 a
1702 2571 1866 2626 negotiis
