2223 3003
654 253 931 295 LIBER
988 254 1490 294 SECUNDUS.
1703 270 1772 307 141

378 357 595 397 MARCUS.
619 357 742 410 Igitur
755 366 797 395 tu
812 357 952 401 Titias,
966 365 1004 394 et
1020 356 1202 409 Apuleias
1216 355 1318 409 leges
1334 356 1457 395 nullas
1474 364 1582 409 putas
1598 355 1611 393 ?
1630 355 1777 407 Qm-

382 437 484 462 TUs.
507 424 594 476 Ego
614 437 702 461 vero
723 437 769 461 ne
785 423 914 460 Livias
930 422 1105 475 quidem.
1128 423 1346 461 MARCUS.
1369 423 1422 461 Et
1442 424 1552 467 recte,
1575 436 1660 475 quae
1679 436 1777 476 prae-

380 489 512 528 sertim
533 488 812 528 uno-verficulo
833 487 994 533 senatus,
1015 489 1159 540 Ρυηξῒο
1185 490 1385 541 temporis,
1417 489 1570 527 sublatae
1589 489 1684 527 fint:
1718 489 1780 527 lex

381 565 510 594 autem
523 556 602 602 illa,
620 556 730 607 cujus
746 555 826 592 virn
838 553 1039 606 explicavi,
1058 566 1184 606 neque
1200 554 1300 598 tolli,
1318 569 1442 606 neque
1458 556 1629 608 abrogari
1642 555 1777 608 potest.

439 624 671 674 Qru'rus.
703 621 778 658 Eas
809 629 853 658 tu
881 620 1001 672 igitur
1029 619 1132 671 leges
1163 620 1315 671 rogabis
1349 621 1541 666 videlicet,
1573 636 1657 674 quae
1678 636 1780 660 nun·

381 700 499 740 quam
525 685 785 738 abrogentur?
817 685 1034 723 MARCUS.
1068 685 1197 730 Certe,
1227 684 1254 723 fi
1287 685 1405 724 modo
1435 695 1599 739 acceptae
1619 701 1639 724 a
1672 688 1781 726 vobis

382 752 532 791 duobus
553 760 679 790 erunt.
725 750 810 796 Sed,
847 759 890 789 ut
920 751 978 789 vir
1006 750 1244 789 doctiffimus
1263 750 1358 790 fecit
1378 751 1502 797 Plato,
1535 762 1648 804 atque
1678 754 1782 792 idem

381 819 619 872 gravissimus
640 816 962 871 philosophorum
981 817 1179 863 omnium,
1209 818 1279 870 qui
1298 818 1477 872 princeps
1507 818 1554 856 de
1588 819 1784 872 republica

382 884 618 938 conscripfit,
649 884 834 937 idemque
865 884 1068 938 separatim
1096 885 1142 923 de
1167 884 1318 938 legibus
1349 887 1444 938 ejus,
1475 886 1515 923 id
1542 884 1642 923 mihi
1671 886 1784 924 credo

381 950 455 988 effe·
471 949 695 989 faciendum
706 968 719 995 3
742 960 799 995 ut,
816 950 1042 1003 priusquam
1053 950 1173 1003 ipsam
1193 950 1320 1004 legem
1339 952 1512 996 recitem,
1531 950 1578 989 de
1593 952 1673 1004 ejus
1689 951 1784 1004 legis

382 1017 493 1055 laude
513 1017 656 1056 dicam.
700 1016 819 1068 Qod
853 1017 961 1055 idem
991 1025 1028 1055 et
1061 1016 1290 1063 Zaleucum,
1321 1026 1360 1055 et
1391 1016 1635 1056 Charondam
1656 1016 1786 1056 fecisse

383 1084 494 1122 video
510 1102 522 1129 ;
545 1097 638 1122 cum
653 1083 812 1135 quidem
828 1083 888 1121 illi
903 1097 980 1121 nou
997 1083 1111 1121 studii
1130 1092 1168 1121 et
1186 1083 1461 1129 delectationis,
1483 1083 1545 1122 sed
1565 1083 1787 1136 reipublicae

384 1150 492 1188 causa
509 1149 611 1202 leges
631 1149 853 1187 civitatibus
874 1149 948 1187 suis
969 1148 1197 1202 scripserint.
1244 1150 1354 1202 Qos
1375 1149 1549 1188 imitatus
1572 1149 1694 1194 Plato,
1725 1150 1786 1187 vi-

384 1214 523 1252 delicet
552 1214 628 1253 hoc
661 1228 818 1266 quoque
851 1214 946 1266 legis
977 1214 1126 1267 putavit
1159 1214 1244 1260 effe,
1274 1215 1493 1267 persuadere
1517 1214 1678 1266 aliquid,
1707 1228 1788 1252 non

383 1280 515 1318 omnia
534 1280 572 1317 vi
603 1292 645 1317 ac
666 1279 785 1317 minis
815 1292 965 1331 cogere.
1015 1275 1250 1330 Qum-us.
1280 1279 1403 1330 Qid,
1434 1279 1539 1332 quod
1571 1279 1788 1317 Zaleucum

386 1346 502 1385 istum
522 1355 636 1398 negat
655 1345 782 1384 ullum
801 1343 911 1383 fuiffe
931 1345 1106 1383 Timaeus
1129 1344 1142 1381 ?
1184 1346 1400 1384 MARCUS.
1424 1347 1479 1383 At
1499 1344 1788 1398 Theophrastus

386 1413 515 1451 auctor
534 1411 639 1451 haud
663 1411 840 1457 deterior,
878 1425 963 1450 mea
993 1411 1154 1464 quidem
1174 1410 1370 1457 sententia,
1409 1411 1629 1464 (meliorem
1650 1411 1787 1463 multi)

389 1479 589 1522 nominat5
619 1487 928 1516 commemorant
947 1491 1036 1516 vero
1055 1477 1168 1530 ipfius
1190 1478 1306 1524 cives,
1324 1478 1439 1516 nostri
1459 1478 1632 1523 clientes,
1655 1478 1787 1516 Locri.

392 1543 464 1581 Sed
483 1543 556 1581 five
574 1541 665 1588 fuit,
694 1543 768 1581 five
787 1557 865 1582 non
884 1543 975 1589 fuit,
1007 1542 1106 1582 nihil
1127 1543 1173 1582 ad
1192 1557 1288 1583 rem.
1327 1544 1563 1596 Loquimur,
1585 1543 1690 1597 quod
1711 1553 1789 1582 tra-

390 1608 518 1648 ditum
537 1609 604 1647 est.

445 1675 539 1714 Vn.
573 1675 628 1713 Sit
648 1674 767 1728 igitur
780 1675 863 1727 jam
883 1673 958 1713 hoc
978 1687 1000 1712 a
1019 1674 1211 1727 principio
1230 1674 1446 1727 persuasum
1466 1674 1630 1719 civibus,
1657 1673 1789 1712 domi-

389 1753 457 1779 nos
478 1740 549 1778 effe
568 1741 749 1778 omnium
769 1753 911 1785 rerum,
947 1753 990 1778 ac
1010 1740 1265 1779 moderatores
1294 1740 1424 1784 Deos;
1456 1752 1575 1792 eaque
1604 1752 1690 1793 quae
1719 1752 1789 1792 ge-

391 1816 534 1851 rantur,
551 1819 686 1844 eorum
705 1806 785 1858 geri
805 1805 964 1851 ditione,
985 1818 1028 1843 ac
1049 1805 1221 1849 numine,
1238 1804 1468 1857 eosdemque
1485 1805 1634 1857 optime
1653 1805 1700 1842 de
1719 1818 1788 1857 ge·

392 1886 479 1911 nere
498 1872 710 1911 hominum
727 1873 888 1917 mereri5
919 1881 971 1916 et,
993 1871 1115 1923 qualis
1136 1871 1295 1923 quisque
1313 1871 1370 1915 fit,
1395 1871 1489 1922 quid
1509 1881 1607 1923 agat,
1629 1870 1724 1922 quid
1750 1871 1790 1907 in

391 1938 427 1976 se
445 1938 637 1984 admittat,
658 1951 735 1991 qua
753 1946 898 1982 mente,
913 1950 989 1989 qua
1002 1937 1141 1990 pietate
1160 1936 1260 1975 colat
1281 1936 1498 1988 religiones,
1519 1936 1684 1980 intueri3
1703 1936 1790 1988 pio-

392 2018 556 2058 rumque
574 2014 613 2042 et
632 2004 847 2058 impiorum
868 2002 1008 2041 habere
1029 2003 1230 2041 rationem.
1275 2002 1352 2040 His
1370 2002 1477 2040 enim
1498 2002 1609 2040 rebus
1630 2001 1793 2039 imbutae

393 2079 556 2116 mentes,
573 2069 675 2108 haud
691 2070 775 2108 sane
790 2068 1051 2108 abhorrebunt
1066 2069 1113 2106 ab
1130 2069 1232 2114 utili,
1253 2077 1292 2106 et
1306 2081 1327 2105 a
1341 2081 1427 2106 vera
1443 2066 1640 2105 sententia.
1684 2065 1793 2117 Qid

393 2135 446 2173 est
463 2135 568 2174 enim
583 2136 721 2181 verius,
743 2148 861 2187 quam
878 2135 1075 2173 nerninem
1095 2132 1166 2171 effe
1185 2142 1358 2185 oportere
1378 2141 1458 2170 tarn
1477 2132 1591 2170 stulte
1611 2145 1792 2185 arrogan-

392 2210 489 2246 tem,
519 2210 563 2240 ut
589 2203 629 2240 in
649 2201 684 2239 se
704 2201 892 2239 rationem
912 2209 950 2237 et
969 2208 1143 2238 mentem
1171 2207 1280 2250 putet
1300 2197 1427 2242 ineffe,
1448 2199 1487 2235 in
1509 2197 1601 2235 caelo
1621 2198 1792 2235 mundo-

393 2281 468 2321 que
489 2281 566 2307 non
587 2267 723 2321 putet?
755 2276 819 2304 aut
838 2279 892 2311 ea,
924 2279 1009 2317 quae
1028 2265 1093 2303 vix
1113 2264 1263 2302 summa
1283 2264 1430 2317 ingenii
1451 2264 1593 2302 ratione
1613 2276 1793 2316 compre-

394 2333 550 2380 hendat,
582 2334 688 2373 nulla
706 2333 850 2371 ratione
872 2331 1018 2370 moveri
1048 2339 1158 2384 putet
1176 2331 1190 2368 ?
1221 2331 1353 2382 Qem
1373 2344 1463 2369 vero
1482 2330 1666 2368 astrorum
1688 2329 1793 2367 ordi-

397 2413 476 2446 nes,
506 2414 626 2454 quem
656 2400 808 2438 dierum
837 2399 1089 2450 noctiumque
1119 2396 1406 2442 viciffitudines,
1454 2410 1573 2449 quem
1605 2395 1795 2435 menfium

399 2468 638 2519 temperatio,
669 2479 863 2519 quemque
892 2478 947 2510 ea,
979 2478 1063 2516 quae
1097 2464 1311 2516 gignuntur
1344 2463 1455 2502 nobis
1490 2463 1536 2500 ad
1570 2462 1794 2505 fruendum,

401 2543 478 2568 non
498 2541 650 2583 gratum
669 2532 740 2570 effe
759 2540 899 2585 cogant
914 2549 926 2576 5
957 2530 1064 2569 hunc
1094 2528 1297 2567 hominem
1317 2529 1478 2567 omnino
1498 2541 1696 2566 numerare
1727 2526 1796 2578 qui

401 2595 509 2635 decet
527 2597 540 2634 ?
572 2598 755 2651 Cumque
774 2597 920 2644 omnia,
941 2611 1025 2650 quae
1046 2595 1233 2635 rationem
1253 2593 1409 2640 habent,
1431 2594 1605 2648 praestent
1626 2593 1687 2636 iis,
1711 2604 1796 2645 quae
