2223 3003
456 247 531 288 3²²
782 233 887 272 DE
946 227 1524 267 SENECTUTE.

452 333 669 374 discedam!
702 329 924 371 proficiscar
952 329 1058 367 enim
1079 342 1156 368 non
1187 328 1232 366 ad
1263 341 1326 366 eos
1347 327 1471 367 solum
1497 328 1612 372 viros,
1647 327 1694 365 de
1713 330 1856 380 quibus

453 410 539 440 ante
559 400 654 443 dixi,
685 397 747 435 sed
779 396 894 433 etiam
927 394 973 433 ad
994 395 1186 433 Catonem
1216 407 1368 439 meum,
1397 407 1476 446 quo
1507 407 1622 432 nemo
1642 393 1700 432 vir
1718 393 1858 432 melior

451 476 563 505 natus
584 465 649 509 est,
672 475 788 501 nemo
809 462 950 514 pietate
970 460 1232 513 praestantior;
1263 461 1374 512 cujus
1405 474 1426 498 a
1457 474 1520 498 me
1549 473 1688 512 corpus
1709 473 1856 498 crema-

453 542 538 571 tum
558 531 637 575 est3
669 529 774 581 quod
806 538 939 567 contra
958 528 1089 566 decuit
1109 528 1156 566 ab
1186 528 1256 566 illo
1275 540 1424 566 meum.
1457 527 1626 565 Animus
1650 539 1753 571 vero,
1781 539 1859 564 non

451 611 515 637 me
546 595 730 640 deserens,
766 594 828 633 sed
850 594 1072 647 respectans,
1109 594 1149 631 in
1180 607 1222 631 ea
1253 592 1424 646 profesto
1454 592 1538 631 loca
1568 591 1744 637 discessit,
1780 604 1860 644 quo

451 662 553 703 mihi
573 662 643 716 ipfi
662 661 840 700 cernebat
859 660 930 699 effe
950 660 1209 699 veniendum:
1242 673 1360 712 quem
1381 673 1452 712 ego
1473 672 1607 697 meum
1627 657 1755 696 casum
1776 656 1858 695 for—

451 731 543 769 titer
562 729 659 768 ferre
677 728 777 768 visus
799 727 907 772 sum;
936 741 1013 766 non
1035 727 1141 779 quod
1161 740 1271 779 aequo
1291 726 1422 764 animo
1441 725 1596 770 ferrem,
1619 725 1680 763 sed
1701 738 1763 763 me
1784 724 1862 777 ipse

451 796 686 842 consolabar,
706 794 940 839 existimans,
973 806 1051 832 non
1072 793 1332 845 longinquum
1364 793 1462 831 inter
1492 805 1561 831 nos
1593 790 1800 845 digressum
1821 800 1861 829 et

451 863 653 903 discessum
673 861 770 901 fore.

508 931 585 969 His
606 928 708 968 mihi
728 927 855 972 rebus,
878 925 1021 979 Scipio,
1052 925 1120 977 (id
1140 925 1246 964 enirn
1266 934 1304 964 te
1333 938 1426 964 cum
1447 925 1570 964 Laelio
1588 925 1769 964 admirari
1798 925 1860 964 so-

452 997 529 1036 lere
549 995 696 1047 dixisti)
719 993 813 1032 levis
834 992 887 1031 est
907 992 1091 1037 senectus,
1123 1005 1193 1030 nec
1214 993 1339 1031 solum
1360 1005 1439 1030 non
1459 990 1631 1036 molesta,
1663 991 1726 1029 sed
1742 991 1862 1030 etiam

447 1063 635 1117 jucunda.
679 1060 799 1113 Qod
820 1059 846 1098 fi
877 1059 918 1097 in
937 1057 1014 1098 hoc
1033 1072 1130 1104 erro,
1165 1058 1272 1112 quod
1292 1059 1442 1097 animos
1463 1057 1674 1096 hominum
1694 1058 1861 1096 immor-

451 1131 545 1170 tales
565 1129 637 1168 esse
657 1127 827 1172 credam,
859 1126 1027 1165 libenter
1056 1139 1140 1165 erro
1155 1145 1167 1172 ς
1200 1139 1271 1165 nec
1302 1124 1403 1165 mihi
1433 1124 1540 1164 hunc
1571 1138 1752 1170 errorem,
1783 1138 1864 1177 quo

452 1198 634 1243 delector,
667 1196 763 1234 dum
784 1195 886 1240 vivo,
919 1194 1140 1247 extorqueri
1162 1193 1279 1232 volo:
1311 1193 1367 1232 fin
1397 1202 1574 1232 mortuus
1606 1193 1669 1245 (ut
1703 1192 1864 1245 quidam

453 1265 597 1304 minuti
617 1260 840 1317 philosophi
860 1260 1031 1313 censent)
1064 1260 1164 1299 nihil
1185 1260 1341 1299 sentiam
1359 1279 1371 1305 3
1404 1273 1481 1299 non
1502 1273 1646 1304 vereor,
1678 1273 1725 1298 ne
1754 1259 1862 1298 hunc

453 1343 620 1371 errorem
641 1341 776 1368 meum
796 1328 943 1366 mortui
962 1325 1185 1379 philosophi
1204 1326 1398 1365 irrideant.
1438 1325 1555 1379 Qod
1577 1325 1601 1363 fi
1624 1339 1701 1364 non
1715 1324 1864 1364 'sumus

452 1395 693 1437 immortales
713 1393 850 1438 futuri,
883 1402 1014 1431 tamen
1035 1393 1211 1446 extingui
1230 1391 1384 1431 homini
1406 1392 1471 1431 suo
1499 1401 1673 1445 tempore
1692 1392 1863 1445 optabile

453 1464 533 1503 est:
566 1476 657 1501 nam
677 1460 793 1499 habet
811 1468 958 1503 natura,
994 1468 1038 1496 ut
1068 1459 1230 1497 aliarum
1255 1459 1437 1497 omnium
1463 1472 1606 1503 rerum,
1640 1459 1689 1495 fic
1709 1458 1864 1496 vivendi

455 1529 634 1569 modum.
668 1527 846 1564 Senectus
881 1535 1011 1563 autem
1045 1525 1211 1577 peractio
1242 1525 1360 1563 aetatis
1388 1524 1453 1569 est,
1486 1534 1672 1577 tanquam
1693 1523 1832 1563 fabulae
1847 1543 1861 1570 ς

454 1597 564 1649 cujus
586 1591 901 1645 defatigationem
922 1589 1054 1643 fugere
1085 1590 1284 1635 debemus,
1319 1590 1526 1643 praesertim
1554 1590 1731 1642 adjuncm
1751 1590 1864 1629 satie-

453 1671 543 1702 tate.

510 1727 646 1768 Habui
667 1726 763 1772 haec,
785 1726 832 1764 de
851 1725 1041 1764 sene&ute
1061 1738 1147 1778 quae
1172 1724 1338 1763 dicerem
1357 1742 1368 1769 ς
1400 1725 1446 1763 ad
1467 1737 1584 1777 quarn
1606 1724 1753 1762 utinam
1774 1738 1862 1777 per-

454 1795 630 1841 veniatis,
652 1804 695 1834 ut
714 1809 769 1842 ea,
791 1805 876 1846 quae
896 1805 943 1833 ex
963 1805 1027 1832 me
1047 1791 1217 1838 audistis,
1240 1805 1277 1831 re
1296 1791 1441 1844 experti
1461 1791 1619 1844 probare
1639 1790 1802 1844 possitis.
