2223 3003
722 263 999 304 LIBER
1056 265 1478 306 TERTIUS.
1721 282 1800 324 277

399 363 470 402 effe
485 363 643 417 judicis,
679 364 837 403 statuere
871 365 1096 418 (praesertim
1120 379 1212 405 cum
1235 367 1274 405 in
1298 367 1488 420 plerisque
1508 365 1625 405 effent
1650 367 1799 420 judicia

399 431 603 483 contraria)
626 431 721 483 quid
741 445 935 483 quemque
955 433 1097 485 cuique
1117 433 1285 485 praestare
1304 442 1507 486 oporteret.

455 497 650 548 roirca
682 496 823 534 astutiae
854 497 1030 534 tollendae
1050 497 1150 542 sunt,
1177 511 1296 550 eaque
1323 499 1483 544 malitia,
1513 513 1598 552 quae
1618 500 1701 538 vult
1733 501 1801 539 illa

400 562 558 614 quidem
592 561 710 601 videri
744 561 779 598 se
811 561 882 599 effe
915 562 1159 613 prudentiam
1176 580 1188 607 5
1220 563 1282 600 sed
1312 564 1412 601 abest
1445 565 1491 603 ab
1522 579 1577 610 ea,
1613 566 1800 620 distatque

400 628 630 680 plurimum.
668 626 876 664 Prudentia
905 626 957 663 est
989 627 1096 665 enim
1130 627 1255 665 locata
1284 629 1325 665 in
1357 629 1506 668 deleftu
1541 632 1732 670 bonorum
1763 643 1801 672 et

400 694 591 731 malorum
609 710 620 736 ς
653 692 798 729 malitia
831 691 875 742 (sl
896 692 1041 736 omnia,
1074 707 1158 744 quae
1178 694 1305 745 turpia
1324 694 1424 740 sunt,
1447 697 1546 734 mala
1566 697 1668 749 sunt)
1702 700 1801 737 mala

400 759 512 797 bonis
534 758 744 811 anteponit.
789 757 875 796 Nec
896 771 985 796 vero
1006 758 1045 796 in
1066 759 1216 812 praediis
1238 757 1361 797 solum
1388 761 1451 811 jus
1483 762 1607 806 civile,
1640 764 1800 803 ductum

399 839 420 863 a
454 834 598 869 natura,
632 824 822 862 malitiam
852 822 1106 877 fraudemque
1141 825 1310 864 vindicat
1325 845 1337 871 ς
1370 826 1432 865 sed
1451 828 1568 865 etiam
1588 828 1628 866 in
1651 832 1800 868 manci-

399 892 554 944 piorum
574 891 795 929 venditione
825 890 927 929 fraus
948 892 1155 930 venditoris
1176 893 1304 931 omnis
1324 893 1556 932 excluditur.
1595 895 1676 946 Qi
1696 897 1803 935 enim

398 957 491 996 scire
523 958 656 996 debuit
676 957 722 995 de
743 958 911 1003 sanitate,
942 958 988 996 de
1007 957 1112 1011 fuga,
1144 959 1190 997 de
1210 958 1338 1004 furtis,
1369 961 1514 1013 praestat
1534 961 1658 1000 edicto
1686 963 1802 1001 AEdi-

399 1023 518 1062 lium&
559 1024 762 1062 Heredum
793 1024 865 1062 alia
893 1024 1001 1062 causa
1029 1025 1094 1063 est.
1153 1026 1216 1064 Ex
1236 1039 1316 1078 quo
1339 1025 1584 1079 intelligitur,
1616 1029 1802 1079 quoniam

394 1090 492 1143 juris
514 1099 647 1128 natura
665 1089 752 1128 fons
772 1090 831 1135 fit,
863 1088 940 1128 hoc
960 1090 1172 1129 secundum
1203 1101 1377 1129 naturam
1410 1092 1493 1137 effe,
1529 1093 1727 1131 neminem
1762 1094 1803 1132 id

399 1170 521 1210 agere,
566 1165 609 1195 ut
643 1170 689 1195 ex
725 1156 877 1195 alterius
910 1157 1098 1210 praedetur
1131 1158 1352 1196 inscientia:
1399 1172 1470 1196 nec
1504 1159 1582 1197 ulla
1615 1160 1805 1212 pernicies

400 1224 487 1262 vitae
522 1224 644 1275 major
674 1222 837 1260 inveniri
868 1223 1003 1275 potest,
1033 1237 1150 1276 quam
1182 1224 1223 1261 in
1255 1224 1402 1262 malitia
1434 1224 1625 1262 simulatio
1654 1226 1802 1263 intelli-

399 1290 565 1342 gentiae;
597 1302 644 1326 ex
666 1302 744 1340 quo
763 1288 830 1326 ista
856 1289 1152 1326 innumerabilia
1171 1289 1390 1335 nascuntur,
1421 1299 1465 1328 ut
1486 1290 1594 1328 utilia
1614 1304 1707 1329 cum
1727 1290 1801 1329 ho-

400 1355 512 1394 nestis
532 1368 702 1408 pugnare
721 1354 934 1393 videantur.
979 1356 1132 1407 Qotus
1153 1356 1258 1393 enim
1285 1355 1445 1408 quisque
1465 1356 1685 1408 reperietur,
1717 1358 1800 1409 qui,

400 1421 632 1475 impunitate
663 1430 700 1459 et
731 1421 971 1475 ignoratione
1001 1421 1181 1461 omnium
1217 1421 1426 1476 proposita,
1468 1421 1653 1460 abstinere
1690 1423 1809 1476 potiit-

400 1488 541 1540 injuria
559 1489 572 1525 ?

435 1555 588 1593 XVIII.
613 1555 896 1601 periclitemur,
919 1557 944 1595 fi
965 1555 1103 1609 placet,
1126 1557 1166 1595 in
1185 1558 1232 1596 iis
1251 1557 1410 1610 quidem
1426 1557 1627 1610 exemplis,
1650 1557 1690 1594 in
1711 1557 1802 1610 qui-

402 1621 473 1659 bus
493 1622 642 1674 peccari
662 1621 799 1674 vulgus
821 1620 1029 1661 hominum
1050 1622 1200 1661 fortaffe
1221 1636 1299 1660 non
1319 1632 1443 1674 putat.
1468 1623 1609 1674 Neque
1630 1623 1734 1660 enim
1756 1623 1803 1661 de

401 1687 553 1732 ficariis,
575 1687 767 1732 veneficis,
791 1687 1092 1733 testamentariis,
1113 1687 1279 1732 furibus,
1311 1688 1595 1740 peculatoribus
1620 1687 1696 1726 hoc
1717 1688 1804 1727 loco

402 1754 655 1792 differendum
676 1753 754 1799 est;
786 1754 853 1806 qui
875 1767 951 1792 non
971 1755 1094 1792 verbis
1115 1753 1200 1792 sunt
1219 1764 1258 1793 et
1277 1754 1531 1807 disputatione
1550 1753 1810 1807 philosopho--

402 1835 503 1866 rum,
536 1820 597 1858 sed
618 1820 781 1858 vinculis
813 1828 851 1857 et
881 1833 1041 1865 carcere,
1064 1819 1278 1873 fatigandi:
1311 1820 1373 1858 sed
1393 1819 1474 1859 haec
1504 1820 1811 1866 consideremus,

402 1901 487 1940 quae
504 1886 652 1925 faciunt
673 1888 715 1932 ii,
737 1887 805 1939 qui
825 1885 1016 1924 habentur
1036 1887 1143 1924 boni.

456 1954 505 1991 L.
528 1953 702 1990 Minucii
736 1952 862 1997 Bafili,
898 1951 1102 2005 locupletis
1137 1950 1324 1997 hominis,
1359 1951 1499 1990 falsum
1533 1951 1806 1990 testamentum

403 2019 561 2072 quidam
581 2032 601 2056 e
623 2019 772 2058 Graecia
792 2019 963 2057 Romam
983 2019 1194 2057 attulerunt
1212 2033 1220 2057 :
1254 2019 1358 2071 quod
1379 2017 1626 2071 quo-facilius
1647 2019 1804 2056 obtine-

402 2095 501 2131 rent,
523 2086 748 2139 scripserunt
779 2085 934 2124 heredes
969 2085 1099 2124 secum
1120 2086 1183 2124 M.
1208 2085 1380 2123 Craffum
1401 2093 1439 2122 et
1459 2085 1804 2136 QHortensium‚

402 2149 580 2190 homines
600 2151 769 2203 ejusdem
787 2151 905 2190 aetatis
924 2150 1228 2203 potentissimos:
1251 2149 1332 2201 qui,
1349 2162 1442 2186 cum
1462 2149 1559 2186 illud
1580 2148 1717 2186 falsum
1736 2148 1807 2187 effe

403 2217 693 2270 suspicarentur,
715 2217 783 2254 fibi
804 2225 933 2254 autem
950 2216 1096 2253 nullius
1115 2214 1230 2252 essent
1250 2214 1392 2252 conscii
1413 2214 1550 2267 culpae,
1572 2215 1686 2253 alieni
1705 2214 1804 2253 faci-

402 2283 505 2321 noris
537 2281 816 2320 munusculum
846 2294 924 2319 non
955 2280 1264 2333 repudiaverunt.
1313 2280 1421 2331 Qid
1447 2280 1568 2332 ergo?
1601 2278 1706 2318 satin'
1728 2279 1804 2319 hoc

403 2350 468 2394 est,
500 2358 544 2387 ut
577 2362 655 2401 non
691 2347 887 2400 deliquisse
921 2347 1150 2385 videantur?
1187 2344 1296 2384 Mihi
1327 2346 1487 2398 quidem
1518 2359 1595 2384 non
1621 2347 1802 2392 videtur5

404 2428 624 2466 quanquam
656 2414 819 2452 alterum
851 2413 973 2451 amavi
1007 2413 1154 2456 vivum,
1184 2411 1348 2449 alterum
1381 2426 1460 2450 non
1489 2411 1555 2450 odi
1586 2422 1802 2450 mortuum.

408 2480 478 2517 Sed
511 2493 602 2518 cum
637 2481 778 2519 Basilus
814 2480 877 2518 M.
911 2479 1100 2523 Satrium,
1136 2477 1270 2515 sororis
1313 2477 1466 2523 filium,
1513 2491 1654 2516 nomen
1693 2478 1804 2515 suum

408 2542 504 2582 ferre
537 2544 724 2591 voluisset,
757 2559 926 2597 eumque
957 2543 1099 2582 feciffet
1128 2542 1308 2582 heredem
1325 2561 1338 2588 ;
1369 2545 1483 2582 Hunc
1511 2542 1584 2582 cla—0
1608 2552 1803 2595 patronum

406 2610 492 2662 agri
515 2610 643 2650 Piceni
664 2620 699 2649 et
730 2611 884 2651 Sabini:
918 2611 965 2663 (ὃ
993 2620 1148 2664 turpem
1178 2619 1312 2650 notam
1342 2619 1563 2663 temporum
1597 2609 1753 2647 illorum
1773 2607 1809 2655 3}
