2223 3003
458 231 534 281 418
762 227 1561 270 PHILOSOPHICORUM

456 330 627 383 praefecit
646 328 796 381 corpori
814 347 824 373 ;
857 328 974 381 idque
994 328 1155 367 molitus
1177 328 1243 367 tali
1269 329 1440 382 quodam
1459 329 1514 369 est
1533 328 1679 369 modo:
1710 342 1758 369 ex
1777 344 1862 370 ma-

455 398 560 441 teria,
582 410 665 448 quzr
685 395 884 433 individua
905 394 971 440 est,
991 404 1029 433 et
1049 409 1135 448 quae
1154 396 1304 450 semper
1323 397 1438 436 unius
1459 396 1581 443 modi,
1600 397 1734 450 suique
1754 397 1862 436 fimi-

455 463 515 507 lis,
547 471 583 500 et
603 476 649 500 ex
670 475 725 506 ea,
755 475 839 514 quae
870 462 1096 515 corporibus
1127 463 1283 502 dividua
1301 464 1489 518 gignitur,
1516 464 1676 503 tertium
1696 464 1864 503 materiae

452 541 573 581 genus
593 541 639 566 ex
661 528 812 566 duobus
844 529 884 566 in
906 529 1080 568 medium
1104 529 1324 576 admiscuit,
1359 530 1466 583 quod
1485 530 1575 570 effet
1594 530 1767 584 ejusdem
1793 543 1863 569 na-

453 603 545 632 tura:
567 623 578 640 ‚
623 603 662 633 et
692 594 797 648 quod
827 595 1014 641 alterius;
1058 595 1176 649 idque
1214 597 1406 650 interjecit
1443 597 1545 636 inter
1577 596 1827 637 individuum
1849 625 1863 642 ,

452 670 566 714 atque
586 661 640 706 id,
672 661 777 714 quod
797 661 1002 700 dividuum
1028 662 1117 701 ess‘et
1149 663 1187 700 in
1215 676 1389 717 corpore.
1431 663 1489 702 Ea
1522 677 1615 703 cum
1635 663 1707 702 tria
1726 663 1863 716 sump-

451 727 561 773 sisset,
593 741 711 767 unam
739 728 780 766 in
811 728 977 781 speciem
1013 730 1269 782 temperavit5
1301 739 1558 784 naturamque
1587 730 1712 776 illam,
1743 742 1864 783 quam

449 795 606 834 alterius
640 795 827 840 diximus,
858 796 896 833 vi
929 809 1022 834 cum
1052 796 1187 834 eadem
1220 797 1428 849 conjunxit
1458 797 1691 852 fugientem,
1721 806 1760 836 et
1778 797 1862 850 ejus

449 863 704 915 copulationis
739 861 918 899 alienam.
964 861 1203 900 permiscens
1223 871 1354 900 autem
1373 876 1467 902 cum
1487 864 1661 909 materia,
1695 877 1789 902 cum
1814 875 1863 901 ex

450 929 573 968 tribus
593 926 774 966 effecisset
794 941 933 973 unum,
955 927 996 966 id
1016 927 1144 981 ipsum
1164 928 1205 966 in
1225 942 1282 974 ea,
1303 942 1389 982 quae
1408 928 1552 975 decuit,
1575 929 1754 968 membra
1773 942 1862 983 par-

447 996 542 1034 titus
572 995 640 1034 est.
682 995 772 1046 Jam
798 1003 923 1048 partes
957 994 1122 1048 fingulas
1155 1008 1203 1034 ex
1235 995 1388 1041 eodem,
1429 1004 1469 1035 et
1501 1009 1550 1035 ex
1583 995 1716 1041 altero,
1747 1003 1787 1034 et
1813 1007 1863 1034 ex

446 1063 608 1101 materia
627 1061 868 1116 temperavit.
902 1062 996 1101 Fuit
1015 1070 1145 1100 autem
1166 1062 1250 1101 talis
1270 1062 1338 1102 illa
1355 1063 1542 1116 partitio:
1573 1076 1691 1102 unam
1710 1062 1861 1117 princi-

446 1129 514 1182 pio
549 1138 697 1182 partem
731 1128 898 1167 detraxit
928 1142 978 1167 ex
1007 1137 1117 1167 toto:
1163 1128 1368 1168 secundam
1401 1138 1533 1169 autem
1567 1130 1702 1184 primae
1743 1128 1863 1183 partis

447 1191 635 1245 duplam:
685 1190 825 1229 deinde
857 1191 1013 1229 tertiam
1043 1204 1130 1244 quae
1164 1190 1256 1230 effet
1285 1191 1458 1231 secundae
1495 1191 1750 1245 sesquialtera,
1777 1191 1862 1244 pri-

446 1272 520 1297 mae
541 1257 654 1312 tripla
672 1273 681 1297 z
713 1257 851 1296 deinde
870 1267 1063 1311 quartam,
1084 1272 1170 1311 quae
1190 1258 1362 1298 secundae
1379 1259 1498 1312 dupla
1517 1259 1606 1298 effet
1629 1273 1638 1298 :
1679 1259 1860 1312 quintam

445 1325 550 1370 inde,
572 1339 657 1378 quae
683 1325 803 1363 tertiae
829 1324 970 1377 tripla:
1002 1333 1090 1363 tum
1120 1324 1266 1364 sextam
1286 1325 1486 1379 oecuplam
1514 1325 1650 1379 primae
1672 1340 1682 1364 z
1713 1324 1860 1378 postre-

445 1405 514 1431 mo
552 1391 772 1445 septimam,
802 1405 888 1444 quae
918 1390 1064 1443 septem
1098 1401 1136 1429 et
1166 1392 1305 1445 viginti
1326 1392 1498 1445 partibus
1519 1392 1756 1430 antecederet
1776 1391 1859 1444 pri-

444 1473 531 1497 mae.
579 1457 734 1497 Deinde
753 1457 919 1495 instituit
950 1456 1070 1509 dupla
1098 1466 1137 1495 et
1167 1457 1283 1509 tripla
1310 1458 1511 1495 intervalla
1535 1458 1702 1510 explere,
1733 1467 1862 1509 partes

445 1525 570 1564 rursus
601 1538 649 1563 ex
680 1533 764 1562 toto
783 1523 958 1562 desecans
974 1542 987 1569 5
1019 1536 1113 1578 quas
1139 1523 1351 1562 intervallis
1372 1524 1425 1562 ita
1450 1524 1616 1569 locabat,
1648 1533 1691 1562 ut
1714 1524 1752 1562 in
1782 1524 1860 1563 fin—

444 1592 545 1647 gulis
575 1591 693 1630 effent
735 1590 825 1629 bina
859 1589 1016 1642 media:
1063 1591 1129 1629 vix
1159 1591 1267 1630 enim
1301 1590 1424 1630 audeo
1456 1591 1582 1630 dicere
1618 1591 1859 1637 medietates,

442 1672 537 1712 quas
569 1657 699 1697 Graeci
726 1654 902 1705 μεσίτηπις
931 1656 1154 1710 appellant:
1197 1657 1273 1704 sed,
1305 1657 1409 1710 quasi
1439 1658 1492 1696 ita
1523 1657 1704 1703 dixerim,
1739 1657 1859 1696 intel-

442 1727 614 1780 ligatur,
646 1724 719 1763 erit
745 1723 852 1762 enim
883 1724 1050 1778 planius.
1083 1725 1231 1763 Earum
1262 1725 1434 1771 alteram,
1464 1725 1599 1764 eadem
1625 1733 1731 1778 parte
1759 1739 1859 1778 prae-

443 1793 604 1831 stantem
635 1790 834 1836 extremis,
864 1790 1078 1844 eademque
1111 1790 1353 1844 superatam:
1391 1791 1549 1830 alteram
1583 1791 1664 1845 pari
1695 1804 1860 1830 numero

445 1858 682 1912 praestantem
713 1856 911 1901 extremis,
942 1858 1103 1909 parique
1132 1871 1296 1896 numero
1327 1857 1555 1911 superatam.
1599 1857 1860 1910 Sesquialteris

442 1935 571 1964 autem
604 1922 829 1967 intervallis,
871 1931 909 1960 et
944 1922 1206 1975 sesquitertiis,
1237 1933 1275 1961 et
1309 1923 1573 1976 sesquioftavis
1609 1924 1774 1976 sumptis
1808 1938 1855 1962 ex

444 1991 503 2029 his
524 1988 841 2042 colligationibus
873 1988 913 2026 in
947 1989 1081 2041 primis
1104 1989 1327 2035 intervallis,
1358 1989 1617 2043 sesquiodtavo
1638 1989 1855 2034 intervallo,

442 2057 675 2111 sesquitertia
694 2054 827 2094 omnia
846 2055 1040 2109 explebat,
1076 2070 1168 2095 cum
1201 2057 1431 2110 particulam
1465 2057 1703 2110 singulorum
1737 2057 1856 2095 relin-

441 2133 587 2176 queret.
632 2123 728 2175 Ejus
763 2130 893 2159 autem
929 2122 1127 2175 particulae
1161 2122 1364 2161 intervallo
1396 2122 1562 2161 habebat
1593 2137 1774 2161 numerus
1809 2123 1856 2161 ad

442 2204 648 2229 numerum
665 2188 825 2227 eandem
847 2188 1154 2241 proportionem,
1169 2190 1575 2243 comparationemque
1597 2191 1635 2228 in
1656 2191 1854 2235 extremis,

441 2270 556 2310 quam
590 2254 733 2293 habent
757 2267 886 2292 cerm
912 2268 1004 2293 cum
1028 2268 1221 2300 ccxmn,
1252 2265 1367 2308 atque
1394 2256 1446 2293 ita
1479 2255 1706 2308 permistum
1740 2255 1852 2300 illud,

439 2338 485 2362 ex
508 2337 586 2376 quo
618 2321 698 2360 haec
722 2321 854 2365 secuit,
881 2322 963 2373 jam
995 2336 1112 2360 omne
1133 2322 1432 2376 consumpserat.
1465 2323 1580 2360 Hanc
1616 2322 1734 2374 igitur
1763 2337 1853 2360 om-

441 2404 529 2428 ncm
562 2387 892 2440 conjunetioncm,
934 2388 1133 2441 duplicem
1168 2389 1207 2427 in
1239 2388 1526 2442 longitudinem
1557 2389 1728 2433 diffidit,
1767 2403 1853 2427 me-

440 2457 588 2508 diaeque
620 2453 916 2493 accommodans
945 2455 1127 2500 mediam,
1159 2454 1261 2507 quasi
1292 2453 1524 2492 dccuss‘avit:
1558 2455 1695 2492 deinde
1728 2455 1764 2492 in
1788 2469 1851 2493 or-

443 2525 529 2561 bem
552 2522 670 2567 torsit,
704 2531 743 2559 ut
765 2531 801 2558 ct
834 2521 908 2574 ipse
932 2521 1075 2568 secum,
1107 2533 1143 2561 ct
1165 2523 1263 2560 inter
1285 2522 1332 2566 se,
1364 2536 1409 2560 cx
1432 2522 1694 2566 commistum,
1726 2533 1811 2575 quic
1831 2536 1854 2560 e

442 2591 592 2642 regione
624 2589 726 2634 ess‘ct,
750 2590 1031 2642 jungerentur:
1063 2604 1186 2642 eoque
1214 2600 1339 2635 motu,
1372 2590 1481 2641 cujus
1514 2590 1617 2628 orbis
1639 2590 1784 2644 semper
1811 2589 1850 2627 in
