2223 3003
446 282 523 322 218
843 277 946 316 DE
1021 275 1446 315 OFFICIIS

443 397 528 436 quae
547 394 639 421 curn
670 377 941 418 inimiciffimis
973 376 1088 422 fiunt,
1118 377 1235 415 etiam
1255 376 1282 414 fi
1313 376 1425 415 nobis
1445 375 1604 429 indigna
1628 375 1841 422 audiamus,

442 459 572 486 tamen
605 445 830 499 gravitatem
865 444 1040 489 retinere,
1086 443 1324 482 iracundiam
1363 443 1558 495 repellere.
1609 443 1708 495 Qae
1736 443 1844 480 enim

441 527 534 551 cum
565 512 692 563 aliqua
721 509 1008 563 perturbatione
1038 508 1152 554 fiunt,
1183 522 1225 546 ea
1250 521 1320 546 nec
1340 507 1552 546 constanter
1573 507 1654 546 fieri
1674 507 1841 561 possunt,

441 591 566 631 neque
598 578 659 622 iis,
690 577 758 629 qui
791 575 939 621 adsunt,
968 575 1135 629 probari.
1186 573 1373 613 Deforme
1403 575 1518 613 etiam
1549 574 1601 613 est
1627 573 1675 612 de
1695 573 1730 612 se
1764 573 1844 626 ipso

439 644 655 697 praedicare,
685 642 777 680 falsa
795 641 1016 695 praesertim,
1047 650 1199 680 etcum
1229 640 1397 679 irrifione
1424 641 1663 679 audientium
1699 638 1843 678 imitari

439 712 610 750 militem
631 709 856 763 gloriosum.

492 777 686 817 XXXIX.
719 777 772 815 Et
791 775 976 828 quoniam
998 776 1129 813 omnia
1148 774 1428 828 persequimur,
1462 775 1660 827 (volumus
1681 773 1841 826 quidem

437 852 557 904 certe)
579 850 788 888 dicendum
817 847 871 885 est
888 849 1020 892 etiam,
1053 847 1210 899 qualem
1231 846 1402 886 hominis
1428 847 1605 887 honorati
1635 856 1672 885 et
1693 846 1842 899 princi-

436 918 496 970 pis
517 917 680 955 domurn
700 914 846 967 placeat
866 910 965 958 effe,'
983 913 1094 964 cujus
1129 912 1217 951 finis
1237 912 1290 951 est
1311 912 1396 951 usus
1412 931 1423 958 ς
1460 914 1505 951 ad
1539 927 1657 966 quem
1684 925 1840 951 accom-

437 982 627 1021 modanda
646 979 699 1018 est
718 979 933 1018 aedificandi
953 978 1182 1032 descriptio:
1206 987 1245 1016 et
1260 987 1388 1016 tamen
1408 977 1623 1017 adhibenda
1642 978 1841 1031 dignitatis

436 1045 800 1098 commoditatisque
820 1045 1033 1098 diligentia.
1079 1045 1156 1083 Cn.
1181 1045 1358 1090 Oc‘tavio,
1372 1045 1440 1098 qui
1461 1045 1610 1097 primus
1630 1057 1676 1083 ex
1697 1044 1764 1082 illa
1781 1042 1842 1081 fa-

433 1114 544 1153 milia
565 1112 711 1153 Consul
731 1111 853 1150 faetus
886 1112 954 1157 est,
984 1110 1123 1150 honori
1157 1110 1267 1150 fuisse
1286 1111 1520 1164 accepimus,
1551 1110 1657 1163 quod
1683 1109 1840 1163 praecla-

435 1193 517 1219 ram
547 1177 760 1219 aedificaffet
789 1179 830 1216 in
860 1178 1022 1223 Palatio,
1052 1186 1092 1216 et
1121 1177 1276 1231 plenam
1298 1177 1497 1230 dignitatis
1517 1177 1709 1222 domum,
1741 1189 1841 1229 quae,

433 1260 527 1286 cum
561 1246 680 1299 vulgo
713 1245 916 1290 viseretur,
968 1243 1168 1297 suffragata
1202 1244 1390 1289 domino,
1439 1257 1540 1282 novo
1570 1242 1749 1287 homini,
1794 1242 1841 1279 ad

433 1312 678 1352 consulatum
712 1311 931 1364 putabatur.
991 1311 1107 1349 Hanc
1142 1312 1302 1349 Scaurus
1337 1309 1561 1354 demolitus,
1591 1308 1840 1347 acceffionern

432 1379 609 1431 adjunxit
643 1377 802 1416 aedibus.
850 1378 983 1430 Itaque
1015 1376 1080 1415 ille
1105 1376 1145 1414 in
1166 1376 1272 1415 suam
1300 1376 1464 1415 domum
1483 1375 1725 1414 consulatum
1757 1376 1838 1427 pri-

431 1459 522 1485 mus
539 1445 697 1490 attulit;
729 1443 795 1482 hic
816 1443 959 1482 summi
980 1452 1018 1481 et
1038 1443 1233 1482 clariffimi
1254 1443 1326 1482 viri
1347 1443 1464 1488 filius,
1486 1444 1526 1481 in
1547 1443 1712 1481 domum
1731 1441 1838 1480 mul-

429 1513 661 1565 tiplicatam,
693 1524 771 1550 non
792 1509 982 1563 repulsam
1002 1509 1128 1548 solum
1159 1510 1304 1554 retulit,
1336 1509 1396 1547 sed
1418 1509 1691 1562 ignominiam,
1722 1509 1840 1546 etiam

429 1579 707 1618 calamitatem.
767 1577 950 1615 Ornanda
967 1576 1019 1615 est
1046 1577 1152 1615 enim
1179 1576 1344 1630 dignitas
1365 1575 1496 1621 domo,
1528 1589 1605 1615 non
1639 1589 1686 1614 ex
1721 1575 1840 1613 domo

430 1645 597 1698 dignitas
628 1653 709 1683 tota
739 1638 964 1696 quaerenda,
997 1656 1067 1681 nec
1101 1642 1219 1681 domo
1253 1642 1449 1687 dominus,
1480 1642 1542 1681 sed
1571 1642 1732 1681 domino
1766 1642 1838 1680 do-

430 1723 519 1749 mus
539 1709 771 1749 honestanda
791 1709 856 1747 est.
900 1709 966 1754 Et,
988 1717 1032 1746 ut
1052 1709 1092 1746 in
1113 1709 1256 1747 caeteris
1284 1707 1459 1746 habenda
1478 1709 1574 1746 ratio
1604 1721 1680 1746 non
1701 1707 1756 1745 sui
1777 1708 1837 1745 so·

429 1777 530 1822 lum,
563 1776 626 1815 sed
645 1776 762 1814 etiam
783 1775 974 1820 aliorum;
1007 1775 1056 1813 fic
1090 1776 1131 1813 in
1162 1775 1281 1813 domo
1307 1774 1397 1812 clari
1429 1773 1617 1818 hominis,
1656 1774 1696 1811 in
1718 1787 1836 1826 quam

429 1850 467 1878 et
488 1840 656 1892 hospites
678 1839 793 1877 multi
825 1840 1049 1891 recipiendi,
1084 1849 1122 1877 ct
1149 1839 1387 1878 admittenda
1414 1837 1623 1877 hominum
1654 1838 1838 1891 cujusque

431 1905 539 1943 modi
560 1903 787 1947 multitudo,
809 1903 1025 1941 adhibenda
1045 1903 1097 1940 est
1117 1917 1208 1941 cura
1229 1904 1407 1941 laxitatis.
1455 1904 1580 1941 Aliter
1611 1904 1738 1955 ampla
1764 1904 1835 1941 do-

432 1983 519 2007 mus
539 1968 712 2007 dedecori
734 1968 893 2006 domino
914 1967 1008 2020 saepe
1030 1967 1086 2012 fit,
1120 1967 1143 2005 si
1165 1967 1217 2005 est
1238 1969 1275 2005 in
1297 1981 1339 2005 ea
1359 1967 1551 2010 solitudo;
1584 1976 1621 2004 et
1650 1967 1834 2011 maxime,

433 2036 455 2073 fi
478 2035 683 2088 aliquando
703 2035 778 2072 alio
798 2034 958 2073 domino
971 2034 1079 2073 solita
1098 2034 1150 2072 cst
1163 2033 1409 2087 frequentari.
1431 2032 1621 2072 Odiosum
1643 2034 1694 2071 est
1713 2034 1835 2078 enim,

430 2115 522 2140 cum
542 2115 562 2139 a
584 2100 900 2154 praetereuntibus
921 2100 1077 2145 dicitur,

568 2168 602 2205 O
622 2166 738 2205 domus
758 2166 922 2219 antiqua,
945 2166 1011 2204 heu
1032 2181 1136 2219 quam
1156 2166 1291 2219 dstari
1306 2166 1484 2205 dominare
1503 2165 1635 2205 domino
1649 2168 1664 2203 J

429 2233 532 2285 quod
555 2233 714 2285 quidem
734 2232 793 2270 his
816 2233 1054 2285 temporibus
1077 2233 1116 2270 in
1139 2233 1273 2271 multis
1296 2232 1384 2271 licet
1405 2232 1543 2271 dicere.

486 2299 710 2337 Cavendum
746 2309 875 2337 autem
910 2299 976 2343 cst,
1024 2299 1228 2353 pracsertim
1260 2299 1285 2337 fi
1320 2299 1397 2352 ipse
1430 2299 1607 2343 aedifices,
1652 2311 1699 2336 ne
1730 2307 1836 2336 extra

429 2366 591 2403 modum
616 2365 768 2418 sumptu
802 2375 839 2403 ct
871 2365 1160 2418 magnificentia
1185 2365 1369 2418 prodeas;
1401 2366 1540 2417 quoin
1561 2377 1697 2417 genere
1729 2364 1834 2402 mul—

429 2441 513 2470 tum
537 2431 627 2469 mali
659 2432 775 2469 ctiam
800 2432 836 2470 in
864 2433 1046 2485 exemplo
1066 2432 1132 2470 est.
1178 2430 1349 2469 Studiose
1378 2431 1482 2469 enim
1518 2431 1703 2484 plerique,
1735 2445 1833 2483 pra:-

429 2497 555 2535 sertim
590 2498 627 2534 in
660 2496 755 2534 ham-
780 2508 940 2549 partem,
972 2497 1067 2537 faeta
1098 2498 1320 2551 principum
1353 2497 1581 2541 imitantur;
1616 2507 1656 2535 ut
1679 2497 1725 2535 L.
1750 2497 1832 2535 Lu—

427 2564 536 2607 culli,
557 2564 697 2602 sumini
720 2565 804 2608 viri,
828 2566 1026 2611 virtutem,
1048 2565 1135 2618 quis
1155 2565 1167 2601 ?
1190 2575 1225 2603 at
1246 2578 1363 2617 quam
1384 2564 1499 2603 multi
1522 2564 1701 2602 villarum
1722 2576 1831 2616 mag·

428 2630 826 2670 1·.³.liccnti;11nimitati
856 2633 968 2671 sunt?
1001 2646 1165 2685 quarum
1197 2633 1355 2685 quidem
1388 2642 1489 2671 certe
1512 2632 1564 2671 cst
1594 2629 1831 2670 adhibendus
