2223 3003
740 245 1343 285 FRAGMENTA.
1652 264 1728 303 ,μζ

327 351 449 393 partes
471 342 676 381 simillima:
695 344 891 389 omnium,
922 345 1027 397 quod
1047 345 1127 397 ejus
1148 345 1342 398 praestabat
1366 345 1516 398 judicio
1536 345 1728 385 diffimili-

327 408 455 446 tudini
474 408 700 448 similitudo.
745 410 869 447 Omni
900 419 1029 448 autem
1060 421 1181 449 totam
1214 411 1378 464 figuram
1410 413 1547 452 mundi
1567 413 1730 451 laevitate

326 473 596 514 circumdedit.
639 476 727 514 Nec
761 477 866 514 euim
898 477 1022 515 oculis
1052 477 1200 529 egebat,
1229 479 1318 530 quia
1350 478 1448 517 nihil
1476 489 1594 525 extra,
1625 480 1730 532 quod

328 539 432 577 cerni
453 540 585 592 poss‘et,
617 541 795 579 miiitum
815 550 892 579 erat
905 559 916 586 ς
950 555 1019 580 nec
1044 542 1212 587 auribus,
1235 544 1325 595 quia
1346 557 1391 582 ne
1414 546 1517 597 quod
1538 545 1730 583 audiretur

327 605 488 657 quidem
506 624 518 651 3
550 619 675 659 neque
701 616 808 645 erant
828 607 957 645 anim-{i
976 607 1209 646 circumfusa
1233 619 1404 647 extrema
1421 612 1573 656 mundi,
1607 622 1649 650 ut
1669 625 1728 649 re-

327 670 574 724 spirationem
605 673 812 724 requireret
828 691 839 717 ;
872 686 943 710 nec
974 687 1063 711 vero
1094 674 1325 713 desiderabat
1355 685 1421 714 aut
1446 677 1625 716 alimenta
1643 692 1730 716 cor-

325 738 443 790 poris,
466 747 531 776 aut
550 738 825 777 detractionem
846 738 1014 778 confecti
1033 749 1072 778 et
1091 739 1310 794 consumpti
1330 742 1422 780 cibi.
1466 743 1606 796 Neque
1626 745 1732 783 enim

326 804 406 841 ulla
425 803 586 843 deceffio
605 803 687 843 fieri
707 814 870 858 poterat,
899 818 1024 858 neque
1045 806 1227 851 acceffio3
1259 820 1386 860 neque
1406 821 1496 847 vero
1516 819 1594 848 erat
1615 811 1729 849 unde.

327 869 385 908 Ita
404 870 441 908 se
470 870 550 924 ipse
569 870 864 925 consumptione
895 882 932 910 et
952 871 1054 911 senio
1075 873 1197 911 alebat
1217 873 1287 919 sui,
1319 888 1411 913 cum
1434 875 1510 928 ipse
1529 889 1597 928 per
1615 876 1665 922 se,
1696 885 1733 916 et

327 948 350 974 a
368 935 404 974 se
423 946 462 975 et
481 946 687 990 pateretur,
718 947 756 977 et
775 937 916 977 faceret
946 939 1091 977 onmia.
1135 940 1196 978 Sic
1227 940 1332 979 enim
1353 950 1454 979 ratus
1475 942 1527 980 est
1556 942 1635 988 ille,
1665 945 1734 996 qui

328 1001 395 1040 ista
407 1003 542 1055 junxit
560 1012 598 1042 et
617 1004 804 1050 condidit,
838 1004 964 1058 ipsum
985 1005 1020 1043 se
1040 1015 1270 1044 contentum
1287 1006 1358 1045 effe
1379 1008 1587 1054 mundum,
1610 1022 1735 1062 neque

327 1082 437 1121 egere
456 1070 588 1109 altero.
622 1071 757 1123 Itaque
789 1085 859 1110 nec
879 1072 915 1110 ei
935 1085 1071 1110 manus
1092 1072 1256 1118 affinxit,
1281 1074 1373 1126 quia
1402 1088 1472 1112 nec
1502 1076 1734 1128 capiendum

326 1135 542 1189 quidquam
562 1147 669 1182 erat‚-
687 1151 758 1176 nec
779 1138 1044 1191 repellendum
1057 1157 1068 1184 ;
1101 1152 1171 1177 nec
1192 1139 1322 1192 pede8‚
1353 1154 1424 1179 nec
1455 1141 1525 1179 alia
1545 1143 1734 1188 membra,

328 1201 471 1254 quibus
491 1202 674 1256 ingreffus
695 1217 852 1257 corpore
865 1204 1075 1244 sustineret.
1096 1206 1258 1244 Motum
1272 1206 1379 1245 enim
1399 1207 1505 1246 dedit
1519 1207 1612 1246 caelo
1627 1222 1733 1254 eum,

328 1268 398 1320 qui
418 1268 550 1322 figurae
569 1270 650 1322 ejus
671 1270 716 1308 s1t
735 1270 963 1323 aptissimus,
985 1272 1054 1324 qui
1075 1285 1174 1310 unus
1194 1285 1241 1311 ex
1261 1272 1407 1325 septem
1428 1274 1601 1313 motibus
1622 1288 1736 1314 men-

328 1344 409 1373 tem
430 1345 544 1389 atque
564 1336 864 1390 intelligentiam
885 1337 1083 1377 cohiberet
1104 1339 1288 1377 maxime.
1328 1341 1463 1392 Itaque
1483 1354 1558 1378 una
1576 1355 1736 1381 conver·-

329 1399 430 1439 fione
459 1410 574 1455 atque
605 1401 739 1440 eadem
770 1402 848 1455 ipse
883 1403 1033 1441 circum
1063 1403 1100 1441 se
1132 1412 1333 1456 torquetur
1374 1414 1412 1443 et
1448 1405 1631 1444 vertitur:
1675 1406 1738 1446 sex

328 1477 458 1505 autem
479 1469 646 1520 reliquos
667 1477 798 1506 motus
818 1469 865 1506 ab
886 1482 930 1507 eo
957 1470 1137 1521 separavit
1155 1484 1163 1507 ε
1195 1469 1326 1522 itaque
1357 1485 1448 1522 eum
1469 1472 1516 1510 ab
1547 1472 1656 1511 omni
1676 1487 1738 1512 er-

329 1534 473 1572 ratione
492 1533 682 1571 liberavit.
720 1533 783 1571 Ad
802 1532 903 1572 hanc
923 1534 1043 1587 igitur
1062 1534 1364 1582 conversionem,
1395 1550 1481 1589 quae
1508 1539 1671 1590 pedibus
1701 1549 1740 1578 et

328 1599 448 1652 gradu
471 1612 549 1638 non
569 1607 709 1652 egeret,
731 1599 969 1652 ingrediendi
989 1599 1165 1638 membra
1184 1614 1262 1639 non
1283 1601 1402 1640 dedit.
1438 1602 1537 1642 Haec
1557 1604 1664 1643 Deus
1690 1605 1738 1651 is,

329 1665 399 1717 qui
419 1674 511 1710 erat,
533 1665 579 1703 de
599 1665 805 1717 aliquando
822 1666 910 1704 Deo
928 1664 1062 1705 futuro
1081 1666 1268 1719 cogitan5‚
1288 1667 1422 1706 laevem
1442 1682 1531 1707 eum
1551 1669 1681 1709 effecit
1700 1681 1740 1710 et

331 1731 504 1784 undique
524 1731 769 1784 aequabilem,
800 1741 838 1771 et
867 1745 887 1769 a
907 1732 1036 1771 medio
1067 1733 1113 1771 ad
1134 1733 1334 1772 summum
1354 1748 1500 1788 parem,
1528 1746 1565 1774 et
1585 1736 1737 1789 perfec-

330 1807 417 1836 tum
438 1807 552 1850 atque
573 1797 793 1836 absolutum
816 1811 862 1836 ex
882 1797 1064 1837 absolutis
1084 1808 1198 1852 atque
1219 1799 1410 1853 perfectis.
1453 1802 1646 1841 Animum
1668 1816 1738 1841 au-

330 1874 410 1903 tem
432 1873 475 1902 ut
494 1865 535 1902 in
555 1865 636 1916 ejus
658 1864 786 1903 medio
807 1864 1025 1910 collocavit,
1056 1866 1109 1903 ita
1142 1878 1208 1918 per
1228 1875 1357 1904 totum
1378 1868 1542 1906 tetendit
1557 1886 1569 1912 5
1601 1869 1739 1907 deinde

329 1945 419 1970 eum
440 1931 698 1969 circumdedit
719 1943 891 1984 corpore,
923 1940 961 1969 et
991 1931 1140 1970 vestivit
1165 1933 1397 1972 extrinsecus
1411 1951 1423 1978 ς
1455 1934 1625 1987 caeloque
1647 1935 1738 1975 soli-

329 2011 440 2050 vago,
461 2006 499 2036 et
519 1997 698 2043 volubili,
729 2007 767 2036 et
792 1997 833 2035 in
863 1997 999 2035 orbem
1020 1998 1180 2036 incitato
1201 1999 1427 2051 complexus
1453 2000 1520 2044 est,
1554 2000 1660 2052 quod
1680 2001 1737 2039 se-

331 2077 423 2101 cum
443 2063 521 2116 ipse
538 2072 693 2116 propter
712 2063 898 2102 virtutem
917 2062 1030 2101 facile
1050 2063 1121 2101 effe
1141 2063 1272 2116 posset,
1305 2078 1375 2102 nec
1401 2065 1621 2103 desideraret
1642 2067 1737 2105 alte-

332 2143 419 2168 rum
435 2147 448 2174 ς
480 2128 566 2167 satis
586 2129 655 2167 fibi
675 2129 804 2182 ipsum
825 2139 940 2167 notus
960 2139 998 2167 et
1018 2128 1231 2167 familiaris.
1275 2130 1335 2167 Sic
1357 2130 1465 2168 Deus
1491 2130 1557 2169 ille
1577 2140 1739 2172 aeternus

330 2196 437 2235 hunc
457 2193 623 2248 perfetste
653 2194 811 2232 beatum
831 2196 964 2232 Deum
985 2195 1213 2247 procreavit.
1257 2195 1328 2233 Sed
1348 2196 1523 2235 animum
1544 2196 1648 2237 haud
1670 2199 1738 2246 ita,

332 2271 375 2300 ut
395 2261 514 2299 modo
543 2260 666 2298 locuti
686 2260 831 2304 summ,
864 2269 949 2299 tum
971 2260 1150 2313 denique,
1183 2273 1276 2299 cum
1310 2275 1449 2314 corpus
1480 2264 1515 2301 ei
1545 2263 1738 2310 effecisset,

331 2321 542 2362 inchoavit.
565 2322 708 2374 Neque
729 2321 834 2360 enim
855 2321 942 2359 ess‘et
963 2323 1110 2359 testum
1132 2322 1274 2361 minori
1294 2336 1424 2376 parere
1444 2326 1645 2378 majorem.
1669 2326 1739 2364 Sed

333 2401 401 2427 nos
422 2389 546 2426 multa
565 2388 841 2426 inconsiderate
859 2401 901 2426 ac
924 2397 1066 2436 temere
1087 2387 1267 2427 dicimus.

389 2454 482 2492 VII.
514 2455 621 2493 Deus
643 2465 771 2494 autem
793 2464 830 2492 et
863 2464 964 2499 ortu,
996 2464 1034 2493 et
1055 2455 1195 2493 virtute
1215 2456 1474 2508 antiquiorem
1499 2458 1635 2510 genuit
1655 2458 1739 2496 ani-

335 2533 446 2559 mum
463 2549 473 2564 ,
513 2533 681 2572 eumque
699 2550 709 2566 ‚
743 2530 785 2560 ut
823 2521 1030 2559 dominum
1069 2530 1183 2574 atque
1221 2522 1475 2575 imperantem
1494 2552 1504 2569 ,
1546 2523 1740 2562 obedienti

420 2588 491 2626 To
510 2599 559 2625 M.
594 2587 666 2626 111.
1310 2589 1345 2627 G
1370 2602 1394 2642 g
1414 2603 1440 2642 g
