2223 3003
394 245 467 271 112
873 227 975 265 DE
1062 226 1314 265 FATO.

389 333 656 374 Democritus,
693 328 932 371 Heraclitus,
968 325 1242 379 Empedocles,
1279 324 1502 363 Aristoteles
1533 324 1611 363 fuit
1627 344 1639 371 ς
1682 327 1796 366 altera

387 412 536 442 eorum,
568 396 710 448 quibus
742 393 959 432 viderentur
992 391 1069 430 fine
1104 391 1187 431 ullo
1215 391 1295 430 fato
1319 390 1390 429 effe
1420 391 1642 430 animorum
1666 402 1796 432 motus

388 463 614 512 voluntarii)
638 459 890 513 Chrysippus,
913 468 1097 512 tanquam
1118 459 1258 497 arbiter
1274 457 1517 504 honorarius,
1539 458 1716 497 medium
1735 457 1796 497 fe-

388 531 461 568 rire
480 526 637 566 voluiss‘e
648 545 661 572 ς
693 526 756 564 sed
776 525 944 579 applicat
962 525 999 564 se
1019 525 1066 563 ad
1085 538 1147 564 eos
1167 525 1312 579 potius,
1339 525 1408 577 qui
1433 524 1648 563 neeeffitate
1668 524 1798 564 motus

388 596 538 634 animos
557 594 738 632 liberatos
757 592 908 631 volunt.
931 593 1043 631 Dum
1064 601 1193 631 autem
1210 591 1336 630 verbis
1359 592 1479 630 utitur
1499 591 1589 637 suis,
1608 592 1799 631 delabitur

388 663 429 701 in
449 675 508 700 eas
529 659 791 705 difficultates,
808 667 852 697 ut
867 658 1125 697 neceffitatem
1145 657 1215 697 fati
1234 657 1440 697 confirmet
1460 658 1619 697 invitus.

450 730 583 780 Atque
613 725 705 772 hoc,
736 725 760 764 fi
796 725 935 778 placet,
966 724 1079 778 quale
1108 724 1167 770 fit,
1209 724 1405 763 videamus
1436 724 1477 762 in
1511 723 1797 769 affenfionibus,

390 809 484 850 quas
505 795 630 848 prima
649 793 818 832 oratione
840 793 1008 830 traetavi.
1032 792 1107 830 Eas
1127 791 1234 830 enim
1254 800 1396 830 veteres
1417 791 1491 837 illi,
1509 791 1652 844 quibus
1668 791 1801 830 omnia

389 863 470 902 fato
490 862 570 900 fieri
591 861 832 904 videbantur,
853 860 891 898 vi
911 858 1013 897 effici
1034 868 1072 897 et
1091 858 1307 897 neceffitate
1325 858 1520 898 dicebant.
1559 859 1643 911 Qi
1668 868 1799 897 autem

388 930 436 968 ab
463 928 523 967 his
553 926 836 970 dissentiebant,
867 924 948 963 fato
981 924 1202 964 assenslones
1231 924 1444 963 liberabant
1460 944 1472 971 ς
1514 925 1798 979 negabantque,

390 995 470 1033 fato
491 992 758 1032 assentionibus
788 990 978 1036 adhibito,
1011 990 1270 1029 neceffitatem
1290 991 1338 1028 ab
1358 989 1420 1029 his
1450 991 1552 1044 poss‘e
1580 991 1770 1030 removeri
1785 1009 1797 1036 3

389 1062 497 1114 iique
526 1060 579 1098 ita
598 1058 837 1097 differebant.
885 1065 914 1081 “
947 1058 985 1095 Si
1005 1057 1138 1095 omnia
1156 1055 1238 1095 fato
1257 1056 1374 1102 fiunt,
1409 1057 1543 1096 omnia
1572 1057 1673 1096 fiunt
1693 1057 1801 1096 eausa

391 1136 420 1153 “
441 1127 713 1166 antecedente:
745 1134 798 1170 et,
833 1124 860 1163 fi
880 1124 1101 1178 appetitus;
1133 1123 1200 1162 illa
1229 1123 1362 1170 etiam,
1397 1138 1483 1177 quae
1502 1125 1722 1178 appetitum
1741 1123 1800 1163 se·

390 1202 420 1230 .“
441 1203 628 1247 quuntur.
652 1193 759 1244 Ergo
779 1192 897 1229 etiam
918 1190 1152 1229 affenfiones.
1188 1191 1260 1234 At,
1278 1190 1305 1228 fi
1321 1190 1429 1228 causa
1443 1190 1637 1243 appetitus
1653 1204 1732 1229 non
1748 1191 1802 1229 est

391 1269 421 1285 “
442 1262 509 1300 fita
528 1261 568 1298 in
595 1259 721 1303 nobis,
750 1271 798 1296 ne
823 1257 902 1311 ipse
928 1256 1091 1309 quidem
1111 1257 1305 1310 appetitus
1325 1256 1379 1295 est
1397 1257 1438 1295 in
1459 1257 1583 1295 nostra
1601 1257 1798 1310 potestate.

391 1335 421 1352 “
443 1326 561 1379 Qod
583 1326 608 1365 fi
629 1326 682 1363 ita
701 1324 767 1370 est,
789 1337 838 1362 ne
858 1324 924 1361 illa
952 1323 1128 1376 quidem,
1149 1337 1235 1376 quae
1252 1323 1427 1376 appetitu
1455 1323 1692 1369 efficiuntur,
1715 1323 1802 1362 sunt

391 1401 420 1419 “
442 1394 509 1432 sita
525 1394 566 1431 in
587 1391 712 1431 nobis.
737 1391 831 1430 Non
851 1390 938 1428 sunt
959 1390 1079 1443 igitur
1098 1403 1222 1442 neque
1242 1389 1476 1435 affensloneS,
1495 1403 1622 1443 neque
1637 1390 1802 1429 aetiones

390 1468 421 1485 ‘¹
442 1461 483 1498 in
514 1459 638 1498 nostra
657 1456 852 1511 potestate.
895 1457 958 1494 Ex
975 1469 1055 1508 quo
1074 1456 1256 1501 efficitur,
1278 1465 1322 1494 ut
1349 1469 1421 1494 nee
1440 1456 1678 1494 laudationes
1691 1456 1804 1508 justae

393 1535 422 1552 “
443 1527 530 1572 sint,
553 1538 623 1564 nec
643 1523 957 1577 vituperationes,
992 1535 1064 1560 nec
1094 1521 1275 1568 honores,
1309 1536 1379 1561 nec
1411 1522 1639 1575 supplicia.''
1685 1523 1806 1575 Qod

391 1607 485 1632 cum
504 1591 687 1631 vitiosum
719 1591 777 1635 iit,
807 1588 1058 1643 probabiliter
1076 1588 1259 1627 concludi
1277 1597 1432 1641 putant,
1463 1602 1543 1628 non
1563 1589 1695 1628 omnia
1722 1587 1805 1629 fato

392 1659 489 1705 fieri,
511 1670 754 1712 quaecunque
769 1656 877 1696 fiant.

438 1727 593 1766 XVIII.
613 1724 852 1778 Chrysippus
871 1733 1016 1770 autem,
1037 1737 1130 1763 cum
1150 1733 1189 1762 et
1203 1723 1462 1762 neceffitatem
1482 1723 1732 1777 improbaret,
1763 1732 1802 1760 et

393 1793 493 1833 nihil
514 1793 628 1832 vellet
650 1792 726 1830 fine
742 1791 949 1844 praepofitis
971 1791 1089 1830 caufis
1110 1791 1274 1836 evenire,
1297 1789 1493 1829 causarum
1510 1803 1649 1843 genera
1664 1788 1802 1828 distin-

395 1861 495 1913 guit,
532 1868 574 1897 ut
595 1868 632 1896 et
654 1856 910 1895 neeeffitatem
941 1856 1115 1909 effugiat,
1147 1867 1186 1894 et
1215 1857 1374 1895 retineat
1405 1856 1546 1895 fatum.
1594 1855 1804 1895 Causarum

393 1927 516 1970 enim,
538 1924 682 1978 inquit,
700 1923 781 1961 aliae
795 1922 881 1961 sunt
898 1921 1074 1976 perfeetae
1090 1932 1127 1960 et
1144 1922 1398 1976 principales,
1427 1923 1508 1961 aliae
1524 1923 1745 1975 adjuvantes
1765 1931 1805 1960 et

394 1991 596 2045 proximae.
657 1989 898 2033 uamobrem,
915 2001 1007 2027 cum
1023 1988 1205 2033 dicimus,
1219 1989 1351 2027 omnia
1367 1987 1446 2026 fato
1462 1987 1543 2026 fieri
1559 1987 1677 2026 causis
1695 1996 1803 2025 ante-

393 2057 634 2101 cedentibus,
652 2069 728 2094 non
744 2054 820 2093 hoe
837 2054 1004 2107 intelligi
1019 2055 1213 2100 volumus,
1228 2054 1345 2093 causis
1359 2053 1537 2108 perfeetis
1554 2064 1591 2092 et
1608 2054 1804 2107 principa·

394 2125 511 2169 libus,
531 2123 590 2161 sed
607 2122 724 2161 causis
741 2122 1025 2174 adjuvantibus,
1047 2121 1377 2167 antecedentibus,
1394 2131 1432 2160 et
1448 2121 1652 2174 proximis.
1672 2121 1806 2173 Itaque

395 2191 451 2229 illi
470 2190 622 2235 rationi,
645 2203 762 2242 quam
784 2188 899 2242 paulo
919 2198 1005 2226 ante
1025 2188 1210 2233 eoncluli,
1228 2188 1277 2226 fic
1293 2189 1491 2233 occurrit,
1515 2187 1553 2226 Si
1574 2187 1706 2226 omnia
1724 2186 1805 2225 fato

394 2257 501 2301 fiant,
518 2256 620 2308 sequi
643 2255 739 2293 illud
760 2255 933 2307 quidem,
953 2265 995 2292 ut
1011 2255 1143 2293 omnia
1158 2255 1276 2293 causis
1292 2254 1386 2293 fiant
1402 2254 1641 2307 antepofitis;
1665 2266 1802 2291 verum

394 2337 473 2362 non
491 2322 767 2376 principalibus
788 2332 826 2359 et
847 2321 1038 2374 perfeftis,
1062 2322 1122 2360 sed
1139 2322 1408 2374 adjuvantibus
1425 2330 1462 2359 et
1482 2321 1686 2374 proximis.
1706 2322 1804 2373 Qae

395 2390 420 2428 si
440 2390 526 2443 ipsse
544 2403 617 2427 non
643 2390 712 2426 {int
737 2389 774 2426 in
798 2388 920 2426 nostra
940 2389 1135 2441 potestate,
1168 2402 1244 2426 non
1274 2387 1457 2441 sequitur,
1481 2396 1523 2425 ut
1546 2401 1591 2425 ne
1612 2387 1803 2441 appetitus

395 2456 555 2509 quidem
578 2455 620 2493 sit
643 2456 679 2493 in
711 2454 834 2493 nostra
855 2454 1035 2507 potestate
1054 2470 1063 2493 ;
1097 2465 1134 2494 at
1162 2453 1236 2493 hoc
1259 2454 1490 2507 sequeretur,
1522 2453 1546 2492 fi
1565 2455 1697 2492 omnia
1717 2468 1804 2507 per-

396 2522 506 2561 festis
527 2532 563 2560 et
585 2521 863 2575 principalibus
893 2521 1011 2560 caulis
1043 2522 1122 2560 fieri
1144 2522 1372 2566 diceremus,
1396 2531 1453 2564 ut,
1481 2535 1574 2559 cum
1607 2519 1665 2558 hae
1685 2520 1804 2559 causae

392 2604 472 2629 non
487 2589 601 2628 essent
614 2589 653 2628 in
669 2590 790 2628 nostra
803 2589 999 2643 potestate,
1011 2604 1056 2629 nc
1071 2589 1135 2628 illc
1144 2589 1303 2643 quidem
1317 2588 1404 2628 essct
1418 2590 1457 2629 in
1472 2588 1595 2629 nostra
1607 2587 1803 2642 potestate.
