2223 3003
928 259 1155 314 [355]

580 529 1508 608 PARADOXA.

712 835 784 862 AD
843 822 908 862 M.
969 823 1366 863 BRUTUM.

345 1080 530 1210 AN
546 1082 762 1122 IMADV
776 1083 810 1122 E
825 1084 908 1122 RT
923 1084 955 1128 1,
988 1084 1118 1128 Brute,
1151 1083 1245 1137 saepe
1272 1083 1477 1128 Catonem,
1507 1083 1742 1122 avunculum

515 1158 644 1194 tuum,
666 1162 760 1187 cum
779 1150 821 1188 in
840 1149 970 1188 senatu
989 1149 1216 1188 sententiam
1233 1148 1390 1194 diceret,
1421 1149 1526 1188 locos
1547 1162 1675 1202 graves
1696 1161 1744 1187 ex

514 1213 759 1268 philosophia
787 1217 955 1260 tractare,
988 1215 1235 1255 abhorrentes
1264 1216 1311 1254 ab
1338 1214 1414 1255 hoc
1441 1215 1511 1254 usu
1542 1215 1679 1254 forenfi
1707 1223 1745 1252 et

340 1277 501 1330 publico
513 1298 525 1325 3
558 1280 619 1318 sed
649 1281 812 1320 dicendo
831 1281 1012 1334 consequi
1032 1291 1174 1327 tamen,
1207 1290 1251 1320 ut
1271 1281 1336 1320 illa
1352 1282 1468 1320 etiarn
1489 1282 1633 1334 populo
1654 1294 1743 1333 pro-

343 1342 484 1381 babilia
504 1345 734 1384 viderentur.
777 1346 895 1397 Qod
915 1360 959 1385 eo
980 1347 1103 1399 majus
1138 1346 1191 1384 est
1211 1346 1284 1391 illi,
1320 1359 1437 1398 quam
1469 1355 1534 1383 aut
1564 1346 1650 1389 tibi,
1682 1355 1746 1382 aut

340 1410 468 1455 nobis,
489 1412 580 1464 quia
599 1426 667 1451 nos
688 1426 729 1451 ea
755 1412 999 1466 philosophia
1017 1413 1105 1466 plus
1126 1413 1288 1457 utimur,
1320 1426 1406 1464 quae
1425 1412 1575 1465 peperit
1594 1411 1747 1449 dicendi

342 1477 510 1528 copiam,
542 1486 581 1515 et
613 1479 654 1515 in
676 1492 751 1530 qua
770 1479 952 1517 dicuntur
971 1492 1028 1523 ea,
1061 1492 1145 1530 quae
1165 1492 1243 1516 non
1264 1478 1438 1516 multum
1458 1477 1671 1529 discrepant
1699 1478 1747 1515 ab

339 1542 523 1594 opinione
542 1543 733 1596 populari.
767 1544 865 1582 Cato
884 1552 1027 1589 autem,
1061 1542 1251 1596 perfectus
1272 1544 1359 1582 mea
1378 1543 1564 1582 sententia
1580 1544 1745 1588 Stoicus,

347 1616 386 1646 et
405 1621 448 1646 ea
467 1608 594 1654 sentit,
616 1622 701 1661 quae
720 1622 798 1648 non
820 1609 904 1648 sane
924 1609 1136 1662 probantur
1155 1609 1196 1647 in
1215 1608 1353 1661 vulgus
1370 1627 1382 1654 3
1414 1617 1452 1646 et
1472 1608 1512 1646 in
1531 1621 1573 1645 ea
1593 1608 1646 1646 est
1665 1607 1747 1647 hae-

342 1675 426 1720 refi,
461 1688 547 1727 quae
566 1675 722 1714 nullum
742 1676 911 1729 sequitur
932 1675 1066 1714 florem
1097 1676 1294 1720 orationis,
1322 1688 1450 1729 neque
1476 1675 1610 1713 dilatat
1631 1689 1747 1728 argu-

342 1751 523 1781 mentum
545 1756 555 1780 :
601 1742 762 1780 minutis
796 1742 1188 1795 interrogatiunculis,
1223 1751 1261 1780 et
1295 1741 1398 1794 quafi
1429 1742 1598 1795 punctis,
1641 1742 1748 1794 quod

342 1808 555 1862 proposuit,
575 1809 708 1846 efficit.
746 1809 817 1847 Sed
838 1807 936 1847 nihil
956 1807 1009 1846 est
1029 1817 1109 1847 tam
1128 1807 1368 1853 incredibile,
1390 1808 1496 1860 quod
1515 1821 1593 1846 non
1613 1807 1747 1846 dicen-

342 1876 394 1914 do
412 1875 478 1914 fiat
498 1875 724 1927 probabile,
755 1874 855 1913 nihil
877 1885 955 1914 tam
972 1873 1190 1920 horridum,
1212 1883 1292 1912 tam
1311 1874 1523 1918 incultum,
1545 1874 1650 1926 quod
1670 1887 1749 1913 non

342 1941 575 1995 splendescat
595 1941 779 1986 oratione,
807 1950 844 1980 et
865 1950 1050 1994 tanquam
1069 1941 1266 1980 excolatur
1283 1955 1291 1979 ε
1324 1940 1430 1993 quod
1449 1953 1542 1978 cum
1562 1940 1615 1978 ita
1633 1949 1747 1993 puta-

342 2021 439 2054 rem,
461 2007 536 2047 feci
555 2008 672 2047 etiam
690 2008 885 2054 audacius,
918 2021 1037 2060 quam
1056 2007 1123 2045 ille
1142 2007 1235 2061 ipse,
1268 2007 1315 2045 de
1346 2020 1425 2058 quo
1450 2006 1602 2058 loquor.
1651 2007 1751 2046 Cato

343 2074 451 2112 enim
471 2075 654 2113 duntaxat
673 2074 720 2112 de
740 2074 1009 2127 magnitudine
1028 2073 1163 2118 animi,
1195 2073 1241 2110 de
1260 2072 1512 2116 continentia,
1543 2071 1590 2109 de
1609 2081 1747 2118 morte,

343 2140 390 2178 de
410 2141 520 2178 omni
540 2140 650 2177 laude
670 2140 837 2184 virtutis,
859 2139 906 2176 de
923 2139 1010 2176 Diis
1031 2137 1332 2180 immortalibus,
1365 2136 1411 2173 de
1436 2136 1591 2174 caritate
1620 2137 1750 2190 patriae

345 2206 471 2244 Stoice
492 2204 598 2249 solet,
618 2205 790 2242 oratoriis
811 2205 1047 2241 ornamentis
1068 2201 1265 2247 adhibitis,
1287 2201 1425 2240 dicere.
1469 2202 1556 2255 Ego
1575 2215 1663 2241 vero
1682 2203 1749 2241 illa

344 2272 437 2324 ipsa,
459 2284 543 2323 quae
564 2271 627 2308 vix
649 2270 688 2307 in
709 2268 927 2321 gymnasiis,
946 2277 983 2306 et
1000 2268 1038 2305 in
1058 2268 1139 2306 otio
1159 2267 1277 2306 Stoici
1296 2267 1475 2320 probant,
1495 2268 1630 2306 ludens
1651 2281 1747 2307 con-

342 2339 417 2389 jeci
437 2338 476 2375 in
497 2349 726 2376 communes
747 2337 850 2374 locos
868 2353 878 2380 3
911 2348 1009 2387 quae,
1043 2334 1134 2387 quia
1153 2333 1239 2373 sunt
1259 2334 1512 2380 admirabilia,
1540 2344 1748 2387 contraque

348 2403 569 2454 opinionem
590 2402 786 2446 omnium,
819 2402 865 2439 ab
885 2400 970 2453 ipsis
999 2402 1115 2438 etiam
1144 2393 1327 2449 παράὸῡξαι
1346 2400 1601 2453 appellantur.
1636 2403 1747 2439 Ten-

349 2479 424 2506 tare
451 2469 569 2514 volui,
602 2468 798 2522 possentne
818 2466 980 2521 proferri
1002 2468 1041 2505 in
1067 2467 1209 2512 lucem,
1241 2467 1281 2505 id
1301 2467 1367 2511 est,
1398 2468 1439 2505 in
1459 2466 1604 2512 forum,
1633 2477 1670 2504 et
1699 2468 1748 2504 ita

346 2533 440 2578 dici,
463 2543 505 2571 ut
522 2533 772 2586 probarentur
784 2551 796 2579 3
819 2547 864 2572 an
887 2533 957 2570 alia
974 2532 1149 2585 quaedam
1165 2531 1254 2571 effet
1274 2532 1435 2577 erudita,
1452 2532 1524 2571 alia
1539 2531 1748 2585 popularis,

1304 2598 1342 2636 Y
1370 2612 1395 2650 y
1426 2611 1447 2637 2
