2223 3003
423 156 473 196 82
710 156 811 194 DE
870 154 1517 194 DIVINATIONE

419 254 460 292 in
479 262 680 298 caemento,
710 266 757 291 ex
776 252 916 304 quibus
937 251 1026 288 urbs
1046 251 1178 289 effecta
1195 252 1262 296 est,
1282 252 1408 303 potuit
1428 252 1547 289 valere
1567 251 1579 287 ?
1621 251 1691 289 Sed
1711 251 1806 303 quid

419 319 556 372 plura?
588 317 759 370 quotidie
790 314 1030 352 refelluntur.
1073 316 1204 365 Qam
1226 315 1348 352 multa
1366 329 1438 366 ego
1459 316 1658 366 Pompeio,
1689 330 1806 367 quam

420 384 545 422 multa
564 382 704 425 Craffo,
726 393 843 432 quam
862 380 986 417 multa
1004 378 1098 417 huic
1116 379 1185 432 ips1
1204 379 1339 418 Caesari
1358 392 1379 416 a
1395 377 1583 418 Chaldaeis
1603 380 1703 417 dieta
1721 392 1806 418 me-

420 449 518 486 mini
534 466 546 492 3
577 446 774 484 neminem
806 457 939 482 eorum
959 445 1027 482 nifi
1059 445 1100 482 in
1130 445 1333 489 seueritate,
1364 444 1433 482 nifi
1464 444 1583 489 domi,
1614 444 1683 482 nisi
1715 457 1808 482 cum

419 512 588 550 claritate
618 509 689 548 effe
717 508 980 547 moriturum!
1015 511 1073 547 Ut
1093 509 1192 548 mihi
1222 510 1434 562 permirum
1460 509 1644 554 videatur,
1666 522 1808 562 quem-

419 590 538 629 quam
558 585 697 620 extare,
727 575 797 627 qui
827 575 943 614 etiam
963 589 1068 614 nunc
1087 575 1214 614 credat
1233 576 1296 620 iis,
1326 589 1492 628 quorum
1511 575 1687 628 praedid'ta
1707 588 1808 628 quo-

418 643 511 682 tidie
530 643 654 682 videat
672 655 711 680 re
729 650 767 679 et
786 642 930 680 eventis
950 640 1085 680 refelli.

473 707 664 748 XLVIII.
695 707 852 745 Restant
871 707 948 745 duo
967 707 1162 746 divinandi
1181 720 1330 760 genera,
1365 721 1449 760 quae
1473 706 1611 746 habere
1639 707 1809 745 dicimur

418 783 603 819 anatum,
638 786 716 812 non
747 773 794 810 ab
825 781 903 811 arte
918 790 931 817 ς
953 773 1198 818 vaticinandi,
1229 782 1269 811 et
1297 772 1526 811 somniandi.
1564 773 1626 811 De
1650 772 1808 824 quibuS,

419 840 582 892 Qinte,
602 839 778 891 inquam,
800 838 825 876 fi
845 837 983 890 placet,
1004 837 1237 877 differamus.
1269 837 1377 876 Mihi
1395 852 1497 884 vero,
1510 838 1652 891 inquit,
1669 837 1808 890 placet.

418 906 497 945 His
516 905 636 949 enim,
657 917 742 956 quae
760 902 884 942 adhuc
904 903 1113 956 disputasti,
1130 903 1278 956 prorsus
1299 903 1494 943 affentior:
1525 913 1563 942 et
1581 916 1666 942 vere
1686 912 1728 941 ut
1748 903 1810 941 lo-

418 984 527 1023 quar,
557 981 777 1022 quanquam
809 977 872 1006 tua
905 982 968 1006 me
997 969 1119 1007 oratio
1146 968 1402 1014 confirmavit,
1433 978 1560 1007 tamen
1591 969 1706 1007 etiam
1727 981 1811 1006 σιω

420 1035 552 1088 sponte
572 1034 688 1073 nimis
708 1033 1002 1086 superstitiosam
1021 1033 1068 1072 de
1087 1034 1321 1072 divinatione
1348 1033 1567 1072 Stoicorum
1586 1033 1811 1072 sententiam

413 1101 636 1152 judicabam
651 1118 664 1144 ς
695 1112 736 1136 ac
757 1112 820 1137 me
841 1099 1181 1152 Peripateticorum
1201 1099 1297 1137 ratio
1325 1099 1447 1152 magis
1464 1098 1657 1143 movebat,
1687 1107 1726 1136 et
1744 1111 1811 1135 ve-

419 1166 508 1204 teris
529 1163 758 1209 Dicaearchi,
788 1174 826 1202 et
845 1165 943 1216 ejus,
973 1165 1042 1217 qui
1072 1177 1176 1203 nunc
1196 1164 1318 1210 floret,
1350 1164 1539 1217 Cratippi,
1570 1164 1638 1216 qui
1658 1163 1811 1202 censent

419 1231 490 1270 effe
509 1232 551 1269 in
581 1230 776 1269 mentibus
795 1228 1004 1268 hominum
1025 1239 1208 1282 tanquam
1234 1229 1435 1269 oraculum
1461 1230 1629 1282 aliquod,
1659 1242 1706 1267 ex
1732 1243 1811 1281 quo

418 1296 548 1335 futura
577 1295 828 1349 praesentiant,
864 1296 891 1334 si
925 1305 989 1334 aut
1022 1295 1149 1333 furore
1180 1296 1311 1334 divino
1340 1295 1520 1334 incitatus
1554 1295 1718 1340 animus,
1745 1305 1811 1333 aut

419 1362 554 1400 somno
584 1361 783 1405 relaxatus,
819 1359 938 1399 solute
958 1370 1156 1399 moveatur
1175 1374 1216 1398 ac
1243 1360 1373 1399 libere.
1424 1361 1500 1399 His
1531 1361 1577 1399 de
1606 1361 1808 1413 generibus

419 1428 514 1481 quid
534 1426 680 1471 sentias,
701 1434 739 1464 et
758 1427 899 1478 quibus
919 1440 961 1464 ea
980 1426 1189 1465 rationibus
1208 1425 1394 1471 infirmes,
1425 1426 1553 1464 audire
1571 1427 1653 1464 sane
1675 1426 1808 1464 velim.

420 1494 519 1545 Qae
538 1506 631 1531 cum
651 1491 716 1530 ille
736 1491 900 1538 dixiffet,
915 1501 999 1530 tum
1018 1505 1089 1546 ego
1110 1491 1232 1531 rursus
1249 1492 1351 1545 quafi
1370 1492 1416 1530 ab
1434 1492 1508 1530 alio
1523 1491 1714 1545 principio
1725 1491 1811 1531 sum

419 1557 571 1596 exorsus
592 1557 730 1596 dicere.

472 1623 568 1662 Non
602 1623 751 1675 ignom,
783 1623 957 1676 inquam,
989 1625 1150 1677 Qinte,
1182 1633 1218 1662 te
1249 1624 1392 1677 semper
1427 1625 1477 1663 ita
1503 1623 1656 1669 senfisse,
1688 1633 1731 1662 ut
1760 1623 1808 1662 de

419 1689 562 1727 caeteris
582 1689 776 1727 divinandi
797 1691 998 1742 generibus
1020 1691 1235 1729 dubitares:
1260 1690 1325 1728 ista
1341 1691 1430 1735 duo,
1444 1690 1581 1729 furoris
1597 1700 1635 1728 et
1655 1690 1806 1735 somnii,

419 1768 504 1808 quae
523 1767 543 1792 a
562 1754 680 1792 libera
698 1764 827 1792 mente
843 1755 957 1793 fluere
978 1755 1207 1799 viderentur,
1230 1755 1418 1808 probares.

474 1820 623 1857 XLIX.
647 1819 789 1857 Dicam
810 1819 927 1871 igitur
946 1820 992 1857 de
1012 1819 1087 1857 istis
1105 1819 1190 1870 ipsis
1209 1820 1357 1858 duobus
1373 1821 1573 1872 generibus
1594 1819 1693 1858 mihi
1714 1821 1808 1873 quid

421 1885 604 1929 videatur,
618 1884 643 1922 si
664 1885 782 1936 prius,
805 1885 1021 1922 Stoicorum
1035 1885 1226 1923 conclusio
1247 1885 1414 1929 rationis,
1435 1896 1472 1924 et
1486 1887 1660 1939 Cratippi
1678 1887 1807 1930 nostri,

421 1950 515 2003 quid
535 1950 666 1995 valeat,
688 1950 830 1988 videro.
864 1950 1003 1988 Dixisti
1025 1951 1144 1995 enim,
1165 1961 1203 1989 et
1224 1950 1497 2004 Chrysippum,
1518 1962 1556 1990 et
1577 1953 1809 2005 Diogenem,

420 2026 456 2054 et
479 2016 728 2068 Antipatrum
748 2015 975 2054 concludere
996 2015 1070 2054 hoc
1092 2017 1221 2055 modo.
1265 2024 1291 2040 “
1313 2017 1350 2055 Si
1372 2017 1456 2055 sunt
1477 2018 1559 2062 Dii,
1582 2032 1704 2070 neque
1725 2028 1810 2056 ante

424 2089 450 2104 ¹·
472 2081 662 2119 declarant
682 2079 921 2126 hominibus,
943 2095 1027 2133 quae
1045 2080 1173 2119 futura
1193 2082 1290 2126 sint;
1311 2091 1374 2120 aut
1394 2096 1469 2120 non
1491 2083 1656 2135 diligunt
1679 2082 1807 2121 homi-

423 2154 450 2170 “
472 2160 560 2192 nes,
589 2156 666 2191 aut,
698 2147 791 2199 quid
811 2157 1038 2185 eventurum
1059 2147 1116 2192 fit,
1150 2148 1353 2200 ignorant;
1385 2158 1448 2186 aut
1474 2150 1689 2187 existimant
1712 2149 1808 2188 nihil

423 2220 450 2236 ¹·
472 2211 653 2256 interesse,
686 2211 886 2250 hominem
908 2212 1013 2257 scire,
1041 2213 1135 2265 quid
1156 2213 1200 2251 fit
1220 2212 1426 2259 futurum;
1457 2225 1521 2252 aut
1553 2229 1627 2253 non
1657 2215 1810 2254 censent

423 2285 450 2301 ⁴·
471 2278 540 2315 effe
561 2277 632 2315 sua:
653 2278 867 2329 majestatis,
896 2278 1179 2330 prmsignificare
1199 2278 1439 2325 hominibus,
1461 2295 1545 2332 qum
1565 2280 1635 2318 lint
1657 2279 1807 2325 sutura;

424 2350 450 2366 ‘⁴
471 2352 535 2380 aut
566 2355 607 2378 ca
639 2356 684 2378 ne
717 2342 782 2394 ipsi
804 2342 960 2393 quidem
983 2343 1050 2380 Dii
1073 2343 1278 2395 significare
1299 2343 1462 2396 potsunt.
1507 2347 1558 2382 At
1581 2359 1700 2397 neque
1733 2360 1809 2383 non

423 2416 450 2432 ⁸·
473 2408 639 2460 diligunt
661 2421 752 2451 nos,
785 2407 869 2444 sunt
890 2408 994 2444 enim
1017 2407 1190 2452 benefici,
1217 2409 1422 2461 generique
1443 2408 1646 2448 hominum
1669 2411 1807 2450 amici:

424 2481 451 2497 ‘⁸
473 2486 594 2526 neque
614 2473 789 2525 ignorant
809 2486 863 2518 ca,
895 2486 978 2525 qua:
1000 2473 1046 2512 ab
1077 2474 1162 2526 ipsis
1183 2474 1385 2513 constituta
1415 2485 1450 2514 ct
1481 2475 1667 2529 designata
1697 2475 1807 2516 sunt:
