2223 3003
397 203 476 243 116
805 202 908 243 DE
983 197 1385 240 LEGIBUS

532 301 803 354 N'tmtt'afulva
823 299 950 353 Jovis,
980 297 1147 338 mirandcf
1163 297 1392 351 vsszfigurb',

394 383 499 408 nunc
520 370 563 407 fit
583 369 677 406 haec.
720 367 791 404 Sed
812 379 902 403 cum
923 377 1007 402 eam
1028 363 1242 417 tempestas,
1274 359 1481 400 vet-ustasve
1499 361 1795 416 consumpserit,

393 444 523 472 tamen
543 435 620 471 erit'
632 432 694 469 his
713 432 754 468 in
785 430 879 469 locis
899 443 1077 483 quercus,
1108 443 1230 483 quam.
1256 428 1475 467 Marianam
1504 441 1693 481 quercum
1718 441 1790 467 vo-

393 509 495 537 cent.

446 567 673 603 Ari-rcus.
706 563 801 602 Non
833 563 969 602 dubito
990 563 1029 602 id
1059 563 1244 616 quidem:
1276 561 1338 601 sed
1358 560 1433 600 hoc
1458 561 1540 614 jam
1561 574 1639 600 non
1665 573 1713 599 ex
1736 568 1794 605 te,

391 631 554 682 Qinte,
585 644 728 683 quaero,
759 643 894 668 verum
915 644 961 668 ex
983 629 1062 682 ipso
1081 639 1221 682 poeta;
1254 629 1361 667 tuine
1391 628 1516 666 versus
1547 627 1647 666 hanc
1673 640 1790 680 quer-

389 711 483 735 cum
517 697 692 742 severint,
722 710 768 734 an
803 696 856 734 ita
888 695 1035 734 fastum
1064 695 1112 734 de
1142 695 1285 740 Mario,
1315 704 1360 733 ut
1389 694 1536 739 scribis,
1567 693 1789 746 acceperis?

390 763 606 802 MARCUS.
639 762 896 815 Respondebo
926 762 1002 800 tibi
1027 761 1222 813 equidem,
1243 760 1305 798 sed
1324 774 1403 799 non
1423 769 1523 806 ante,
1551 772 1669 812 quam
1689 757 1791 797 mihi

388 838 433 867 tu
464 829 542 882 ipse
571 827 819 882 responderis,
849 827 1009 871 Attice,
1054 835 1220 871 certene,
1251 839 1330 864 non
1349 826 1464 879 longe
1493 839 1514 864 a
1547 826 1624 864 tuis
1645 824 1791 863 aedibus

388 894 647 938 inambulans,
678 893 761 946 post
791 892 986 931 exceffum
1003 891 1116 930 suum
1137 891 1332 931 Romulus
1364 891 1532 931 Proculo
1551 892 1660 943 Julio
1679 891 1793 930 dixe-

388 961 452 1004 rit,
484 960 519 998 se
540 961 672 997 Deum
703 957 788 1004 effe,
820 966 857 995 et
878 957 1094 1009 Qirinum
1114 957 1255 1002 vocari,
1285 957 1558 1010 templumque
1579 957 1648 996 fibi
1679 957 1791 995 dedi-

387 1026 463 1063 cari
496 1026 536 1063 in
570 1038 615 1064 eo
648 1024 736 1062 loco
764 1023 914 1076 jufferit
931 1025 951 1060 ?'
977 1024 1030 1061 Et
1062 1035 1247 1061 verumne
1272 1022 1331 1068 sit,
1362 1022 1544 1068 Athenis,
1575 1037 1653 1061 non
1673 1022 1790 1076 longe

386 1092 482 1129 item
502 1105 523 1129 a
553 1100 618 1129 tua
637 1090 703 1128 illa
722 1088 880 1142 antiqua
899 1089 1031 1134 domo,
1063 1087 1288 1140 Orithyiam
1309 1088 1456 1141 Aquilo
1476 1087 1665 1126 sustulerit
1683 1087 1696 1124 ?
1728 1089 1790 1126 Sic

386 1157 492 1195 enim
523 1157 577 1195 est
607 1155 806 1194 traditum.
856 1156 1085 1194 ATTicus.
1117 1153 1316 1205 Qiorsum
1348 1154 1518 1199 tandem,
1551 1163 1616 1193 aut
1635 1168 1703 1192 cur
1723 1153 1791 1192 ista

386 1224 552 1276 quaeris?
585 1224 799 1261 MARCUS.
821 1220 939 1260 Nihil
961 1220 1059 1266 sane,
1095 1220 1163 1258 nifi
1183 1234 1230 1258 ne
1257 1221 1374 1258 nimis
1395 1220 1601 1272 diligenter
1618 1221 1792 1272 inquiras

385 1290 426 1327 in
447 1303 502 1334 ea,
533 1303 617 1342 quae
636 1287 706 1326 isto
737 1287 854 1325 modo
886 1287 1081 1325 memoriae
1101 1286 1173 1324 s1nt
1193 1285 1356 1338 prodita.
1406 1287 1634 1324 ATT1cus.
1663 1285 1788 1338 Atqui

386 1355 510 1393 multa
529 1362 753 1407 quaeruntur
773 1353 813 1390 in
835 1352 978 1397 Mario,
999 1351 1147 1397 fietane,
1175 1365 1222 1390 an
1242 1365 1327 1389 vera
1346 1351 1441 1396 fint3
1473 1360 1511 1389 et
1532 1365 1552 1389 a
1572 1351 1791 1396 nonnullis,

384 1421 491 1473 quod
510 1430 548 1458 et
578 1421 618 1458 in
640 1419 782 1458 recenti
802 1419 1002 1464 memoria,
1033 1428 1071 1456 et
1091 1419 1131 1456 in
1152 1418 1331 1471 Arpinati
1351 1417 1512 1456 homine
1527 1436 1539 1462 ς
1572 1417 1632 1455 sed
1653 1418 1788 1456 veritas

385 1499 405 1523 a
439 1496 475 1524 te
505 1485 730 1538 postulatur.
777 1485 992 1523 MARCUS.
1025 1484 1080 1522 Et
1109 1482 1345 1528 mehercule,
1376 1497 1448 1536 ego
1479 1496 1542 1521 me
1561 1482 1678 1534 cupio
1710 1495 1792 1534 non

383 1553 609 1591 mendacem
631 1551 755 1605 putari
774 1565 783 1589 ε
816 1550 878 1589 sed
899 1559 1026 1588 tamen
1047 1550 1226 1588 nonnulli
1245 1549 1318 1595 isti,
1340 1550 1447 1595 Tite,
1479 1548 1628 1587 faciunt
1658 1548 1790 1602 impe-

383 1619 471 1664 rite,
501 1618 568 1670 qui
594 1617 635 1655 in
654 1616 725 1654 isto
759 1615 930 1669 periculo
950 1626 1028 1654 non
1049 1624 1092 1654 ut
1121 1629 1141 1653 a
1172 1624 1296 1668 poeta,
1328 1614 1391 1653 sed
1410 1624 1453 1653 ut
1478 1628 1499 1653 a
1520 1614 1624 1660 teste,
1646 1615 1787 1653 verita-

383 1693 463 1723 tem
483 1684 652 1737 exigant.
697 1683 785 1722 Nec
808 1682 960 1728 dubito,
990 1682 1086 1734 quin
1107 1681 1241 1726 iidem,
1271 1690 1309 1719 et
1328 1695 1419 1719 cum
1441 1681 1580 1734 Egeria
1608 1680 1789 1718 collocu-

384 1761 468 1789 tum
492 1751 684 1795 Numam,
705 1758 743 1788 et
763 1750 810 1788 ab
830 1749 958 1801 aquila
977 1749 1195 1800 Tarquinio
1214 1748 1364 1800 apicem
1385 1747 1608 1799 impositum
1631 1756 1786 1799 putent.

383 1819 614 1868 QiquS.
648 1815 844 1868 Intelligo‚
876 1825 926 1859 te,
962 1813 1089 1859 frater,
1117 1814 1206 1852 alias
1227 1814 1265 1851 in
1286 1812 1441 1851 historia
1457 1812 1560 1865 leges
1581 1812 1788 1851 observan-

381 1883 446 1920 das
468 1891 613 1935 putare,
645 1877 735 1918 alias
757 1881 795 1917 in
818 1889 1006 1932 poemate.
1054 1880 1269 1917 MARCUS.
1346 1880 1460 1930 uippe
1480 1892 1570 1916 cum
1594 1880 1631 1916 in
1653 1879 1718 1916 illa
1738 1879 1787 1916 ad

381 1947 595 1992 veritatem,
618 1946 782 1998 Qinte,
805 1944 1026 1989 referantur,
1046 1945 1084 1982 in
1105 1943 1178 1982 hoc
1200 1944 1245 1982 ad
1266 1943 1555 1982 delcetationem
1576 1943 1780 1995 pleraque:

381 2027 603 2066 quanquam
625 2022 662 2051 et
683 2011 782 2065 apud
805 2012 1067 2056 Herodotum,
1100 2020 1247 2064 patrem
1268 2009 1446 2055 historiae,
1467 2019 1505 2048 et
1525 2010 1625 2062 apud
1646 2008 1784 2048 Theo-

381 2093 573 2133 pompum
594 2079 679 2118 sunt
701 2078 997 2117 innumerabiles
1019 2077 1171 2117 fabulae.

436 2147 488 2184 11.
522 2147 748 2185 Αττιςυε.
786 2146 936 2190 Teneo,
980 2159 1098 2197 quam
1139 2145 1336 2198 optabam,
1371 2143 1623 2188 occasionem,
1660 2157 1786 2196 neque

379 2213 572 2250 omittam.
625 2213 840 2250 Msmcus.
874 2214 1004 2263 Qam
1027 2211 1196 2256 tandem,
1220 2211 1342 2249 Tite?
1385 2212 1611 2249 Arsit-vs.
1646 2210 1782 2248 Postu-

379 2279 478 2316 latur
498 2293 517 2315 a
538 2288 574 2316 te
588 2279 754 2330 jamdiu,
770 2278 825 2315 vel
849 2277 1040 2330 flagitatur
1062 2279 1203 2330 potius,
1223 2277 1391 2316 historia.
1425 2278 1485 2315 Sic
1505 2278 1608 2315 enim
1632 2286 1782 2328 putant,

378 2354 414 2383 te
436 2344 543 2382 illam
566 2346 760 2388 tractante,
791 2344 892 2381 effici
925 2344 1038 2396 posse,
1069 2354 1111 2382 ut
1142 2345 1182 2382 in
1214 2343 1289 2382 hoc
1320 2344 1436 2381 etiam
1457 2357 1591 2395 genere
1623 2343 1781 2379 Gra-cim.

380 2410 475 2449 nihil
509 2410 702 2449 cedamus.
737 2412 881 2462 Atque,
915 2420 956 2448 ut
988 2411 1131 2455 audias,
1164 2410 1259 2462 quid
1287 2423 1359 2462 ego
1391 2410 1467 2462 ipse
1498 2409 1670 2452 sentiam,
1705 2423 1783 2447 non

378 2476 502 2515 solum
534 2475 631 2514 mihi
664 2476 801 2514 videris
833 2489 967 2513 corum
1001 2476 1145 2521 studiis,
1181 2475 1248 2527 qui
1285 2475 1403 2512 literis
1430 2474 1679 2518 delcetantur,
1721 2474 1783 2512 scd

377 2542 492 2580 etiam
514 2542 640 2595 patria:
661 2541 796 2580 debere
825 2540 898 2581 hoc
935 2555 1104 2586 munus,
1138 2550 1179 2579 ut
1213 2553 1267 2585 ea,
1304 2554 1389 2593 quac
1416 2540 1513 2579 salx-a
1549 2554 1613 2593 pei·
1643 2549 1678 2578 te
1710 2538 1778 2583 cst,
