2223 3003
328 530 1679 598 PHILOSOPHICORUM

565 766 1456 814 FRAGMENTA.

631 1011 1158 1045 OEcoNoMicoRtJM
1203 1003 1323 1043 L113.
1356 1005 1387 1043 1.

309 1151 460 1189 Pssxsc.
481 1147 543 1187 lib.
567 1149 688 1202 V111.]
720 1149 858 1187 Homo
877 1161 925 1186 ex
945 1161 991 1186 eo
1009 1161 1173 1186 numero
1187 1146 1412 1194 hominum,
1434 1148 1503 1201 qui
1522 1148 1622 1201 apud
1642 1161 1710 1186 nos

362 1215 439 1254 hoc
456 1213 615 1254 nomine
633 1215 855 1268 dignantur.

309 1282 493 1320 Corum.
513 1281 576 1319 lib.
600 1295 684 1320 XII.
715 1290 794 1335 cap.
819 1281 874 1334 1.]
919 1281 1101 1319 Maritale
1120 1282 1349 1334 conjugium
1376 1281 1426 1319 fic
1446 1289 1711 1333 comparatum

361 1347 416 1386 est
434 1355 581 1392 natura,
601 1355 645 1385 ut
663 1360 742 1386 non
763 1346 888 1385 solum
902 1346 1192 1399 jucundiffima,
1210 1360 1344 1384 verum
1363 1347 1481 1384 etiam
1501 1345 1710 1389 utiliffima,

362 1414 449 1452 vitae
468 1413 624 1465 societas
654 1413 830 1458 iniretur,
866 1421 904 1450 et
934 1426 981 1451 ne
1011 1426 1132 1466 genus
1163 1411 1383 1451 humanum
1414 1412 1598 1465 temporis
1626 1411 1711 1449 lon-

363 1480 580 1531 ginquitate
609 1479 803 1517 occideret
822 1494 831 1517 ;
864 1488 1019 1531 propter
1049 1478 1125 1516 hoc
1144 1492 1226 1517 mas
1246 1492 1338 1517 cum
1358 1478 1520 1517 foemina
1546 1478 1599 1516 est
1618 1491 1712 1515 con-

358 1547 541 1597 junctus:
574 1543 713 1582 deinde
733 1553 776 1582 ut
795 1557 842 1582 ex
862 1543 935 1582 hac
954 1544 1085 1582 eadem
1111 1544 1287 1582 societate
1308 1545 1535 1583 mortalibus
1562 1545 1714 1596 adjuto-

366 1612 422 1648 ria
454 1610 669 1654 senectutis,
700 1623 770 1648 nec
801 1610 930 1648 minus
963 1610 1250 1663 propugnacula
1279 1620 1548 1663 praeparentur.
1605 1611 1714 1648 Tum

364 1677 495 1721 etiam,
526 1689 619 1713 cum
639 1676 762 1714 vietus
796 1685 834 1714 et
860 1675 987 1714 cultus
1008 1675 1202 1714 humanus
1222 1689 1315 1721 non,
1350 1677 1405 1714 uti
1426 1674 1530 1720 feris,
1562 1676 1604 1714 in
1622 1689 1713 1729 pro-

365 1741 513 1795 patulo,
549 1755 592 1779 ac
613 1741 843 1781 filvestribus
877 1741 988 1787 locis,
1021 1741 1083 1780 sed
1103 1742 1210 1781 domi
1229 1742 1299 1781 sub
1321 1744 1420 1780 tecto
1453 1742 1687 1780 accusandus

364 1808 467 1854 esset,
488 1807 735 1847 necessarium
755 1807 845 1854 fuit,
868 1808 1095 1848 alterutrum
1109 1808 1204 1849 foris
1224 1809 1292 1847 sub
1308 1809 1373 1847 dio
1392 1808 1477 1853 effe,
1499 1809 1568 1861 qui
1587 1808 1716 1847 labore

364 1883 403 1913 et
426 1874 611 1913 industria
639 1884 904 1928 compararet;
950 1875 1070 1921 intus,
1104 1876 1173 1927 qui
1208 1875 1316 1913 tectis
1351 1874 1574 1912 reconderet
1603 1883 1716 1926 atque

370 1940 602 1978 custodiret:
634 1940 822 1992 fiquidem
842 1940 903 1978 vel
923 1939 1107 1986 rusticari,
1128 1940 1189 1978 vel
1209 1940 1397 1992 navigare,
1425 1939 1485 1978 vel
1505 1940 1622 1978 etiam
1641 1940 1716 1978 alio

363 2019 499 2059 genere
519 2006 705 2059 negotiari
724 2006 868 2045 necesse
888 2015 981 2051 erat,
1017 2015 1061 2045 ut
1091 2006 1236 2060 aliquas
1267 2005 1467 2045 facultates
1500 2006 1717 2058 acquirere-

364 2085 467 2111 mus.
513 2073 619 2111 Cum
640 2085 727 2111 vero
746 2082 881 2126 paratae
902 2086 958 2111 res
979 2072 1047 2111 sub
1068 2075 1214 2111 tectum
1233 2072 1349 2111 effent
1368 2070 1567 2124 congestae,
1595 2071 1715 2111 alium

365 2136 438 2175 effe
467 2139 654 2190 oportuit,
689 2139 758 2190 qui
787 2149 826 2177 et
859 2139 981 2177 illatas
1015 2139 1234 2182 custodiret,
1275 2146 1314 2175 et
1346 2146 1480 2175 caetera
1512 2136 1716 2175 conficeret

365 2216 492 2256 opera,
524 2217 610 2256 quae
642 2203 751 2241 domi
783 2204 965 2242 deberent
999 2203 1266 2242 administrari.
1308 2203 1415 2242 Nam
1445 2212 1484 2241 et
1502 2202 1647 2256 fruges,
1679 2212 1716 2241 et

364 2278 498 2307 caetera
516 2268 700 2306 alimenta
728 2268 910 2307 terrestria
935 2268 1161 2321 indigebant
1192 2270 1291 2307 tecto
1307 2287 1318 2314 ;
1361 2278 1400 2307 et
1433 2269 1567 2308 ovium
1600 2278 1714 2307 caete-

365 2349 572 2389 rarumque
602 2335 797 2388 pecudum
828 2334 946 2374 foetus
977 2347 1091 2388 atque
1126 2334 1272 2374 fructus
1314 2335 1440 2375 clauso
1470 2335 1716 2375 custodienda

366 2411 499 2448 crant3
531 2415 603 2441 nec
636 2403 766 2441 minus
795 2403 938 2455 reliqua
972 2402 1157 2448 utensilia,
1193 2403 1334 2455 quibus
1355 2412 1422 2441 aut
1448 2403 1563 2441 alitur
1581 2402 1714 2442 homi·-

369 2480 466 2505 num
484 2482 621 2520 genus,
651 2479 716 2507 aut
742 2470 859 2507 etiam
891 2469 1093 2507 excolitur.
1137 2469 1266 2520 Qare
1300 2483 1392 2508 cum
1420 2479 1457 2507 ct
1477 2483 1647 2522 operam,
1677 2477 1715 2506 et

368 2532 613 2585 diligentiam
628 2548 684 2580 ea,
703 2549 788 2588 quae
804 2535 1086 2588 proposuimus,
1104 2535 1367 2580 desiderarent,
1387 2549 1456 2574 nec
1471 2535 1609 2588 exigua
1625 2534 1715 2572 cura

373 2597 466 2637 foris
486 2601 785 2653 acquirerentur,
820 2615 905 2654 quae
935 2602 1042 2640 domi
1074 2601 1251 2640 custodiri
1282 2611 1502 2655 oporterct;
1539 2602 1640 2653 jure,
1672 2610 1715 2638 ut

1254 2670 1286 2706 A
1309 2683 1327 2705 a
1349 2682 1367 2705 a
1391 2682 1411 2707 2
