2223 3003
705 251 982 292 LIBER
1039 250 1465 292 TERTIUS.
1709 254 1787 305 269

387 351 514 406 quoad
542 364 610 405 per
640 351 741 405 leges
771 352 898 397 liceat,
929 350 1211 390 accommodet.
1258 351 1364 390 Cum
1384 363 1474 389 vero
1487 350 1616 403 jurato
1635 349 1788 389 senten-

386 419 440 456 tia
474 418 634 456 dicenda
666 419 725 464 s1t,
756 418 992 463 meminerit,
1023 419 1155 456 Deum
1193 416 1229 455 se
1260 416 1442 455 adhibere
1473 416 1620 462 testem,
1650 417 1690 456 id
1735 418 1788 456 est

389 486 451 537 (ut
470 499 542 538 ego
572 485 750 537 arbitror)
782 493 956 523 mentem
982 484 1102 529 suam,
1132 497 1208 536 qua
1226 483 1326 522 nihil
1359 483 1514 523 homini
1544 484 1650 523 dedit
1680 485 1788 524 Deus

385 551 465 604 ipse
484 552 666 590 divinius.
711 552 845 602 Itaque
863 549 1088 602 praeclarum
1119 562 1140 586 a
1158 549 1368 600 majoribus
1399 550 1617 603 accepimus
1637 564 1789 590 morem

386 618 545 670 rogandi
558 617 717 669 judicis,
748 615 776 653 fi
801 629 893 653 eum
927 623 1160 659 teneremus,
1189 615 1282 665 Qae
1297 616 1413 668 salva
1428 615 1506 668 fide
1515 617 1647 669 fizcere
1668 618 1786 670 pqffit.

387 685 486 722 Haec
505 683 651 734 rogatio
671 681 717 719 ad
736 694 777 718 ea
796 680 977 733 pertinet,
1008 693 1093 732 quae
1124 680 1239 732 paulo
1259 689 1346 718 ante
1365 681 1462 726 dixi,
1496 681 1652 720 honeste
1687 684 1788 721 ami-

383 761 431 787 co
463 761 484 785 a
506 747 640 800 judice
657 745 760 799 poffe
789 745 966 784 concedi.
1010 745 1133 791 Nam,
1167 745 1194 783 fi
1225 745 1357 783 omnia
1385 744 1559 784 facienda
1586 747 1672 792 fint,
1703 762 1790 800 quae

384 814 503 852 amici
534 812 670 859 velint,
705 825 784 851 non
816 811 997 850 amicitiae
1026 811 1134 857 tales,
1174 810 1238 850 sed
1280 811 1580 864 conjurationes,
1611 814 1790 866 putandae

382 879 486 919 sunt.

436 947 597 998 Loquor
616 954 747 984 autem
766 944 813 983 de
831 943 1109 983 communibus
1140 942 1323 982 amicitiis
1342 958 1351 982 ε
1383 956 1474 982 nam
1494 943 1534 982 in
1555 944 1789 997 sapientibus

381 1012 472 1050 viris
491 1011 760 1064 perfectisque,
791 1009 890 1049 nihil
909 1010 1032 1064 potest
1051 1009 1122 1048 effe
1142 1009 1230 1048 tale.
1268 1010 1490 1049 Damonem
1514 1018 1552 1048 et
1572 1009 1788 1057 Phintiam,

382 1078 657 1132 Pythagoreos,
686 1077 816 1116 ferunt
845 1077 922 1116 hoc
952 1077 1084 1115 animo
1112 1077 1211 1115 inter
1232 1075 1267 1114 se
1287 1075 1411 1122 fuisse,
1443 1085 1502 1122 ut,
1536 1090 1628 1115 cum
1653 1090 1789 1116 eorum

381 1144 490 1182 alteri
519 1144 728 1196 Dionyfius
758 1152 941 1195 tyrannus
973 1143 1078 1181 diem
1110 1142 1213 1180 necis
1244 1141 1507 1188 destinavisset,
1552 1151 1590 1180 et
1620 1143 1667 1188 is,
1719 1143 1788 1196 qui

381 1211 501 1249 morti
520 1211 691 1249 addictus
712 1209 815 1255 effet,
846 1221 986 1262 paucos
1015 1209 1085 1247 fibi
1112 1208 1192 1246 dies
1212 1208 1613 1246 commendandorum
1633 1208 1790 1247 suorum

381 1276 490 1314 causa
524 1274 792 1330 postulaviffet‚
821 1288 884 1313 vas
918 1274 1040 1312 factus
1059 1274 1113 1312 est
1143 1274 1237 1312 alter
1266 1275 1347 1326 ejus
1378 1274 1527 1312 fistendi
1544 1292 1556 1319 3
1588 1283 1646 1319 ut,
1677 1274 1702 1312 fi
1724 1275 1791 1313 ille

381 1356 460 1382 non
480 1341 702 1388 revertisset,
733 1341 980 1380 moriendum
1010 1340 1098 1379 effet
1132 1340 1215 1393 ipfi.
1247 1340 1331 1391 Qi
1361 1354 1454 1378 cum
1474 1340 1520 1378 ad
1549 1340 1652 1378 diem
1674 1340 1708 1378 se
1728 1354 1789 1378 re-

380 1409 550 1463 cepiffet,
580 1409 790 1448 admiratus
811 1421 945 1447 eorum
966 1406 1084 1446 fidem
1104 1415 1302 1459 tyrannuS,
1333 1406 1484 1460 petivit,
1506 1415 1549 1445 ut
1569 1406 1604 1444 se
1624 1406 1670 1445 ad
1690 1407 1791 1445 ami-

381 1477 516 1514 citiam
535 1477 694 1514 tertium
714 1475 983 1514 adscriberent.

437 1543 543 1580 Cum
564 1542 684 1594 igitur
702 1540 756 1585 id,
789 1540 894 1592 quod
914 1540 1009 1578 utile
1028 1539 1180 1578 videtur
1198 1539 1239 1577 in
1260 1538 1445 1584 amicitia,
1481 1552 1573 1576 cum
1593 1551 1651 1583 eo,
1682 1538 1790 1590 quod

381 1606 587 1646 honestum
621 1605 687 1650 est,
718 1613 962 1658 comparatur
977 1622 988 1649 3
1015 1605 1140 1656 jaceat
1170 1603 1347 1642 utilitatis
1374 1602 1530 1655 species,
1560 1602 1681 1640 valeat
1714 1602 1789 1641 ho-

382 1672 517 1710 nestas.
562 1672 668 1710 Cum
687 1680 816 1708 autem
837 1671 878 1707 in
904 1669 1088 1713 amicitia,
1120 1682 1204 1721 quae
1237 1666 1394 1706 honesta
1425 1681 1503 1705 non
1524 1667 1625 1712 sunt,
1656 1667 1790 1720 postu-

382 1739 580 1783 labuntur,
610 1737 745 1790 religio
765 1747 803 1775 et
822 1735 915 1774 fides
936 1744 1190 1788 anteponatur
1209 1734 1412 1772 amicitiae:
1444 1733 1495 1772 fic
1514 1733 1722 1773 habebitur
1742 1735 1789 1780 is,

383 1819 504 1858 quem
524 1804 782 1857 exquirimus,
803 1802 972 1841 delectus
993 1801 1128 1840 officii.

437 1872 511 1909 XI.
544 1871 616 1908 Sed
650 1869 827 1908 utilitatis
859 1868 981 1922 specie
1001 1869 1041 1906 in
1071 1867 1269 1920 republica
1288 1865 1484 1919 saepifiime
1509 1874 1691 1917 peccatur
1702 1884 1714 1911 ς
1746 1874 1791 1904 ut

382 1938 423 1976 in
444 1935 626 1976 Corinthi
645 1936 919 1974 disturbatione
948 1934 1078 1973 nostri.
1118 1933 1264 1971 Durius
1285 1933 1401 1970 etiam
1421 1929 1689 1977 Athenienses,
1721 1932 1791 1984 qui

382 2004 586 2048 sciverunt,
608 2012 651 2040 ut
671 2001 878 2055 AEginetis‚
910 2001 979 2054 qui
1005 1999 1114 2038 claffe
1134 1999 1323 2043 valebant,
1354 1996 1513 2050 pollices
1533 1997 1789 2049 praecideren-

383 2079 460 2108 tur.
492 2070 583 2108 Hoc
603 2069 729 2107 visum
748 2068 800 2106 est
819 2067 942 2112 utile;
974 2066 1092 2104 nimis
1113 2065 1219 2103 enim
1239 2063 1485 2107 imminebat,
1513 2071 1667 2114 propter
1697 2076 1789 2115 pro-

384 2135 658 2188 pinquitatem,
690 2134 832 2186 AEgina
851 2133 1006 2170 Piraeeo.
1040 2132 1110 2169 Sed
1131 2129 1245 2173 nihil,
1267 2128 1372 2180 quod
1393 2127 1561 2171 crudele,
1583 2127 1689 2165 utile.
1723 2127 1791 2166 Est

384 2201 491 2238 enim
511 2199 720 2238 hominum
741 2207 897 2242 naturae,
931 2210 1049 2249 quam
1070 2195 1176 2247 sequi
1205 2194 1403 2238 debemus,
1435 2192 1604 2230 maxime
1630 2191 1790 2231 inimica

384 2266 603 2306 crudelitas.
656 2300 658 2302 ,

439 2332 549 2371 Male
583 2331 715 2375 etiam,
757 2329 825 2382 qui
861 2327 1077 2381 peregrinos
1111 2325 1271 2364 urbibus
1305 2324 1362 2362 uti
1394 2322 1616 2377 prohibent,
1651 2322 1791 2375 eosque

386 2399 657 2443 exterminant,
676 2406 719 2435 ut
739 2397 893 2435 Pennus
915 2394 1014 2447 apud
1033 2402 1154 2446 patres
1176 2390 1333 2435 nostrOS,
1356 2390 1495 2443 Papius
1512 2402 1648 2442 nuper.
1681 2390 1789 2428 Nam

387 2463 457 2501 effe
469 2477 538 2515 pro
557 2465 655 2508 cive,
677 2463 746 2515 qui
766 2463 860 2500 civis
878 2475 954 2499 non
976 2460 1033 2504 fit,
1057 2460 1202 2497 reetum
1224 2457 1276 2494 est
1293 2470 1369 2495 non
1385 2456 1498 2494 licere
1515 2474 1526 2500 ;
1549 2469 1666 2508 quam
1686 2456 1787 2492 tule-

387 2537 479 2567 runt
499 2529 624 2581 legem
644 2528 903 2581 sapientiffimi
926 2525 1125 2569 Consules,
1149 2522 1297 2562 Craffus
1324 2532 1361 2560 et
1383 2522 1574 2560 Scaevola:
1609 2521 1676 2558 usu
1700 2534 1787 2558 vero

385 2595 494 2634 urbis
514 2593 718 2648 prohibere
738 2594 973 2648 peregrinos,
1004 2592 1088 2631 sane
1107 2589 1369 2630 inhumanum
1389 2588 1455 2628 est.
1506 2587 1577 2627 Illa
1597 2586 1787 2640 praeclara,
