2223 3003
454 213 530 253 268
851 211 955 251 DE
1025 209 1455 248 OFFICIIS

450 322 606 366 propter
639 310 816 351 utilitatis
847 307 1157 361 magnitudinem
1174 325 1186 351 ς
1220 307 1329 359 (nam
1362 307 1403 344 id
1434 305 1593 359 quidem
1628 305 1855 359 improbum

452 380 522 431 est)
555 380 615 417 sed
636 377 747 421 illud,
783 375 944 428 poffitne
974 375 1027 419 id,
1059 373 1164 426 quod
1186 374 1281 411 utile
1311 373 1496 418 videatur,
1528 373 1611 411 fieri
1630 386 1709 411 non
1729 375 1854 427 turpi-

451 455 522 484 ter.
555 444 659 482 Cum
680 442 877 480 Collatino
896 440 1054 494 collegae
1074 441 1215 479 Brutus
1235 440 1449 494 imperium
1467 440 1688 493 abrogabat,
1708 447 1859 493 poterat

452 511 569 549 videri
601 508 724 547 facere
753 508 794 546 id
822 508 987 560 injuste:
1019 506 1144 545 fuerat
1162 507 1268 545 enim
1300 508 1341 545 in
1365 507 1516 560 regibus
1536 506 1773 560 expellendis
1793 505 1854 544 so-

451 576 533 613 cius
565 574 690 618 Bruti,
720 573 968 612 consiliorum
1002 574 1120 612 etiam
1150 573 1312 625 adjutor.
1360 574 1466 612 Cum
1491 582 1621 611 autem
1651 571 1857 610 confilium

451 641 527 679 hoc
556 641 749 693 principes
769 639 964 693 cepissent,
994 640 1265 693 cognationem
1292 631 1468 692 Superbi,
1500 651 1725 691 nomenque
1753 639 1857 676 Tar-

451 708 693 760 quiniorum,
723 716 761 745 et
781 707 1012 745 memoriam
1032 707 1139 760 regni
1158 706 1228 745 effe
1249 705 1461 745 tollendam
1478 725 1490 751 ;
1522 705 1629 759 quod
1647 714 1725 743 erat
1746 704 1856 749 utile,

451 775 582 827 patriae
608 773 832 818 consulere3
864 772 904 810 id
933 782 1011 811 erat
1030 773 1083 811 ita
1108 772 1328 817 honestum,
1360 783 1403 811 ut
1431 773 1549 811 etiam
1570 771 1639 825 ipsi
1659 770 1859 810 Collatino

450 839 600 893 placere
619 839 785 878 deberet.
845 839 980 890 Itaque
1007 838 1154 877 utilitas
1172 838 1294 876 valuit
1311 847 1468 891 propter
1484 837 1724 877 honestatem
1737 855 1749 882 3
1781 836 1860 875 fine

451 919 528 958 qua
548 919 596 944 ne
616 905 760 943 utilitas
781 903 941 956 quidem
961 903 1033 942 esse
1051 903 1245 957 potuisset.
1287 905 1344 943 At
1362 905 1404 942 in
1423 917 1470 942 eo
1488 917 1591 957 rege,
1620 904 1690 957 qui
1721 903 1859 942 urbem

451 971 641 1016 condidit,
672 984 751 1009 non
771 970 825 1008 ita
842 984 851 1008 z
884 969 1024 1023 species
1055 970 1162 1009 enim
1181 970 1360 1009 utilitatis
1380 971 1558 1009 animum
1576 970 1727 1024 pepulit
1746 971 1828 1022 ejus
1843 987 1857 1015 ς

451 1039 516 1076 cui
536 1051 629 1075 cum
649 1036 774 1075 visum
793 1034 884 1074 effet
915 1036 1064 1082 utilius,
1096 1036 1237 1082 solum,
1258 1050 1377 1090 quam
1406 1050 1500 1075 cum
1519 1036 1653 1081 altero,
1688 1048 1859 1089 regnare,

450 1103 610 1142 fratrem
630 1103 840 1142 interemit.
885 1103 1030 1142 Omifit
1059 1102 1126 1142 hic
1146 1112 1184 1142 et
1202 1104 1402 1156 pietatem,
1429 1113 1468 1142 et
1487 1102 1786 1147 humanitatem,
1816 1111 1861 1140 ut

449 1170 506 1216 id,
538 1169 644 1223 quod
678 1169 773 1208 utile
805 1168 1019 1215 videbatur,
1050 1183 1177 1223 neque
1206 1179 1299 1216 erat,
1329 1169 1471 1223 assequi
1489 1168 1633 1223 poffet;
1664 1178 1703 1207 et
1730 1177 1862 1207 tamen

450 1237 556 1275 muri
575 1235 724 1275 causam
743 1235 938 1289 opposuit,
955 1236 1122 1290 speciem
1141 1235 1349 1275 honestatis
1370 1249 1495 1289 neque
1513 1235 1768 1289 probabilem,
1789 1248 1863 1273 ne-

450 1316 528 1355 que
547 1302 633 1340 satis
653 1302 845 1341 idoneam.
878 1302 1057 1341 Peccavit
1077 1303 1210 1355 igitur,
1228 1315 1321 1356 pace
1340 1302 1400 1341 vel
1420 1302 1596 1354 Qirini,
1617 1301 1678 1340 vel
1694 1299 1862 1340 Romuli

450 1368 630 1407 dixerim.

506 1435 595 1473 Nec
627 1443 756 1472 tamen
788 1433 921 1471 nostra:
951 1433 1064 1472 nobis
1098 1434 1284 1472 utilitates
1315 1433 1538 1473 omittendae
1571 1433 1672 1478 sunt,
1702 1431 1862 1484 aliisque

450 1500 654 1545 tradendae,
685 1513 778 1538 cum
798 1498 860 1537 his
879 1499 948 1552 ipsi
969 1512 1149 1552 egeamus
1167 1515 1176 1537 :
1208 1499 1270 1538 sed
1289 1500 1362 1538 suae
1381 1501 1525 1553 cuique
1545 1499 1720 1543 utilitati,
1755 1498 1863 1550 quod

450 1567 526 1605 sine
557 1565 711 1604 alterius
743 1565 883 1617 injuria
901 1564 982 1610 fiat,
1013 1565 1254 1604 serviendum
1281 1565 1352 1604 est.
1399 1566 1501 1604 Scite
1532 1564 1786 1618 Chrysippus,
1817 1573 1864 1603 ut

451 1633 590 1678 multa,
621 1632 703 1684 Qi
723 1631 902 1677 stadium,
937 1632 1083 1685 inquit,
1118 1633 1252 1678 currit,
1283 1633 1378 1671 eniti
1412 1641 1449 1671 et
1469 1632 1700 1671 contendere
1731 1631 1862 1676 debet,

449 1713 569 1752 quam
603 1698 775 1737 maxime
814 1698 941 1751 poffit,
991 1707 1036 1737 ut
1067 1699 1224 1745 vincat;
1270 1699 1512 1752 supplantare
1546 1712 1651 1744 eum,
1696 1698 1862 1751 quicum

450 1775 584 1811 certet,
615 1774 679 1803 aut
700 1778 818 1803 manu
849 1765 1054 1818 depellere,
1085 1765 1195 1804 nullo
1214 1766 1333 1804 modo
1363 1766 1504 1804 debet:
1536 1765 1586 1804 fic
1623 1765 1663 1803 in
1683 1765 1762 1803 vita
1790 1764 1861 1802 fibi

449 1845 645 1884 quemque
678 1841 818 1883 petere,
850 1832 955 1883 quod
990 1833 1178 1885 pertineat
1209 1832 1255 1870 ad
1285 1832 1411 1878 usum,
1446 1846 1525 1871 non
1561 1833 1744 1885 iniquum
1778 1830 1860 1876 est;

451 1897 559 1935 alteri
580 1897 765 1948 deripere,
783 1897 846 1947 jus
868 1910 946 1934 non
966 1898 1032 1934 est.

513 1963 692 2001 Maxime
712 1971 840 2000 autem
861 1963 1135 2014 perturbantur
1167 1963 1294 2001 officia
1327 1963 1366 2001 in
1403 1963 1585 2001 amicitiis
1607 1981 1618 2008 ³
1659 1962 1802 2015 quibus
1823 1971 1861 2001 et

451 2043 528 2068 non
556 2028 752 2073 tribucre,
798 2028 903 2080 quod
938 2030 1036 2066 red’te
1071 2029 1197 2083 possis,
1246 2039 1283 2067 et
1324 2030 1513 2073 tribuere,
1556 2029 1660 2082 quod
1702 2043 1777 2066 non
1818 2028 1863 2066 sit

452 2109 623 2149 rrquum,
654 2103 787 2133 contra
817 2094 993 2132 officium
1025 2095 1091 2133 est.
1139 2096 1212 2134 Sed
1244 2094 1359 2148 hujus
1395 2096 1544 2149 generis
1581 2096 1714 2139 totius,
1748 2095 1863 2133 breve

450 2172 488 2200 et
510 2175 586 2200 non
608 2160 767 2199 difficile
787 2170 1024 2214 praeceptum
1043 2161 1110 2199 est.
1154 2162 1253 2213 Qae
1284 2163 1390 2200 enim
1421 2162 1601 2200 videntur
1632 2161 1754 2206 utilia,
1787 2160 1862 2199 ho-

451 2242 576 2272 noreS,
617 2227 775 2272 divitiae,
812 2227 1044 2281 voluptates,
1076 2237 1210 2266 caetera
1243 2229 1391 2281 generis
1426 2228 1610 2281 ejusdem,
1647 2227 1730 2266 hacc
1760 2227 1862 2265 ami-

450 2295 550 2332 citirc
583 2307 784 2345 nunquam
815 2295 1081 2346 anteponenda
1111 2294 1212 2333 sunt.
1256 2297 1310 2333 At
1337 2309 1460 2347 neque
1480 2304 1613 2333 contra
1644 2293 1861 2346 rempubli-

451 2374 552 2404 cam,
587 2373 710 2411 neque
731 2370 863 2397 contra
878 2361 1151 2412 jusjurandum
1183 2374 1225 2399 ac
1247 2360 1378 2405 fidem,
1403 2360 1519 2398 amici
1551 2359 1671 2403 causa,
1703 2359 1760 2396 vir
1787 2359 1860 2396 bo-

452 2441 524 2465 nus
546 2425 686 2470 facict;
722 2439 766 2463 nc
799 2426 822 2463 si
839 2426 959 2478 judex
981 2427 1143 2479 quidem
1168 2427 1240 2465 erit
1260 2426 1306 2464 de
1329 2426 1408 2479 ipso
1428 2426 1555 2463 amico
1574 2441 1581 2463 ε
1617 2426 1723 2479 ponit
1753 2426 1861 2464 enim

453 2493 651 2547 personam
683 2493 813 2537 amici,
849 2508 940 2531 cum
975 2494 1102 2533 induit
1128 2493 1286 2547 judicis.
1318 2492 1495 2532 Tantum
1527 2493 1633 2530 dabit
1665 2492 1860 2537 amicitiae,

453 2570 495 2598 ut
527 2573 655 2599 veram
686 2560 801 2598 amici
832 2560 983 2600 causam
1014 2561 1085 2601 css‘c
1118 2561 1257 2606 malit;
1289 2570 1325 2601 ct
1359 2570 1401 2599 ut
1428 2560 1576 2598 oranda:
1596 2559 1655 2598 liti
1691 2569 1861 2612 tempus,
