2223 3003
677 199 1278 239 FRAGMENTA.
1616 221 1691 260 399

293 301 347 339 D.
370 301 488 338 Auo.
510 299 572 338 lib.
597 312 679 338 xu-
702 309 781 352 cap.
804 313 841 349 4.
861 296 988 352 ‘st-im]
1011 301 1116 338 Beati
1137 309 1238 339 certe
1258 314 1392 340 omnes
1409 301 1478 340 effe
1498 303 1694 344 volumus.

293 366 414 404 Nox.
437 365 637 418 Differre]
671 366 875 416 Qantum
896 365 996 403 inter
1015 365 1050 403 se
1070 364 1248 405 homines
1268 367 1417 414 studiis,
1448 370 1637 416 moribus,
1659 380 1696 409 et

347 432 457 470 omni
477 432 563 469 vitae
581 431 725 468 ratione
744 430 935 468 differant.

293 497 411 535 Nox.
436 496 719 550 Praefmbi'um]
751 496 860 534 Huic
891 497 1102 535 contradus
1135 498 1262 536 Aristo
1291 498 1430 546 Chius,
1462 501 1695 554 praefraCffls,

252 612 255 614 q
347 562 506 608 ferreus,
527 562 627 601 nihil
647 563 810 606 bonum,
833 561 900 599 nis1
921 563 1026 614 quod
1045 565 1193 601 testum
1213 573 1251 601 et
1271 563 1473 605 honestum
1494 567 1560 606 est.

292 629 346 666 D.
370 630 476 680 Aug.
497 627 539 665 de
558 624 664 665 ‘Tr-in.
685 627 746 665 lib.
768 640 871 664 XIII.
894 636 973 678 cap.
1001 629 1058 680 5.]
1103 630 1206 666 Ecce
1226 639 1355 668 autem
1376 645 1453 669 non
1474 632 1695 687 philosophi

345 695 406 732 illi
421 693 594 746 quidem,
616 692 678 730 sed
697 692 870 744 prompti
891 700 1019 729 tamen
1041 693 1086 730 ad
1106 694 1379 746 disputandum
1395 696 1586 743 homines,
1606 714 1694 738 om-

347 773 412 798 nes
444 760 552 797 aiunt
585 757 657 796 effe
677 758 820 803 beatos,
857 758 926 810 qui
945 758 1088 804 vivant,
1122 769 1165 797 ut
1201 760 1269 813 ipfi
1301 761 1432 800 velint.
1480 764 1635 803 Falsum
1655 767 1695 804 id

346 826 522 878 quidem.
566 824 678 862 Velle
697 825 804 863 enim
824 824 929 876 quod
948 838 1026 863 non
1047 825 1190 871 deceat,
1223 827 1262 864 id
1282 827 1409 879 ipsum
1434 829 1695 870 miserrimum

345 891 398 930 est
415 907 424 930 z
457 905 527 930 nec
562 900 642 929 tam
676 891 860 929 miserum
894 891 960 935 est,
992 905 1069 930 non
1097 891 1267 945 adipisci,
1303 894 1408 946 quod
1440 896 1546 942 velis,
1575 911 1694 949 quam

344 957 502 1011 adipisci
522 957 634 1001 velle,
656 957 761 1010 quod
780 971 857 995 non
878 967 1062 1010 oporteat.

291 1024 440 1062 LAcT.
462 1023 523 1061 lib.
552 1037 584 1061 1.
607 1033 687 1076 cap.
707 1023 770 1076 7.]
800 1023 838 1061 Si
859 1023 965 1062 Deus
987 1037 1084 1062 unus
1105 1023 1171 1069 est,
1192 1024 1278 1077 quis
1300 1025 1430 1065 beatus
1452 1028 1522 1066 effe
1541 1029 1582 1066 in
1602 1029 1692 1068 soli-

344 1089 480 1127 tudine
500 1098 613 1142 queat
630 1090 644 1126 ?

290 1154 409 1194 NON.
429 1156 671 1209 Praecipera]
700 1157 935 1210 Praecipiunt
954 1155 1030 1195 hoc
1049 1157 1122 1203 isti,
1154 1167 1192 1196 et
1211 1156 1304 1196 facit
1325 1172 1453 1198 nemo.

291 1222 440 1260 LAc'r.
473 1222 534 1260 lib.
572 1236 643 1260 111.
676 1232 754 1275 cap.
792 1224 872 1276 16.]
912 1223 1088 1262 Profecto
1116 1225 1243 1263 omnis
1278 1225 1437 1264 istorum
1473 1227 1691 1280 disputatio,

345 1300 568 1340 quanquam
590 1288 803 1326 uberrimos
824 1287 950 1326 fontes
980 1289 1132 1327 virtutis
1152 1299 1189 1327 et
1210 1290 1374 1328 scientiae
1395 1293 1604 1338 contineat,
1635 1304 1692 1332 ta-

344 1366 451 1398 men,
483 1353 622 1391 collata
652 1367 744 1392 cum
764 1353 908 1392 horum
940 1355 1031 1392 actis
1051 1353 1302 1407 perfectisque
1323 1356 1451 1402 rebus,
1486 1371 1616 1396 vereor
1646 1373 1694 1397 ne

344 1417 498 1459 tanturn
516 1419 689 1458 videatur
708 1420 870 1459 attuliffe
890 1421 1054 1473 negotiis
1073 1419 1283 1460 hominum
1310 1423 1502 1474 quandam
1522 1425 1692 1463 oblecta-

345 1494 492 1523 tionem
512 1495 600 1523 otu.

290 1550 410 1589 Nox.
431 1550 631 1603 Lautum]
678 1551 776 1602 Qae
796 1549 848 1587 est
868 1550 987 1603 igitur
1012 1548 1269 1604 philosophia,
1292 1553 1459 1591 Socrates
1479 1554 1492 1591 ?
1528 1569 1598 1593 nec
1618 1556 1692 1594 du-

345 1617 443 1661 bito,
464 1617 574 1670 quin,
595 1629 836 1669 quaecunque
857 1616 914 1661 fit,
937 1617 1088 1655 lautum
1109 1618 1255 1656 victum
1275 1627 1312 1655 et
1330 1619 1558 1672 elegantem,
1580 1636 1690 1675 mag-

344 1682 473 1727 nifice,
493 1695 618 1735 neque
638 1682 769 1720 minus
790 1695 907 1734 quam
924 1682 1087 1727 deceret,
1110 1683 1232 1721 colere
1254 1683 1482 1723 instituiffet.

289 1749 409 1788 NON.
431 1748 472 1787 de
490 1749 603 1788 Doc‘l.
626 1747 720 1802 ind.]
751 1748 844 1786 Vidi
875 1749 916 1786 in
936 1748 1066 1788 dolore
1083 1749 1258 1802 podagrae
1279 1750 1337 1788 vel
1358 1752 1535 1790 omnium
1565 1755 1691 1792 maxi-

343 1829 458 1854 mum
479 1815 698 1854 Stoicorum
719 1815 984 1861 Pofidonium‚
1018 1815 1144 1854 nihilo
1179 1816 1319 1868 ipsum,
1350 1830 1467 1869 quam
1500 1819 1690 1858 Nicoma-

343 1880 465 1919 chum
486 1881 670 1932 Tyrium,
691 1879 883 1934 hospitem
901 1894 1051 1926 meum,
1072 1880 1288 1919 fortiorem.

289 1947 330 1986 N
335 1960 407 1986 ON.
431 1947 654 2000 Sublatam]
685 1947 947 2000 eloquentiam
969 1947 1082 1992 tueri,
1115 1961 1234 2000 quam
1264 1957 1307 1986 tu
1327 1948 1367 1986 in
1395 1950 1547 1996 caelurn,
1580 1952 1690 1991 Hor-

343 2013 450 2059 tensi,
472 2014 600 2058 credo,
618 2023 661 2052 ut
678 2013 756 2066 ipse
775 2027 867 2051 cum
885 2027 927 2051 ea
941 2013 1054 2052 simul
1071 2014 1302 2059 ascenderes,
1320 2013 1532 2053 sustuliffes.

289 2079 407 2118 NON.
429 2079 628 2132 Eventus]
660 2082 726 2119 Tu
743 2094 807 2119 me
834 2090 872 2118 et
891 2080 980 2118 alias
1001 2093 1295 2132 nonnunquam,
1317 2089 1354 2117 et
1376 2081 1490 2132 paulo
1509 2090 1596 2120 ante
1621 2083 1688 2121 ad-

342 2144 515 2183 hortatus
531 2159 585 2190 es,
606 2155 650 2183 ut
669 2146 833 2184 aliorum
849 2145 947 2183 facta
965 2155 1003 2183 et
1022 2155 1154 2183 eventa
1172 2146 1412 2196 conquiram.

290 2210 518 2263 FRONTO.]
550 2211 632 2262 Qi
651 2223 744 2248 cum
761 2210 877 2249 hodie
892 2210 1041 2248 bellum
1058 2224 1150 2248 cum
1167 2219 1321 2249 mortuo
1336 2221 1481 2263 gerant.

290 2277 404 2316 Nox.
429 2277 566 2329 Sumo]
598 2277 727 2328 Qare
761 2277 877 2314 velim
905 2276 984 2313 dari
1017 2275 1131 2321 mihi,
1154 2276 1332 2322 Luculle,
1362 2278 1497 2329 jubeas
1518 2279 1688 2319 indicem

344 2343 592 2395 tragicorum,
616 2352 658 2380 ut
678 2343 839 2387 sumam,
863 2342 887 2380 fi
909 2342 976 2394 qui
997 2340 1095 2379 forte
1116 2341 1216 2380 mihi
1235 2341 1384 2382 desunt.

291 2408 407 2447 Nom.
429 2409 602 2462 Facqſjb]
634 2411 665 2448 F
669 2409 828 2447 aceffant
853 2409 971 2462 igitur
991 2421 1138 2454 omnes,
1161 2410 1228 2462 qui
1245 2409 1379 2448 docere
1399 2410 1499 2449 nihil
1519 2411 1686 2464 poffunt,

347 2487 425 2527 quo
444 2475 583 2514 melius
604 2475 881 2529 sapientiusque
899 2476 1083 2514 vivamus.
