2223 3003
992 242 1223 295 11⁶0]

1066 407 1173 443 DE

622 567 1599 648 LEGIBUS,

739 783 1015 823 LIBER
1072 783 1493 822 TERTIUS.

395 967 400 972 .
419 938 453 976 I.
475 928 814 1062 MARCUS.
838 929 978 980 Sequar
997 927 1130 980 igitur,
1163 937 1206 966 ut
1225 928 1388 974 institui,
1419 928 1597 967 divinum
1623 927 1738 967 illum
1758 929 1818 967 vi-

677 1008 779 1040 rum,
812 1006 931 1047 quem
951 993 1117 1046 quadam
1148 994 1400 1033 admiratione
1419 1004 1655 1039 commotus,
1686 993 1818 1047 saepius

680 1060 830 1100 fortasse
849 1059 977 1105 laudo,
992 1073 1110 1112 quam
1127 1060 1269 1099 necefl‘e
1280 1060 1346 1099 est.
1375 1062 1601 1099 ATT1cus.
1619 1059 1822 1098 Platonem

419 1127 599 1168 videlicet
618 1127 729 1166 dicis.
772 1127 987 1165 MARcus.
1011 1125 1131 1165 Istum
1152 1126 1292 1179 ipsum,
1314 1126 1460 1165 Attice.
1504 1128 1731 1165 ATT1CUS.
1754 1127 1823 1164 Tu

418 1207 509 1233 vero
528 1206 619 1232 eum
650 1206 721 1231 nec
740 1192 858 1231 nimis
878 1191 987 1229 valde
1017 1204 1204 1244 unquam,
1227 1205 1298 1229 nec
1318 1192 1437 1230 nimis
1456 1191 1567 1244 saepe,
1597 1191 1822 1230 laudaveris.

420 1260 530 1299 Nam
549 1257 625 1296 hoc
646 1257 747 1296 mihi
766 1257 883 1295 etiam
900 1256 1017 1295 nostri
1033 1257 1107 1302 illi,
1124 1257 1193 1309 qui
1209 1257 1422 1302 neminem,
1439 1256 1508 1295 nifi
1529 1256 1655 1300 suum,
1677 1255 1822 1295 laudari

420 1324 574 1369 volunt,
613 1322 846 1367 concedunt,
878 1331 922 1361 ut
947 1335 1039 1360 eum
1060 1322 1244 1360 arbitratu
1275 1335 1364 1360 meo
1383 1321 1558 1374 diligam.
1607 1321 1822 1363 MAncus.

420 1391 525 1430 Bene
544 1389 674 1428 hercle
694 1389 855 1427 faciunt.
886 1388 996 1440 Qid
1015 1388 1120 1427 enim
1140 1388 1192 1427 est
1212 1388 1399 1441 elegantia
1425 1398 1489 1426 tua
1505 1387 1688 1440 dignius?
1710 1389 1821 1440 cujus

419 1466 460 1496 et
478 1457 569 1502 vita,
586 1465 623 1494 et
638 1456 759 1494 oratio
776 1453 978 1494 consecuta
998 1454 1097 1493 mihi
1118 1455 1266 1493 videtur
1286 1454 1561 1493 difficillimam
1579 1453 1686 1490 illam
1703 1453 1823 1491 socie-

420 1532 542 1562 tatem
561 1522 755 1575 gravitatis
775 1534 868 1559 cum
888 1519 1142 1559 humanitate.
1174 1522 1404 1559 ATT1cus.
1423 1521 1517 1557 Sane
1536 1518 1698 1572 gaudeo,
1720 1519 1827 1571 quod

420 1599 460 1628 te
479 1587 1058 1642 interpellavi‚quandoquidem
1079 1596 1157 1625 tam
1173 1586 1399 1639 praeclarum
1420 1584 1521 1625 mihi
1540 1585 1826 1638 dedistijudicii

420 1656 480 1694 tui
500 1654 780 1694 testimonium.
828 1654 898 1692 Sed
919 1667 1048 1706 perge,
1069 1664 1112 1692 ut
1132 1666 1312 1707 coeperaS.
1356 1653 1571 1692 MARCUS.
1601 1652 1824 1691 Laudemus

422 1723 541 1775 igitur
560 1723 666 1776 prius
696 1721 821 1774 legem
856 1721 977 1773 ipsam
998 1721 1095 1759 veris
1115 1730 1153 1759 et
1183 1720 1347 1774 propriis
1366 1721 1516 1773 generis
1547 1719 1603 1757 sui
1629 1719 1821 1758 laudibus.

421 1790 652 1827 ATT1cus.
676 1789 769 1825 Sane
789 1787 965 1840 quidem,
986 1787 1082 1825 ficut
1102 1788 1148 1826 de
1169 1787 1400 1840 religionum
1422 1786 1503 1839 lege
1523 1784 1660 1823 fecisti.

468 1854 686 1891 MARCUS.
711 1852 862 1889 Videtis
882 1853 1016 1904 igitur,
1039 1853 1278 1905 magistratus
1299 1852 1397 1891 hanc
1418 1852 1489 1891 effe
1509 1853 1604 1897 vim,
1627 1861 1669 1890 ut
1688 1851 1823 1904 praeiit,

423 1918 714 1973 proescribatque
747 1919 858 1962 reeta,
889 1926 925 1955 et
959 1917 1083 1962 utilia,
1115 1927 1153 1955 et
1187 1919 1390 1969 conjuncta
1420 1931 1513 1955 cum
1543 1917 1706 1969 legibus.
1767 1918 1824 1954 Ut

424 1985 529 2024 enim
552 1983 832 2036 magistratibus
854 1984 970 2036 lege5‚
1002 1984 1053 2022 ita
1073 1984 1219 2037 populo
1240 1983 1402 2036 praesunt
1434 1983 1687 2036 magistratus,
1717 1996 1823 2020 verc-

424 2065 499 2104 que
521 2050 596 2088 dici
633 2049 768 2102 potest,
800 2049 1063 2102 magistratum
1085 2050 1209 2103 legem
1230 2049 1300 2087 esse
1330 2050 1569 2102 loquentem,
1601 2049 1726 2101 legem
1754 2062 1823 2086 au-

424 2127 504 2155 tem
526 2125 682 2154 mutum
704 2114 980 2167 magistratum.
1000 2114 1114 2153 Nihil
1137 2129 1249 2169 porro
1270 2124 1349 2153 tam
1370 2125 1503 2168 aptum
1524 2114 1575 2152 est
1597 2115 1715 2166 adjus
1729 2127 1823 2152 con-

425 2182 691 2234 ditionemque
713 2190 867 2225 naturae,
893 2181 1015 2233 (quod
1036 2195 1128 2219 cum
1150 2181 1250 2225 dico,
1274 2181 1398 2233 legem
1421 2194 1441 2218 a
1462 2195 1524 2219 me
1545 2180 1636 2224 dici,
1659 2180 1823 2232 intelligi

425 2248 530 2298 volo)
565 2261 681 2299 quam
717 2247 953 2299 imperimm
987 2247 1062 2285 sme
1093 2261 1172 2299 quo
1204 2261 1272 2285 nec
1294 2247 1433 2285 domus
1462 2246 1552 2291 ulla,
1587 2259 1656 2284 nec
1676 2245 1823 2288 civitas,

426 2327 493 2352 nec
515 2327 622 2365 gens,
654 2327 721 2351 nec
754 2311 962 2351 hominum
984 2313 1200 2352 universum
1221 2326 1341 2366 genus
1374 2313 1480 2357 stare,
1512 2325 1581 2350 nec
1609 2325 1733 2350 rerum
1757 2325 1823 2348 na-

425 2387 509 2416 tura
529 2378 671 2421 omnis,
708 2391 775 2415 nec
797 2377 872 2430 ipse
894 2379 1062 2417 mundus
1084 2379 1218 2432 potest.
1263 2378 1368 2417 Nam
1389 2388 1425 2416 et
1447 2377 1510 2415 hic
1534 2378 1618 2415 Deo
1640 2386 1755 2430 paret,
1787 2387 1824 2415 et

426 2443 518 2481 huic
539 2443 724 2482 obediunt
748 2444 863 2482 maria
896 2455 1090 2498 terroequc,
1121 2454 1158 2483 ct
1179 2444 1387 2483 hominum
1408 2443 1484 2482 vita
1514 2443 1619 2495 justis
1642 2443 1824 2495 supremae

428 2509 521 2561 legis
543 2510 796 2562 obtemperat.

467 2576 518 2614 11.
543 2577 686 2628 Atque,
709 2585 750 2614 ut
772 2577 816 2614 nd
838 2575 917 2615 hoec
936 2577 1110 2617 citeriora
1129 2578 1294 2623 veniam,
1312 2587 1349 2617 ct
1371 2577 1516 2617 notiora
1536 2577 1672 2622 nobis5
1691 2587 1823 2615 omnes
