2223 3003
696 234 1298 275 FRAGMENTA.
1634 251 1714 293 377

308 329 423 368 Non.
444 330 668 385 Anxitudo.]
699 332 932 385 Qantaque
951 332 1137 372 anxitudo
1155 347 1275 387 prona
1294 333 1340 372 ad
1359 333 1523 382 luctum,
1553 342 1591 373 et
1607 347 1707 374 moe-

362 409 461 443 rens,
482 397 706 451 semperque
725 399 803 451 ipsa
822 399 858 437 se
877 399 1099 439 sollicitans.

243 465 245 467 ’
309 462 428 501 NON.
453 460 575 502 Timor
591 473 628 503 et
648 464 854 519 timiditas]
885 465 972 503 Effe
1001 475 1130 504 autem
1150 479 1289 519 angore
1313 476 1351 505 et
1370 466 1519 506 miseria
1538 466 1708 512 afflietas,

368 537 483 581 atque
503 530 665 582 abjectas
685 530 892 569 timiditate
911 539 949 568 et
967 531 1131 583 ignavia.

311 594 431 634 Non.
454 595 632 648 Elidere.]
667 596 726 634 Ut
757 597 886 649 auriga
916 596 1092 635 indoctus
1117 610 1138 635 e
1171 610 1285 637 curru
1318 597 1495 644 trahitur,
1527 599 1710 652 operitur,

252 666 258 673 ³
364 661 535 706 eliditur,
556 661 733 700 laniatur.

311 725 432 765 Non.
455 725 676 780 Offbndere]
710 726 781 765 Sed
811 725 945 765 imitor
965 726 1181 779 Archytam
1213 728 1488 773 Tarentinum,
1523 729 1591 781 qui
1621 743 1713 768 cum

372 792 419 830 ad
437 792 572 830 villam
591 791 762 838 venisset,
783 802 820 831 et
839 793 971 831 omnia
989 792 1098 831 aliter
1116 792 1344 832 offendisset.

312 857 427 897 NON.
450 857 537 897 urbs
553 873 578 897 a
596 859 782 912 civitate]
805 861 829 885 *
849 873 927 912 quo
947 861 1098 898 auctore
1112 869 1150 898 et
1161 860 1337 913 principe
1355 861 1546 899 vocitatur
1565 861 1711 899 civitas.

314 923 430 963 Non.
451 923 670 977 Modicum]
702 926 833 963 Statuo
866 924 936 963 effe
965 925 1114 979 optime
1144 925 1393 965 constitutam
1419 927 1715 979 rempublicam,

369 1003 469 1042 quae,
490 1003 539 1029 ex
556 990 680 1029 tribus
699 990 904 1043 genetibus
925 991 1017 1036 illis,
1035 991 1164 1045 regali,
1186 992 1353 1045 optimo,
1374 1001 1411 1031 et
1425 992 1601 1045 populari
1621 1005 1716 1031 con-

369 1054 453 1094 fusa
471 1055 638 1101 modice,
674 1069 745 1094 nec
765 1056 964 1109 puniendo
995 1057 1117 1095 irritet
1142 1058 1319 1096 animum
1350 1058 1565 1096 immanem
1595 1070 1638 1095 ac
1657 1056 1718 1094 fe-

371 1133 475 1168 rum,
496 1135 581 1166 nec,
602 1122 733 1161 omnia
750 1123 1095 1174 praetermittendo‚
1117 1123 1275 1162 licentia
1293 1124 1393 1162 cives
1410 1123 1613 1161 deteriores
1634 1122 1718 1161 red-

375 1188 454 1228 dat.

317 1255 371 1294 D.
393 1256 513 1293 Auo.
534 1254 596 1294 lib.
618 1266 668 1292 11.
703 1263 783 1307 cap.
805 1267 869 1293 21.
891 1254 1030 1308 Civz't.]
1063 1257 1120 1294 Ut
1151 1256 1191 1294 in
1213 1255 1370 1302 fidibus,
1402 1269 1444 1294 ac
1471 1255 1577 1294 tibiis
1608 1265 1722 1308 atque

371 1329 489 1360 cantu
509 1320 604 1374 ipso,
636 1333 680 1357 ac
699 1320 859 1358 vocibus
880 1330 1089 1359 concentus
1110 1321 1162 1359 est
1181 1322 1341 1374 quidam
1369 1323 1552 1360 tenendus
1578 1336 1625 1359 ex
1646 1321 1721 1358 dis-

372 1387 503 1427 tinctis
523 1386 638 1431 sonis,
660 1399 778 1438 quem
798 1387 1054 1425 immutatum
1075 1401 1118 1426 ac
1137 1387 1416 1441 discrepantem
1443 1401 1548 1426 aures
1568 1387 1723 1425 eruditae

373 1452 470 1491 ferre
489 1466 568 1491 non
587 1451 754 1504 poffunt,
787 1452 893 1505 isque
916 1463 1127 1492 concentus
1153 1467 1200 1492 ex
1220 1454 1562 1493 diffimillimarum
1581 1467 1724 1492 vocum

376 1518 636 1556 moderatione
655 1529 814 1554 concors
832 1527 960 1554 tamen
981 1518 1148 1555 efficitur
1167 1528 1205 1555 et
1223 1532 1462 1571 congruens;
1486 1520 1535 1558 fic
1555 1534 1601 1558 ex
1618 1520 1723 1558 sum-

376 1577 467 1629 mis,
497 1591 536 1621 et
551 1581 712 1627 infimis,
743 1591 781 1620 et
801 1582 939 1620 mediis
960 1584 1166 1635 interjectis
1183 1584 1396 1630 ordinibus,
1430 1594 1472 1622 ut
1492 1586 1605 1630 sonis,
1637 1600 1724 1623 mo-

377 1650 504 1688 derata
537 1648 684 1686 ratione
716 1648 849 1686 civitas
870 1648 1053 1686 consensu
1087 1648 1433 1689 diffimillimorum
1458 1651 1630 1689 concinit
1645 1671 1656 1697 ς
1689 1662 1727 1690 et

376 1729 463 1769 quae
481 1713 684 1753 harmonia
703 1728 724 1752 a
743 1715 897 1753 muficis
911 1715 1052 1753 dicitur
1071 1715 1112 1753 in
1132 1725 1263 1761 cantu,
1276 1729 1318 1754 ea
1337 1716 1387 1754 est
1401 1717 1441 1755 in
1455 1717 1611 1755 civitate
1630 1731 1726 1756 con-

377 1781 519 1827 cordia,
545 1780 802 1820 arftiffimum
822 1790 936 1834 atque
956 1783 1152 1836 optimum
1173 1783 1283 1821 omni
1302 1783 1343 1822 in
1363 1783 1561 1836 republica
1589 1784 1727 1823 vincu-

377 1848 463 1886 lum
486 1848 782 1893 incolumitatis,
813 1863 898 1901 quae
917 1849 993 1887 fine
1007 1849 1156 1901 justitia
1175 1850 1285 1888 nullo
1305 1851 1416 1903 pac‘to
1436 1850 1506 1888 effe
1524 1851 1660 1903 potest.

324 1915 439 1954 NON.
462 1914 701 1967 Projeaum]
732 1915 886 1966 Justitia
905 1913 1004 1953 foras
1025 1915 1180 1968 spe-stat,
1197 1925 1234 1954 et
1249 1917 1415 1969 projecta
1435 1924 1515 1955 tota
1528 1916 1594 1961 est,
1616 1926 1729 1970 atque

379 1980 539 2019 eminet.

327 2047 442 2085 Non.
464 2047 693 2100 Explicare.]
726 2047 825 2099 Qae
857 2048 977 2086 virtus
997 2057 1132 2101 praeter
1158 2058 1307 2087 caeteras
1330 2059 1450 2088 totam
1472 2049 1507 2087 se
1527 2049 1571 2087 ad
1592 2049 1728 2087 alienas

382 2112 565 2150 utilitates
585 2113 762 2166 porrigit,
784 2122 899 2165 atque
917 2113 1096 2166 explicat.

328 2178 443 2217 NON.
467 2179 683 2231 Exultare]
715 2181 739 2204 ἐξ
761 2192 846 2230 quae
872 2179 1053 2231 sanguine
1073 2180 1201 2223 alitur,
1227 2188 1341 2232 atque
1372 2181 1411 2218 in
1433 2181 1541 2218 omni
1562 2181 1729 2219 crudeli-

382 2254 460 2283 tate
479 2244 530 2283 fic
550 2244 711 2289 exultat,
734 2252 777 2281 ut
796 2244 860 2282 vix
881 2242 1091 2282 hominum
1112 2246 1255 2283 acerbis
1276 2245 1476 2285 funeribus
1498 2246 1663 2285 satietur.

327 2311 444 2350 NON.
467 2311 529 2350 lib.
560 2310 600 2349 de
619 2310 709 2349 dff.
732 2309 930 2364 indagine]
963 2311 1097 2363 Itaque
1127 2313 1302 2365 praeclara
1336 2313 1401 2351 illa
1427 2313 1617 2352 institutio
1646 2315 1730 2353 Ro-

384 2378 484 2416 muli
502 2392 594 2417 cum
615 2378 798 2416 ducentos
819 2392 936 2416 annos
956 2388 993 2416 et
1016 2379 1169 2431 triginta
1189 2378 1266 2417 fere
1286 2380 1399 2419 firma
1418 2380 1618 2420 manfifi‘et.

343 2443 458 2482 Non.
484 2445 664 2498 Viritim.]
695 2447 755 2483 Ac
787 2445 934 2498 primus
956 2459 1078 2498 agros,
1100 2459 1196 2498 quos
1220 2447 1321 2484 bello
1342 2448 1537 2486 Romulus
1567 2456 1730 2500 ceperat,

388 2509 514 2548 divifit
533 2511 680 2549 viritim
701 2511 865 2551 civibus.

417 2576 548 2614 ToM.
582 2577 654 2615 111.
1321 2581 1349 2618 B
1367 2580 1391 2617 b
1412 2579 1437 2617 b
