2223 3003
411 189 464 228 42
704 177 806 216 DE
864 173 1517 214 DIVINATIONE

411 276 570 321 tollunt,
591 275 732 329 quibus
754 276 840 313 vitae
859 274 954 312 ratio
973 274 1205 311 continetur.
1238 273 1309 312 Sed
1327 274 1512 325 quoniam
1533 272 1624 310 dant
1643 272 1805 325 aliquid,

411 341 528 394 idque
548 354 624 379 non
644 353 818 392 parvum,
846 337 1133 375 vaticinationes
1155 330 1253 375 *cum
1273 337 1430 375 somniis
1442 355 1455 381 3
1487 337 1586 374 nihil
1604 337 1671 382 est,
1697 338 1805 389 quod

410 420 500 444 cum
522 405 583 444 his
602 415 831 456 magnopere
850 415 1084 455 pugnemus,
1105 401 1310 454 praesertim
1330 415 1424 441 cum
1444 402 1530 447 fint,
1560 402 1629 454 qui
1643 403 1807 440 omnino

409 471 558 509 nullam
578 469 854 507 divinationem
873 469 1049 520 probent.
1331 473 1334 476 ’

464 537 570 588 Ergo
599 545 639 573 et
669 536 711 580 ii,
741 548 910 587 quorum
939 534 1073 579 animi,
1104 534 1236 587 spretis
1255 535 1495 587 corporibus,
1514 534 1667 573 evolant
1690 543 1808 586 atque

408 610 619 640 excurrunt
637 599 737 639 foras
757 599 887 638 ardore
917 600 1048 652 aliquo
1067 599 1296 638 inflammati
1318 609 1432 652 atque
1451 600 1615 645 incitati,
1643 607 1807 638 cernunt

409 666 477 704 illa
494 665 682 719 profesto,
702 679 788 718 quae
806 666 1056 704 vaticinantes
1076 665 1332 718 praenuntiant
1348 683 1360 710 3
1383 665 1592 718 multisque
1609 666 1722 703 rebus
1741 665 1805 702 in-

408 731 657 770 flammantur
677 731 768 770 tales
787 732 922 776 animi,
939 731 1008 783 qui
1027 731 1252 783 corporibus
1273 744 1350 769 non
1370 730 1558 769 inhaerent
1573 748 1585 775 3
1609 739 1654 767 ut
1673 730 1715 774 ii,
1736 729 1806 781 qui

409 796 502 836 sono
532 797 702 850 quodam
730 809 872 835 vocum
905 805 944 834 et
964 795 1142 848 Phrygiis
1171 796 1348 835 cantibus
1381 797 1604 835 incitantur.
1652 794 1808 832 Multos

409 876 568 902 nemora
586 863 774 915 filvaeque,
795 861 940 900 multos
960 875 1089 900 amnes
1110 871 1175 900 aut
1195 862 1313 900 maria
1328 871 1579 900 commovent
1594 879 1607 906 3
1638 872 1809 913 quorum

409 928 619 968 furibunda
638 942 747 967 mens
773 928 876 966 videt
895 937 982 966 ante
1000 928 1140 973 multo,
1161 942 1247 981 quae
1265 927 1394 967 futura
1413 928 1514 968 sunt.
1560 929 1653 980 Qo
1671 927 1719 965 de
1738 939 1806 979 ge-

409 1008 497 1033 nere
516 995 582 1033 illa
601 995 702 1040 sunt,

547 1061 664 1106 Eheu,
685 1059 828 1100 videte:
845 1059 1035 1111 judicavit
1053 1060 1221 1113 incb‘tmn
1229 1059 1407 1112 judicium

545 1129 653 1166 Inter
670 1126 775 1165 Deas
794 1137 869 1165 tres
886 1126 1015 1179 aliquis
1030 1141 1044 1164 :
1075 1141 1140 1179 quo
1146 1125 1283 1176 judicio
1302 1124 1575 1165 Lacedaemonia

545 1193 700 1235 Mulier,
707 1191 904 1244 furiarum
923 1205 1009 1235 una,
1029 1190 1209 1229 adveniet.

409 1255 561 1295 Eodem
590 1257 694 1294 enim
716 1256 834 1294 modo
854 1256 981 1294 multa
1013 1269 1034 1293 a
1053 1255 1349 1295 vaticinantibus
1378 1255 1472 1309 saepe
1500 1255 1678 1308 praedicta
1705 1255 1807 1301 sunt,

410 1335 533 1376 neque
552 1321 677 1360 solum
695 1322 835 1367 verbis,
857 1321 918 1360 sed
937 1321 1056 1359 etiam

548 1387 718 1439 Verfibu’,
738 1402 822 1440 quos
840 1388 919 1426 olim
938 1388 1074 1431 Fauni,
1096 1389 1264 1441 vate-’sque
1281 1387 1470 1426 canebant.

411 1453 595 1492 Similiter
626 1454 813 1498 Marcius,
845 1462 882 1491 et
910 1453 1110 1491 Publicius
1143 1462 1245 1491 vates
1278 1453 1454 1491 cecinisse
1486 1453 1671 1491 dicuntur
1688 1466 1697 1489 :
1729 1465 1809 1504 quo

409 1519 457 1557 de
475 1533 626 1572 genere,
659 1519 853 1571 Apollinis
873 1528 1005 1571 operta
1024 1518 1169 1572 prolata
1188 1519 1288 1557 sunt.
1335 1519 1463 1558 Credo
1480 1519 1597 1557 etiam
1617 1517 1809 1556 anhelitus

411 1584 596 1636 quosdam
617 1583 725 1622 fuiffe
744 1593 956 1628 terrarum,
978 1584 1122 1636 quibus
1142 1583 1281 1622 inflatae
1301 1593 1451 1622 mentes
1483 1583 1637 1622 oracula
1666 1582 1809 1622 funde-

409 1659 508 1688 rent.

465 1716 535 1754 LI.
568 1715 699 1767 Atque
730 1713 811 1753 haec
831 1714 988 1767 quidem
1010 1724 1142 1752 vatum
1174 1714 1270 1751 ratio
1288 1713 1370 1758 est3
1403 1726 1473 1751 nec
1498 1713 1688 1751 diffimilis
1724 1713 1810 1752 sane

411 1781 666 1820 somniomm.
715 1781 821 1820 Nam
852 1793 938 1832 quae
970 1779 1220 1832 vigilantibus
1252 1779 1432 1817 accidunt
1465 1780 1631 1824 vatibus,
1674 1780 1808 1818 eadem

411 1848 524 1886 nobis
543 1847 840 1885 dormientibus.
866 1845 982 1898 Viget
1001 1846 1107 1883 enim
1127 1845 1278 1884 animus
1300 1846 1338 1883 in
1360 1845 1516 1890 somnis,
1534 1846 1708 1898 liberque
1723 1846 1809 1884 sen-

411 1914 527 1959 fibus,
563 1926 605 1951 ac
634 1914 744 1951 omni
779 1912 1034 1965 impeditione
1066 1925 1258 1957 curarum,
1282 1913 1434 1962 jacente
1465 1922 1504 1951 et
1537 1922 1693 1951 mortuo
1713 1924 1811 1965 pene

412 1993 584 2033 corpore.
608 1979 705 2031 Qi,
726 1978 817 2031 quia
835 1979 933 2017 vixit
954 1979 999 2017 ab
1019 1979 1127 2017 omni
1147 1978 1368 2024 aeternitate,
1390 1978 1627 2031 versatusque
1646 1978 1697 2016 est
1717 1992 1810 2018 cum

414 2045 761 2084 innumerabilibus
782 2045 936 2089 animis.
971 2046 1115 2090 omnia,
1147 2059 1232 2098 quae
1252 2045 1291 2083 in
1324 2055 1455 2083 natura
1472 2058 1598 2083 rerum
1619 2045 1719 2089 sunt,
1749 2046 1810 2083 vi·

413 2112 493 2157 det,
524 2111 549 2149 si
579 2111 696 2149 modo
726 2112 944 2164 temperatis
971 2111 1063 2149 escis
1094 2110 1332 2163 modicisque
1358 2111 1581 2164 potionibus
1604 2112 1653 2149 ita
1672 2111 1725 2149 est
1750 2109 1810 2149 af-

414 2176 550 2222 fectus,
572 2186 614 2215 ut
636 2176 758 2230 sopito
786 2190 943 2230 corpore
964 2177 1040 2230 ipse
1060 2177 1206 2230 vigilet.
1265 2177 1363 2216 Haec
1381 2176 1604 2216 somniantis
1637 2177 1690 2215 est
1709 2176 1809 2214 divi-

415 2244 534 2281 natio.

471 2309 553 2347 Hic
588 2321 726 2361 magna
758 2308 932 2361 quaedam
951 2309 1135 2353 exoritur,
1172 2321 1295 2361 neque
1320 2322 1363 2347 ea
1383 2309 1576 2353 naturalis,
1610 2307 1669 2346 sed
1689 2308 1809 2346 artifi-

414 2373 514 2414 ciosa
544 2374 781 2413 somniorum
804 2374 1041 2428 Antiphonis
1075 2375 1341 2428 interpetatio3
1385 2375 1597 2427 eodemque
1632 2375 1748 2412 modo
1773 2381 1811 2412 et

414 2442 659 2480 oraculorum
679 2450 717 2479 et
736 2441 1067 2479 vaticinationum.
1086 2443 1181 2479 Sunt
1201 2442 1306 2479 enim
1325 2442 1599 2495 explanatores,
1618 2450 1659 2479 ut
1679 2453 1811 2493 gram·

407 2508 548 2548 «matici
561 2517 776 2562 poctarum.
799 2508 905 2548 Nam
927 2518 969 2547 ut
985 2521 1121 2547 aurum
1139 2518 1176 2547 et
1189 2517 1406 2562 argentum,
1426 2522 1488 2554 crs,
1503 2507 1661 2554 ferrum,
1678 2505 1815 2546 frustra
