2223 3003
410 241 462 293 7⁶
701 240 803 278 DE
861 236 1509 276 DIVINATIONE

410 339 578 392 quando,
610 347 674 376 aut
704 351 723 375 a
743 337 883 388 quibus
903 335 1056 372 inventa
1082 334 1286 372 dicemus?
1316 334 1469 372 Etrusci
1496 341 1624 372 tamen
1653 333 1798 373 habent

409 414 605 443 exaratum
636 415 796 455 puerum
827 401 1019 437 auctorem
1050 398 1258 452 disciplinae
1277 399 1362 437 suae.
1403 399 1488 437 Nos
1509 399 1654 451 quem?
1688 400 1797 436 Atti-

411 482 528 506 umne
550 467 748 506 Navium?
781 467 835 504 At
854 465 1001 517 aliquot
1020 465 1126 503 annis
1146 465 1339 517 antiquior
1359 465 1552 503 Romulus
1577 473 1615 502 et
1634 463 1799 507 Remus,

410 533 524 571 ambo
543 545 717 585 augures,
747 541 790 569 ut
809 531 1042 584 accepimus.
1087 531 1150 568 An
1173 530 1395 575 Pisidarum,
1426 539 1491 568 aut
1518 530 1705 573 Cilicum,
1735 536 1804 566 aut

410 597 611 651 Phrygum
632 597 698 635 ista
716 598 868 635 inventa
887 597 1059 634 dicemus
1079 597 1091 633 ?
1114 596 1243 635 Placet
1260 596 1378 649 igitur
1394 595 1643 634 humanitatis
1663 607 1800 648 exper-

409 672 468 703 tes
487 663 626 703 habere
645 663 854 702 divinitatis
873 665 1040 701 austores
1056 663 1068 700 ?

467 731 660 769 XXXIX.
692 731 747 768 At
765 743 897 768 omnes
919 742 1036 782 reges,
1061 729 1210 782 populi,
1236 729 1405 767 nationes
1426 735 1588 767 utuntur
1605 725 1799 779 auspiciis.

413 796 529 849 Qafi
549 809 638 835 vero
657 796 870 848 quidquam
890 796 935 833 sit
955 804 1034 833 tam
1058 794 1178 840 valde,
1199 807 1317 847 quam
1338 793 1437 833 nihil
1458 794 1594 847 sapere,
1614 792 1768 844 vulgare
1784 809 1797 835 ς

410 871 478 901 aut
497 862 599 916 quafi
621 862 692 900 tibi
712 861 779 914 ipsi
810 861 849 899 in
864 861 1075 913 judicando
1093 861 1240 913 placeat
1259 859 1482 898 multitudo.
1519 860 1672 911 Qotus
1693 855 1800 909 quis-

411 930 487 980 que
505 927 570 973 est,
593 928 661 980 qui
680 927 918 980 voluptatem
939 935 1050 979 neget
1068 925 1138 964 effe
1157 926 1306 964 bonum
1323 925 1337 962 ?
1369 925 1545 978 Plerique
1563 924 1678 962 etiam
1694 922 1801 960 sum-

411 1006 524 1031 mum
543 993 692 1032 bonum
721 992 870 1031 dicunt.
920 992 1033 1030 Num
1063 991 1181 1044 igitur
1206 1004 1341 1029 eorum
1360 989 1576 1042 frequentia
1605 987 1723 1027 Stoici
1755 986 1804 1024 de

412 1057 596 1097 sententia
625 1058 891 1096 deterrentur?
922 1065 987 1095 aut
1016 1069 1111 1095 num
1131 1055 1322 1109 plerisque
1350 1055 1391 1093 in
1417 1055 1528 1092 rebus
1547 1054 1717 1105 sequitur
1735 1065 1802 1090 eo-

411 1137 499 1162 rum
519 1125 783 1163 auctoritatem
802 1121 1014 1161 multitudo
1030 1122 1042 1160 ?
1065 1121 1174 1173 Qid
1194 1121 1340 1159 mirum
1359 1120 1490 1174 igitur,
1512 1119 1537 1157 fi
1554 1119 1594 1157 in
1613 1117 1806 1171 auspiciis,

411 1200 450 1228 et
470 1191 510 1229 in
529 1191 639 1228 omni
659 1189 892 1227 divinatione
911 1187 1101 1226 imbecilli
1131 1187 1252 1225 animi
1271 1185 1519 1240 superstitiosa
1543 1185 1610 1223 ista
1628 1184 1805 1237 concipi-

412 1264 505 1300 ant3
536 1268 669 1293 verum
689 1253 870 1306 dispicere
891 1266 968 1291 non
989 1251 1126 1306 poffint
1143 1251 1156 1288 ?

468 1322 567 1374 Qae
586 1328 716 1359 autem
735 1319 787 1358 est
806 1320 905 1358 inter
923 1330 1083 1372 augures
1103 1317 1332 1356 conveniens
1352 1325 1391 1355 et
1410 1308 1612 1369 conjuncta
1628 1315 1805 1354 constan-

412 1387 492 1425 tia?
523 1386 587 1425 Ad
607 1386 722 1425 nostri
742 1385 891 1439 augurii
909 1384 1227 1423 consuetudinem
1247 1383 1346 1422 dixit
1366 1383 1530 1428 Ennius,

551 1453 642 1491 Cum
661 1452 778 1491 tonuit
796 1453 927 1491 laevum
947 1451 1028 1490 bene
1047 1449 1393 1503 tempestatefirena.

413 1522 469 1558 At
485 1519 720 1558 Homericus
740 1519 839 1571 Ajax
859 1517 960 1571 apud
980 1516 1178 1556 Achillem
1200 1529 1360 1569 querens
1389 1515 1435 1554 de
1454 1514 1650 1554 ferocitate
1665 1513 1807 1566 Troja-

412 1598 567 1630 norum,
589 1585 715 1623 nescio
734 1582 829 1636 quid
848 1582 924 1621 hoc
945 1583 1063 1630 modo
1083 1583 1233 1621 nuntiat
1245 1599 1256 1626 ;

549 1649 728 1703 Prcspera
746 1649 903 1702 Jupiter
922 1648 976 1686 his
995 1648 1131 1687 dextris
1135 1647 1346 1701 fulgoribus
1364 1646 1449 1685 edit.

414 1718 472 1756 Ita
491 1716 602 1756 nobis
632 1715 774 1755 sinistra
805 1715 997 1760 videntur,
1028 1714 1156 1766 Grajis
1187 1723 1224 1752 et
1258 1713 1423 1751 barbaris
1455 1712 1598 1755 dextra,
1631 1711 1803 1748 meliora.

415 1784 652 1835 Qanquam
684 1780 787 1819 haud
822 1780 972 1832 ignoro,
1015 1793 1100 1831 quae
1129 1779 1228 1817 bona
1262 1777 1347 1822 fint,
1389 1776 1530 1814 finistra
1566 1788 1633 1814 nos
1668 1776 1805 1819 dicere,

414 1849 558 1886 etiamsi
593 1848 723 1885 dextra
757 1846 841 1884 sint.
888 1845 959 1884 Sed
999 1854 1100 1883 certe
1129 1844 1244 1883 nostri
1274 1843 1461 1882 finistrum
1497 1842 1804 1885 nominaverunt,

415 1913 640 1965 externique
660 1912 853 1956 dextrum,
884 1911 974 1963 quia
1001 1911 1228 1963 plerumque
1249 1909 1386 1946 melius
1409 1908 1446 1945 id
1467 1907 1677 1945 videbatur.
1710 1907 1806 1945 Haec

417 1987 558 2030 quanta
577 1977 747 2015 dissensio
766 1975 817 2014 est
836 1977 848 2012 ?
881 1976 1001 2027 Qid,
1033 1974 1136 2028 quod
1156 1974 1238 2012 aliis
1259 1974 1391 2012 avibus
1421 1982 1593 2016 utuntur,
1623 1972 1706 2009 aliis
1731 1971 1806 2025 sig-

416 2045 506 2082 nis?
537 2044 645 2081 aliter
674 2043 884 2087 observant,
916 2042 987 2079 alia
1019 2041 1271 2095 respondent?
1304 2040 1397 2079 Non
1430 2038 1570 2077 neccsse
1600 2038 1651 2076 est
1683 2037 1806 2083 fateri,

417 2110 555 2163 partim
576 2107 715 2147 horum
735 2121 856 2146 errore
878 2107 1091 2160 susceptum
1112 2106 1196 2151 effe,
1227 2105 1367 2159 partim
1390 2103 1661 2158 superstitione,
1685 2103 1809 2142 multa

417 2175 585 2213 fallendo
603 2174 615 2211 ?

472 2241 560 2279 XL.
593 2241 723 2291 Atque
744 2238 804 2278 his
826 2238 1118 2292 superstionibus
1141 2251 1217 2277 non
1238 2237 1415 2276 dubitasti
1443 2237 1559 2274 etiam
1590 2235 1720 2273 omina
1740 2233 1807 2271 ad-

412 2308 586 2359 jungere.
631 2304 789 2342 AEmilia
821 2303 953 2349 Paulo,
987 2304 1133 2342 Persam
1165 2303 1322 2357 pcrisse;
1355 2302 1458 2355 quod
1481 2311 1583 2354 pater
1608 2312 1720 2338 omen
1743 2313 1806 2336 ac-

418 2371 534 2424 cepit.
577 2370 732 2408 Cri-cilia
754 2369 884 2407 sororis
907 2368 993 2407 filia·
1016 2369 1113 2407 sedes
1136 2369 1214 2406 suas
1237 2368 1391 2406 tradere.
1452 2367 1537 2418 Jam
1561 2365 1638 2409 illa,
1672 2365 1810 2403 Fax-ete

418 2437 560 2489 linguis,
605 2444 641 2473 ct
677 2435 974 2487 przrrogativam,
1009 2449 1121 2473 omen
1157 2434 1406 2472 comitiorum
1426 2451 1435 2475 ς
1481 2431 1555 2469 hoc
1587 2431 1651 2473 cll.
1685 2429 1810 2482 ipsum

418 2503 487 2541 esse
520 2511 650 2540 contra
684 2500 717 2538 sc
749 2501 945 2553 copiosum
978 2510 1014 2538 ct
1034 2500 1230 2538 disertum.
1270 2498 1438 2550 Qando
1457 2499 1561 2536 enim
1586 2496 1649 2533 illa
1679 2494 1807 2533 obser-

419 2581 524 2613 vanS,
559 2567 689 2621 quicto
719 2576 756 2606 ct
788 2566 907 2605 libero
927 2566 1056 2605 animo
1087 2565 1157 2604 css‘c
1176 2564 1332 2619 poteris,
1364 2574 1406 2602 ut
1437 2563 1481 2601 ad
1504 2576 1582 2601 rem
1604 2559 1808 2615 gerendam
