2223 3003
415 212 468 270 56
695 210 805 252 DE
862 208 1515 252 DIVINATIONE

468 313 587 365 Qod
615 311 641 350 fi
661 309 785 349 fatum
804 308 895 353 fuit,
925 307 1028 346 bello
1047 307 1195 346 Punico
1224 308 1391 346 secundo
1422 307 1638 347 exercitum
1668 309 1807 364 populi

412 378 581 418 Romani
600 376 646 414 ad
665 376 792 413 lacum
812 372 1111 411 Thrafimenum
1128 371 1311 418 interire3
1340 385 1439 411 num
1463 372 1506 410 id
1523 373 1635 411 vitari
1661 376 1805 427 potuit,

410 445 438 482 fi
459 441 672 481 Flaminius
692 437 836 477 Consul
866 437 914 476 iis
935 437 1064 490 fignis,
1094 436 1216 490 iisque
1249 436 1440 490 auspiciis,
1474 437 1616 491 quibus
1636 451 1807 491 pugnare

409 506 697 562 prohibebatur,
711 502 886 557 paruifl‘et
901 503 914 539 ?
936 504 1051 542 Certe
1065 503 1207 556 potuit.
1228 504 1313 541 Aut
1329 503 1450 556 igitur
1469 517 1547 542 non
1565 502 1645 543 fato
1659 504 1806 543 interiit

409 573 625 618 exercitus3
647 570 788 610 mutari
806 569 912 608 enim
931 568 1008 608 fata
1026 582 1106 608 non
1123 568 1301 622 poffunt:
1323 578 1388 608 aut
1405 569 1433 608 fi
1453 568 1545 615 fato,
1569 570 1692 624 (quod
1704 579 1807 609 certe

407 640 519 679 vobis
550 639 603 677 ita
633 637 842 676 dicendum
873 635 942 688 est)
976 635 1121 674 etjamfi
1150 635 1442 688 obtemperafl‘et
1474 636 1666 690 auspiciis,
1700 636 1806 676 idem

407 715 636 744 eventurum
657 703 797 742 fuisset.
843 702 926 741 Ubi
944 702 998 740 est
1013 702 1137 755 igitur
1154 701 1339 741 divinatio
1357 702 1425 741 ista
1444 702 1676 748 Stoicorum,
1702 717 1804 756 quae,

408 773 436 812 fi
457 772 537 811 fato
555 771 686 810 omnia
701 769 814 814 fiunt,
825 768 924 807 nihil
938 782 1008 807 nos
1024 768 1228 807 admonere
1246 768 1382 822 potest,
1391 777 1435 807 ut
1449 769 1635 808 cautiores
1655 769 1802 808 fimus?

409 841 581 892 Qoque
593 837 697 876 enim
711 836 828 875 modo
841 849 911 874 nos
923 835 1158 888 gesserimus,
1166 834 1232 874 fiet
1245 844 1373 874 tamen
1388 835 1500 881 illud,
1510 836 1614 889 quod
1626 835 1804 875 futurum

406 905 462 944 est
479 920 488 944 ε
511 905 565 943 sm
584 913 713 942 autem
732 903 773 940 id
791 901 915 956 potest
931 901 1046 947 flecti,
1067 901 1222 940 nullum
1241 901 1294 940 est
1312 900 1437 940 fatum
1455 916 1466 940 ε
1488 902 1540 941 ita
1554 916 1603 941 ne
1617 902 1805 941 divinatio

407 971 583 1024 quidem,
602 969 788 1022 quoniam
816 981 858 1006 ea
877 981 1005 1006 rerum
1030 966 1250 1006 futurarum
1269 967 1336 1006 est.
1372 967 1488 1007 Nihil
1507 976 1637 1007 autem
1655 968 1708 1007 est
1733 981 1805 1021 pro

407 1046 513 1076 certo
531 1035 724 1081 futurum,
745 1034 851 1088 quod
867 1034 990 1087 potest
1008 1034 1136 1087 aliqua
1154 1033 1421 1087 procuratione
1438 1034 1608 1073 accidere
1622 1047 1670 1073 ne
1688 1033 1769 1073 fiat.

454 1105 527 1143 IX.
550 1105 681 1155 Atque
700 1115 772 1155 ego
792 1114 839 1139 ne
858 1100 997 1139 utilem
1013 1100 1172 1153 quidem
1191 1100 1352 1139 arbitror
1370 1099 1442 1138 effe
1457 1099 1569 1139 nobis
1586 1099 1806 1140 futurarum

407 1183 537 1209 rerum
556 1169 768 1208 scientiam.
797 1168 900 1218 Qae
918 1167 1025 1205 enirn
1044 1167 1122 1204 vita
1139 1163 1268 1204 fuisset
1286 1166 1454 1212 Priamo,
1475 1166 1502 1205 fi
1520 1166 1567 1205 ab
1587 1166 1804 1205 adolescen-

405 1236 462 1274 tia
481 1235 613 1280 sciffet‚
645 1246 745 1287 quos
779 1241 937 1271 eventus
957 1232 1160 1270 senectutis
1185 1231 1274 1270 effet
1303 1230 1535 1270 habiturus?
1566 1232 1762 1271 Abeamus
1784 1244 1806 1270 a

407 1300 550 1340 fabulis
569 1315 579 1338 :
601 1299 778 1353 propiora
796 1298 1007 1337 videamus.
1041 1297 1345 1336 Clariffimorum
1366 1296 1573 1336 hominum
1594 1297 1728 1336 nostrae
1746 1297 1806 1336 ci-

407 1367 535 1406 vitatis
556 1364 791 1419 graviffimos
820 1364 946 1402 exitus
967 1363 1006 1401 in
1027 1362 1299 1402 Consolatione
1317 1363 1561 1416 collegimus.
1600 1363 1709 1415 Qid
1728 1363 1806 1416 igi-

406 1433 499 1471 tur?
532 1441 575 1470 ut
595 1431 822 1470 omittamus
842 1429 1063 1482 superiores,
1085 1429 1272 1468 Marcone
1288 1429 1418 1467 Crasso
1436 1439 1546 1482 putas
1567 1429 1662 1467 utile
1679 1427 1804 1473 fuifl‘e,

408 1507 510 1543 tum,
531 1497 622 1536 cum
643 1496 825 1535 maximis
846 1495 985 1548 opibus
1005 1494 1246 1548 fortunisque
1264 1495 1434 1540 florebat,
1452 1495 1558 1539 scire,
1578 1494 1662 1539 fibi,
1684 1494 1804 1532 inter-

408 1564 508 1603 fecto
529 1564 669 1602 Publio
689 1563 784 1607 filio,
813 1562 1062 1614 exercituque
1081 1561 1222 1607 deleto,
1244 1571 1346 1600 trans
1367 1559 1609 1614 Euphratem
1629 1573 1722 1599 cum
1742 1560 1805 1613 ig-

408 1630 580 1669 nominia
600 1638 637 1666 et
657 1629 840 1666 dedecore
859 1627 929 1665 effe
949 1627 1214 1680 pereundum?
1236 1629 1300 1665 An
1322 1628 1398 1665 Cn.
1418 1627 1650 1680 Pompeium
1662 1626 1804 1672 censes,

409 1697 531 1734 tribus
566 1693 640 1732 suis
667 1693 940 1738 consulatibus,
976 1693 1098 1731 tribus
1133 1691 1358 1744 triumphis,
1390 1692 1650 1729 maximarum
1676 1704 1805 1729 rerum

408 1762 542 1815 gloria,
556 1760 772 1799 laetaturum
793 1757 914 1802 fuiffe,
933 1758 957 1795 fi
977 1757 1086 1795 sciret
1101 1756 1136 1794 se
1155 1757 1194 1794 in
1211 1756 1413 1794 solitudine
1429 1756 1703 1809 AEgyptiorum
1721 1765 1804 1794 tru-

408 1828 580 1866 cidatum
602 1826 662 1870 iri,
695 1823 826 1862 amiss‘o
845 1824 1038 1867 exercitu;
1070 1823 1152 1875 post
1172 1832 1340 1861 mortem
1361 1836 1450 1861 vero
1469 1835 1512 1860 ea
1541 1822 1802 1868 consecutura,

409 1907 495 1948 quae
515 1892 591 1932 fine
610 1890 790 1944 lacrymis
807 1902 883 1928 non
902 1888 1097 1942 possumus
1115 1888 1241 1926 dicere
1256 1889 1269 1925 ?

464 1959 575 2011 Qid
595 1971 682 1996 vero
703 1957 889 1996 Caesarem
909 1955 1120 2009 putamus?
1151 1955 1177 1994 s1
1198 1953 1396 1993 divinasset
1422 1953 1517 1999 fore,
1550 1963 1593 1992 ut
1624 1955 1663 1992 in
1683 1967 1728 1993 eo
1747 1954 1803 1992 se-

409 2035 516 2070 natu,
539 2038 656 2078 quem
678 2024 819 2076 majore
838 2036 885 2061 ex
907 2031 1010 2075 parte
1030 2021 1106 2075 ipse
1126 2021 1343 2075 cooptasset,
1372 2021 1410 2059 in
1433 2021 1538 2060 curia
1559 2021 1804 2074 Pompeiana,

409 2101 497 2130 ante
518 2090 631 2144 ipsius
653 2088 828 2142 Pompeii
850 2087 1108 2132 fimulacrum,
1146 2097 1202 2126 tot
1231 2087 1523 2126 centurionibus
1549 2085 1624 2124 suis
1655 2085 1804 2139 inspec-

410 2157 595 2200 tantibus,
617 2170 637 2194 a
658 2154 899 2194 nobiliffimis
919 2153 1084 2198 civibus,
1105 2154 1244 2207 partim
1263 2153 1378 2191 etiam
1399 2165 1419 2190 a
1439 2152 1472 2191 se
1492 2152 1675 2197 ommibus
1692 2152 1804 2190 rebus

408 2223 566 2268 ornatis,
590 2221 799 2260 trucidatus
821 2220 872 2259 ita
896 2221 1051 2273 jaceret,
1085 2229 1128 2258 ut
1147 2219 1192 2259 ad
1212 2221 1292 2272 ejus
1312 2232 1450 2272 corpus
1472 2232 1547 2258 non
1569 2218 1686 2257 modo
1704 2218 1804 2255 ami-

407 2303 560 2334 corum,
584 2288 642 2326 sed
669 2302 714 2326 ne
736 2287 927 2325 servorum
949 2287 1109 2339 quidem
1130 2286 1332 2340 quisquam
1359 2285 1551 2324 accederet
1564 2303 1576 2330 3
1607 2298 1685 2338 quo
1714 2298 1803 2322 cru-

408 2356 512 2395 ciatu
532 2355 650 2393 animi
669 2355 786 2392 vitam
805 2355 978 2392 asturum
1005 2351 1113 2391 fuiffe
1131 2353 1144 2390 ?
1175 2355 1290 2392 Certe
1305 2353 1423 2406 igitur
1443 2351 1631 2405 ignoratio
1651 2350 1804 2390 futuro-

410 2437 497 2463 rum
516 2421 705 2460 malorum
726 2420 857 2458 utilior
875 2419 940 2464 cst,
963 2433 1081 2471 quam
1101 2419 1269 2457 scientia.

482 2488 588 2530 Nam
619 2486 717 2527 illud
751 2486 909 2540 quidem
940 2485 1033 2532 dici,
1077 2485 1284 2540 praescrtim
1314 2498 1335 2523 a
1366 2484 1516 2531 Stoicis,
1553 2485 1660 2523 nullo
1689 2483 1806 2523 modo
