2223 3003
642 272 918 313 LIBER
976 273 1474 314 SECUNDUS.
1687 291 1760 332 143

364 374 401 413 in
421 375 556 419 cadum,
589 375 765 420 Mentem,
803 375 997 420 Virtutem,
1028 375 1222 421 Pietatem,
1243 374 1380 420 Fidem,
1412 389 1600 430 earumque
1618 375 1762 416 laudum

363 440 510 480 delubra
514 441 641 494 ficato.
673 442 752 479 Nec
771 441 844 479 ulla
862 441 1035 479 vitiorum
1043 441 1160 495 sacra
1164 442 1327 494 solennia
1345 441 1504 481 obeunto.

417 508 455 546 F
455 506 538 545 eriis
543 505 676 558 jurgia
693 515 891 549 amovento,
921 507 1043 558 easque
1060 506 1096 543 in
1102 505 1272 558 fizmulis,
1303 506 1463 559 operibus
1473 508 1654 560 patratis,
1689 508 1760 547 ha-

361 571 477 611 bento.
526 573 669 624 Itaque,
704 579 747 608 ut
765 569 820 607 ita
838 569 946 608 cadat
963 570 1001 607 in
1019 571 1149 608 annuis
1167 571 1417 622 amfractibus,
1450 572 1662 625 destrzptum
1681 575 1758 629 esto.

364 639 559 690 certasque
575 637 725 688 fruges,
760 636 942 688 certasque
959 634 1086 673 baccas
1102 635 1309 688 sacerdotes
1333 636 1474 688 publice
1502 638 1637 678 libanto
1651 656 1665 679 :
1696 642 1760 681 hoc

361 703 470 742 certis
487 701 692 754 sacrificiis,
723 715 765 738 ac
784 700 914 738 diebus.
960 702 1118 754 Itemque
1141 701 1227 739 alios
1245 701 1298 739 ad
1323 701 1394 739 dies
1423 702 1622 742 ubertatem
1641 706 1757 752 lactis,

348 769 729 822 faetusquestrvanto.
744 766 794 805 Id
803 766 896 819 quod
909 781 952 804 ne
963 767 1137 806 committi
1144 767 1260 820 poffi't,
1274 767 1327 806 ad
1339 782 1414 806 eam
1428 783 1502 807 rem
1521 779 1557 808 et
1571 771 1757 818 rationem,

361 835 485 888 curlus
501 848 636 873 annuos
639 832 844 887 sacerdotes
847 833 1023 884 finiunto.
1051 835 1210 886 Qcaeque
1227 834 1373 887 quoique
1391 835 1496 874 Divo
1515 835 1649 875 decorce
1662 852 1758 890 gra-

360 911 477 954 taeque
480 901 562 952 sint
581 899 932 953 hostiae,prov1'dento
943 915 957 938 :
988 900 1170 953 Divfiue
1187 901 1266 939 aliis
1284 901 1351 939 alii
1357 901 1575 954 sacerdotes,
1603 904 1759 943 omnibus

360 967 565 1019 Pontifices,
567 967 724 1019 singulis
729 967 896 1020 flamines
899 967 1026 1019 fitnto.
1051 966 1216 1019 Virgines
1230 969 1270 1005 V
1262 967 1377 1019 estates
1395 968 1432 1006 in
1444 968 1532 1007 urbe
1544 969 1760 1022 custodiunto

359 1033 474 1085 ignem
477 1032 564 1086 soci
570 1032 711 1085 publici
711 1033 984 1085 stmpiternum.

413 1099 559 1152 Qoque
576 1099 653 1137 haec
664 1099 848 1151 privatim
866 1108 901 1138 et
913 1099 1054 1153 publice
1070 1099 1164 1138 modo
1184 1100 1329 1153 rituque
1332 1100 1450 1152 fiant,
1466 1100 1622 1155 discunto
1636 1101 1765 1155 ignari

358 1179 382 1203 a
392 1164 548 1217 publicis
551 1163 813 1217 sacerdotibus.
849 1167 986 1204 Eorum
1004 1175 1122 1205 autem
1141 1166 1206 1204 duo
1219 1181 1355 1219 genera
1359 1168 1473 1221 sttnto
1487 1185 1500 1212 :-
1527 1182 1649 1212 unum,
1670 1167 1766 1221 quod

350 1231 480 1283 preess't
499 1231 713 1269 caeremoniis
730 1241 766 1268 et
771 1231 896 1283 sacris
907 1248 921 1270 .·
950 1232 1118 1276 alterum,
1139 1231 1233 1284 quod
1245 1232 1509 1283 interpretetur
1515 1233 1760 1285 fiztidicorum

357 1305 394 1336 et
411 1305 542 1335 vatum
560 1296 673 1350 effata
691 1296 886 1349 incognita,
908 1311 986 1336 cum
990 1299 1145 1350 senatus
1155 1298 1372 1351 populusque
1388 1296 1595 1351 adsciverit.
1629 1300 1759 1337 Inter-

351 1371 474 1415 pretes
493 1371 611 1401 autem
624 1363 739 1416 Jovis
755 1363 882 1416 optimi
896 1363 1044 1401 maximi
1052 1363 1192 1416 publici
1212 1377 1368 1416 augures
1382 1363 1502 1416 signis
1531 1374 1567 1403 et
1596 1365 1759 1418 auspiciis
1803 1369 1808 1373 “

352 1427 469 1480 postea
487 1427 631 1468 vidente
646 1445 661 1467 :
681 1427 895 1482 dfiiplinam
915 1437 1069 1468 tenento.

413 1493 615 1532 Sacerdotes
633 1494 760 1532 vineta
777 1495 1005 1548 virgetaque,
1036 1504 1071 1533 et
1075 1495 1234 1548 salutem
1254 1496 1383 1548 populi
1402 1505 1621 1549 auguranto.
1661 1496 1757 1549 Qi-

358 1571 424 1610 que
441 1568 550 1611 agent
575 1571 650 1596 rem
667 1557 782 1603 duelli,
815 1561 941 1612 quique
961 1560 1182 1612 popularem,
1203 1560 1396 1615 auspicium
1415 1571 1672 1615 praemonento‚
1703 1563 1758 1601 ol-

357 1623 450 1675 lique
478 1623 753 1675 obtemperanto.
798 1626 1053 1677 Divorumque
1072 1625 1148 1662 iras
1162 1627 1390 1676 providento‚
1418 1627 1524 1679 iisque
1542 1636 1754 1679 apparente.

358 1689 516 1743 Caelique
519 1689 684 1741 fulgura
702 1689 900 1741 regionibus
919 1690 1013 1728 ratis
1032 1699 1250 1743 temperante
1263 1707 1276 1729 .·
1307 1690 1507 1744 urbemque,
1527 1701 1563 1730 et
1581 1707 1700 1744 agros,
1721 1701 1757 1731 et

355 1755 488 1807 templa
511 1754 678 1799 liberata,
710 1764 745 1792 et
775 1756 887 1808 effata
915 1755 1066 1794 habento
1080 1772 1094 1794 .·
1125 1770 1270 1809 quaeque
1287 1771 1408 1809 augur
1433 1757 1573 1809 injusta,
1604 1758 1753 1810 nefasta,

355 1820 500 1874 vitiosa,
535 1820 618 1859 dira
636 1819 809 1874 defixerit,
837 1821 951 1860 irrita
969 1821 1285 1874 1'73fi2c7aquefitnto
1297 1838 1312 1861 .·
1342 1822 1469 1876 quique
1486 1837 1554 1862 non
1566 1825 1755 1876 paruerit,

354 1874 508 1939 capitale
525 1885 604 1939 esto.

408 1950 482 1988 IX.
518 1949 721 1995 Faederum‚
742 1951 860 2004 pacis,
887 1950 980 1996 belli,
1009 1951 1233 1990 induciarum
1252 1961 1423 1998 oratores,
1430 1953 1596 2006 feciales,
1614 1953 1756 2005 judices

351 2015 417 2054 duo
422 2017 551 2069 stento.
593 2017 697 2055 Bella
714 2015 943 2070 dfieptanto.
978 2017 1167 2070 Prodigia,
1182 2027 1357 2071 portenta
1374 2018 1426 2058 ad
1439 2020 1612 2072 Etruscos
1629 2029 1665 2058 et
1683 2019 1753 2058 ha-

352 2082 518 2134 ruspices,
524 2082 568 2133 si
569 2083 723 2136 senatus
726 2083 886 2136 juſjerit,
905 2083 1090 2136 deferunto
1107 2098 1120 2119 .-
1151 2084 1377 2137 Etruriaque
1388 2084 1570 2137 principes
1598 2085 1753 2139 discipli—

352 2161 435 2185 nam
453 2146 583 2187 doceto.
623 2148 761 2200 Qibus
777 2149 895 2188 Divis
913 2149 1112 2193 creverint,
1127 2158 1350 2202 procur-anto
1366 2166 1379 2188 .·
1411 2149 1579 2203 iidemque
1589 2151 1754 2204 fulgura

351 2222 461 2266 atque
479 2213 601 2267 obstita
613 2215 755 2267 pianto.
801 2216 996 2253 Nocturna
1014 2215 1198 2254 mulierum
1204 2215 1390 2268 fiecrfficia
1409 2230 1452 2254 ne
1461 2217 1589 2269 sunto,
1609 2226 1754 2269 prater

351 2279 432 2324 olla,
468 2293 548 2332 quae
559 2289 629 2332 pro
640 2280 769 2332 populo
787 2279 859 2318 rite
875 2280 992 2332 fiant.
1039 2281 1144 2319 Neve
1163 2294 1261 2333 quem
1281 2280 1461 2327 initianto,
1493 2282 1561 2334 nisi
1575 2291 1618 2321 ut
1637 2281 1754 2335 effolet

355 2344 492 2390 Cereri,
525 2345 783 2398 Graecosacro.

409 2410 559 2450 Sacrum
589 2411 807 2465 commgffizm,
841 2411 935 2466 quod
949 2426 1057 2466 neque
1081 2411 1382 2464 expiaripoterit,
1417 2414 1521 2466 impie
1547 2413 1752 2467 commffcm

354 2473 400 2526 2ss
411 2491 424 2513 :
445 2477 536 2528 quod
549 2479 692 2530 expiari
708 2479 862 2532 poterit,
875 2479 1016 2532 publici
1016 2477 1221 2532 sacerdotes
1239 2479 1416 2531 expianto.
1453 2479 1570 2518 Ludis
1581 2480 1748 2533 publicis,

353 2539 447 2592 quod
447 2540 528 2590 stne
545 2543 722 2582 curriculo
741 2553 777 2583 et
791 2545 873 2596 fine
891 2545 1086 2584 certatione
1109 2553 1293 2595 corporum
1299 2543 1390 2595 fiat,
1415 2545 1623 2598 popularem
1651 2545 1749 2582 larti-

353 2605 441 2645 tiam
460 2605 497 2645 in
516 2616 628 2648 cantu
655 2617 692 2648 et
707 2609 858 2662 fidibus,
879 2619 915 2650 et
943 2610 1041 2650 tibiis
1069 2608 1297 2655 moderatum
1334 2611 1476 2665 eamque
1504 2624 1582 2651 cum
1601 2609 1750 2649 Divom
