2223 3003
465 230 555 272 286
868 227 975 267 -DE
1045 225 1474 268 OFFICIIS

605 328 715 380 Cuju'
733 326 802 380 ipſs
813 325 996 379 princeps,
1009 324 1362 378 jurijurandisuit,

606 393 713 446 Qod
726 391 965 444 ontnesstitis,
972 391 1073 444 solus
1091 391 1245 444 neglexit
1249 391 1373 444 fidem.

606 461 749 499 Furere
765 457 983 510 qfflmulavit
993 475 1006 502 ;
1036 472 1079 496 ne
1097 458 1221 503 coiret,
1243 458 1386 511 institit.

605 523 713 576 Qod
724 524 765 562 ni
781 522 984 562 Palamedis
994 524 1184 577 perspicax
1196 523 1395 577 prudentia

605 590 712 643 Istius
723 590 906 642 percepset
923 589 1132 643 malitiosbm
1150 589 1348 634 audaciam,

608 658 644 695 F
646 655 698 694 ide
702 657 897 709 shcratum
904 655 970 707 jus
982 664 1156 709 perpetuo
1160 656 1330 709 fhlleret.

469 724 536 764 Illi
555 736 645 761 vero
676 735 752 760 non
783 721 900 760 modo
930 735 1024 760 cum
1055 721 1243 767 hostibus,
1274 722 1544 760 verumetiam
1562 735 1655 760 cum
1677 721 1876 767 fluetibus,⁴

469 790 510 828 id
531 788 636 842 quod
655 787 762 832 fecit,
783 787 967 825 dimicare
987 787 1127 825 melius
1147 787 1237 832 fuit,
1251 801 1370 840 quam
1386 787 1549 826 deserere
1570 787 1875 826 consentientem

471 855 665 895 Graeciam
685 853 731 891 ad
751 852 899 890 bellum
919 852 1086 890 barbaris
1107 851 1367 891 inferendum.

499 921 570 959 Sed
591 919 835 957 dimittamus
855 926 894 955 et
913 916 1075 961 fabulas,
1089 926 1127 955 et
1141 926 1320 956 externa:
1344 917 1390 956 ad
1409 931 1491 956 rem
1509 918 1662 964 factam,
1684 918 1874 957 nostram·

469 999 544 1039 que
565 985 776 1023 veniamus.
808 983 872 1021 M.
888 982 1034 1021 Atilius
1051 983 1241 1036 Regulus,
1258 997 1350 1022 cum
1363 984 1509 1022 Consul
1530 984 1672 1022 iterum
1684 984 1725 1022 in
1740 982 1877 1022 Africa

469 1066 517 1091 ex
535 1051 682 1089 insidiis
702 1059 836 1104 captus
857 1049 966 1094 effet,
980 1049 1078 1089 duce
1098 1050 1297 1104 Xantippo
1315 1050 1626 1095 Lacedaemonio,
1645 1051 1878 1102 imperatore

469 1126 599 1156 autem
616 1125 724 1170 patre
745 1115 951 1154 Annibalis
972 1115 1211 1162 Hamilcare,
1226 1117 1377 1169 juratus
1397 1115 1530 1154 mifl‘us
1550 1115 1603 1154 est
1622 1115 1669 1154 ad
1688 1114 1876 1160 senatum,

469 1193 527 1228 ut,
549 1183 618 1222 nisi
638 1182 778 1221 redditi
796 1181 914 1221 effent
934 1182 1065 1221 Poenis
1085 1183 1228 1236 captivi
1259 1182 1407 1221 nobiles
1427 1182 1601 1235 quidam,
1634 1181 1774 1221 rediret
1798 1179 1880 1234 ipse

468 1248 762 1301 Carthaginem.
794 1249 847 1293 Is,
868 1261 962 1287 curn
982 1249 1152 1287 Romam
1172 1248 1341 1292 veniffet,
1372 1248 1549 1287 utilitatis
1580 1248 1747 1301 speciem
1766 1246 1877 1284 vide-

469 1315 536 1354 bat
551 1332 563 1359 ;
595 1313 656 1351 sed
676 1327 776 1358 eam,
809 1322 853 1351 ut
872 1327 929 1352 res
949 1313 1128 1359 declarat,
1164 1312 1296 1352 falsam
1311 1314 1498 1366 judicavit
1514 1332 1526 1359 3
1558 1327 1644 1366 quae
1664 1321 1743 1351 erat
1762 1311 1847 1350 talis
1861 1329 1875 1357 5

470 1381 632 1420 Manere
651 1380 691 1417 in
722 1379 858 1432 patria,
880 1379 952 1418 effe
971 1379 1079 1418 domi
1099 1379 1172 1418 suae
1191 1393 1284 1418 cum
1305 1393 1437 1425 uxore,
1459 1393 1553 1418 cum
1573 1379 1729 1425 liberis;
1757 1391 1878 1431 quam

470 1446 732 1485 calamitatem
765 1444 964 1497 accepisset
997 1446 1038 1482 in
1068 1445 1195 1490 bello,
1239 1459 1492 1484 communem
1528 1445 1691 1484 fortuna:
1728 1444 1878 1483 bellicae

464 1512 721 1566 judicantem,
770 1520 897 1549 tenere
937 1509 1143 1548 consularis
1190 1511 1388 1562 dignitatis
1426 1511 1590 1563 gradum
1608 1525 1617 1549 :
1668 1509 1754 1562 quis
1794 1508 1878 1549 haec

471 1586 586 1630 neget
618 1575 689 1615 effe
724 1574 863 1614 utilia?
894 1575 990 1628 quid
1020 1575 1176 1614 censes?
1208 1575 1437 1632 magnitudo
1470 1575 1592 1615 animi
1626 1584 1665 1614 et
1687 1573 1878 1614 fortitudo

470 1653 597 1698 negat.
906 1696 909 1699 Δ

525 1710 699 1750 XXVII.
731 1709 846 1749 Num
876 1709 1149 1764 locupletiores
1170 1710 1308 1765 quaeris
1339 1712 1541 1751 auctores?
1583 1711 1740 1750 Harum
1769 1710 1879 1751 enirn

469 1776 523 1815 est
538 1777 727 1814 virtutum
743 1776 959 1829 proprium,
981 1777 1036 1815 nil
1057 1778 1317 1824 extimescere,
1336 1779 1468 1817 omnia
1482 1777 1652 1817 humana
1671 1776 1876 1830 despicere,

472 1841 586 1886 nihil,
609 1842 714 1893 quod
732 1841 885 1880 homini
905 1843 1075 1881 accidere
1094 1843 1221 1896 poffit,
1243 1844 1529 1883 intolerandum
1549 1853 1695 1898 putare.
1744 1844 1878 1895 Itaque

471 1907 566 1960 quid
600 1906 724 1945 fecit?
757 1908 801 1945 In
833 1907 1007 1946 senatum
1037 1909 1169 1953 venit,
1207 1910 1385 1947 mandata
1418 1910 1617 1962 exposuit,
1651 1909 1878 1947 sententiam

471 1986 520 2011 ne
558 1973 714 2018 diceret,
745 1972 927 2011 recusavit
950 1988 958 2011 ε
1006 1973 1194 2026 quamdiu
1226 1974 1473 2026 jurejurando
1517 1974 1686 2013 hostium
1726 1983 1875 2012 tenere-

470 2048 547 2085 tur,
579 2053 656 2078 non
686 2038 756 2077 effe
776 2038 811 2077 se
837 2038 1062 2079 senatorem.
1121 2042 1254 2094 Atque
1274 2041 1371 2079 illud
1399 2042 1516 2080 etiam
1548 2042 1589 2093 (ὁ
1610 2041 1772 2080 stultum
1800 2039 1876 2079 ho-

470 2106 635 2151 minem,
657 2105 796 2143 dixerit
815 2105 1021 2159 quispiam,
1053 2115 1092 2144 et
1122 2117 1402 2160 repugnantem
1429 2108 1587 2146 utilitati
1621 2107 1736 2159 sumt)
1769 2107 1876 2146 reddi

472 2172 656 2224 captivos,
694 2171 847 2224 negavit
884 2170 955 2209 effe
989 2172 1084 2210 utile
1102 2187 1111 2210 ε
1158 2172 1244 2211 illos
1282 2174 1387 2212 enim
1427 2173 1680 2213 adolescentes
1711 2173 1797 2218 effe,
1838 2183 1877 2212 et

473 2238 593 2276 bonos
615 2238 743 2283 duces,
776 2237 810 2275 sc
833 2239 917 2290 jam
948 2237 1172 2278 consectum
1200 2239 1416 2279 senectute:
1449 2241 1559 2293 cujus
1587 2254 1680 2282 cum
1706 2239 1877 2278 valuiss'ct

473 2305 688 2348 au&oritas,
719 2305 860 2357 captivi
894 2306 1028 2344 retenti
1063 2306 1177 2345 sunt:
1219 2306 1297 2359 ipse
1332 2306 1604 2360 Carthaginem
1634 2306 1773 2352 rediit;
1807 2320 1875 2344 ne-

473 2384 548 2423 que
567 2384 657 2408 cum
685 2370 818 2408 caritas
840 2371 967 2423 patria:
1000 2372 1171 2418 retinuit,
1203 2386 1272 2410 nec
1294 2372 1463 2411 suorum.
1497 2373 1637 2425 Neque
1667 2386 1754 2410 vero
1790 2382 1876 2412 tum

474 2435 685 2488 ignorabat,
719 2435 753 2473 se
780 2436 826 2473 ad
853 2436 1157 2476 crudelissimum
1178 2435 1342 2482 hostem,
1362 2447 1399 2476 ct
1420 2438 1464 2475 ad
1485 2438 1671 2490 exquisita
1691 2437 1878 2490 supplicia

471 2501 660 2556 proficisci
678 2521 688 2547 ;
722 2502 781 2540 scd
796 2503 1068 2555 jusjurandum
1089 2504 1388 2544 conservandum
1408 2505 1578 2557 putabat.
1621 2506 1753 2557 Itaque
1775 2514 1875 2550 tum,

467 2582 565 2608 cum
586 2568 780 2622 vigilando
811 2570 1030 2616 necabatur,
1060 2580 1139 2611 crat
1169 2571 1209 2610 in
1241 2571 1398 2611 meliore
1418 2571 1539 2618 causa,
1572 2585 1692 2626 quam
1711 2571 1737 2610 st
1768 2570 1877 2610 domi
