2223 3003
744 239 1021 280 LIBER
1083 237 1446 278 PRIMUS.
1745 247 1798 292 33·

397 339 662 380 consentiente
693 340 914 377 auctoritate
947 339 1121 377 contenti
1154 352 1231 376 non
1265 338 1427 376 sumus?
1458 337 1546 376 Nec
1571 349 1658 374 vero
1679 336 1796 388 quid-

400 419 520 458 quam
540 405 644 443 aliud
663 404 829 449 affertur,
861 418 929 442 cur
956 417 1011 448 ea,
1042 417 1126 455 quae
1153 403 1254 447 dico,
1287 403 1483 440 divinandi
1513 415 1661 455 genera,
1693 403 1798 439 nulla

402 472 475 510 fint
490 491 502 516 ς
534 471 602 509 nifi
623 470 729 523 quod
748 470 906 507 difficile
933 469 1037 505 dictu
1057 468 1219 512 videtur,
1241 482 1325 519 qua:
1345 470 1530 521 cujusque
1550 468 1796 506 divinationis

402 537 512 581 ratio,
533 550 618 588 quae
637 535 745 573 causa
763 535 822 571 fit.
867 533 976 584 Qid
995 533 1102 569 enim
1122 531 1238 569 habet
1255 531 1456 584 haruspex,
1490 548 1558 571 cur
1578 535 1714 585 pulmo
1734 535 1797 571 in-

402 602 501 640 cisus
521 603 638 638 etiam
656 601 697 637 in
713 599 824 637 bonis
839 598 936 636 extis
952 597 1108 635 dirimat
1129 606 1297 649 tempuS,
1311 606 1348 634 et
1368 597 1533 649 proferat
1553 600 1655 636 diem
1671 600 1682 635 ?
1705 600 1798 651 quid

403 680 536 718 augur,
558 679 627 703 cur
645 679 666 703 a
685 665 816 703 dextra
835 677 984 708 corvus,
1006 677 1027 701 a
1045 663 1188 701 finistra
1206 662 1353 707 cornix,
1380 661 1495 700 faciat
1514 672 1639 701 ratum
1658 665 1670 700 ?
1704 665 1798 715 quid

403 732 627 784 astrologus,
660 745 729 769 cur
746 730 850 768 stella
869 730 991 781 Jovis,
1023 739 1088 768 aut
1107 729 1266 767 Veneris
1287 729 1490 781 conjunfia
1509 743 1600 767 cum
1623 730 1735 767 Luna
1754 730 1800 767 ad

404 806 510 836 ortus
544 809 751 849 puerorum
782 795 950 833 salutaris
979 795 1050 840 sit;
1084 795 1247 839 Saturni,
1274 794 1459 833 Martisve
1478 795 1696 834 contraria?
1732 809 1800 833 cur

405 872 535 900 autem
555 862 662 900 Deus
682 861 915 900 dormientes
936 875 1003 900 nos
1035 869 1203 906 moneat,
1235 860 1436 913 vigilantes
1471 860 1670 913 negligat?
1706 861 1801 913 quid

403 927 543 966 deinde
563 927 680 966 causae
700 928 758 973 fit,
779 941 847 965 cur
867 927 1067 965 Cassandra
1084 926 1214 965 furens
1235 926 1364 965 futura
1379 926 1596 980 prospiciat,
1627 926 1800 965 Priamus

405 993 551 1047 sapiens
571 993 648 1032 hoc
667 995 771 1032 idem
791 993 912 1032 facere
932 1008 1009 1033 non
1030 1003 1144 1046 queat
1161 994 1174 1031 ?

398 1083 401 1085 -
462 1062 546 1099 Cur
569 1060 635 1099 fiat
665 1061 850 1113 quidque,
881 1059 1048 1113 quaeris?
1079 1061 1200 1099 Recte
1224 1060 1386 1099 omnino
1401 1078 1413 1106 ;
1449 1061 1512 1099 sed
1531 1074 1610 1099 non
1630 1073 1733 1099 nunc
1764 1060 1803 1098 id

405 1127 545 1179 agitur.
579 1127 679 1171 Fiat,
711 1139 832 1165 necne
851 1126 930 1172 fiat,
961 1126 1001 1165 id
1021 1127 1217 1179 quaeritur.
1260 1127 1318 1164 Ut
1338 1126 1364 1163 fi
1385 1135 1607 1179 magnetem
1635 1126 1802 1179 lapidem

409 1193 479 1230 effe
497 1193 638 1238 dicam,
660 1193 728 1246 qui
747 1192 892 1231 ferrum
913 1193 958 1231 ad
979 1193 1014 1231 se
1034 1193 1176 1231 alliciat
1206 1201 1244 1229 et
1270 1191 1393 1229 trahat
1408 1210 1420 1236 ;
1452 1193 1654 1237 rationem,
1677 1206 1745 1230 cur
1764 1192 1805 1230 id

407 1258 488 1304 fiat,
524 1259 655 1298 afferre
673 1274 887 1312 nequeam,
919 1259 1001 1298 fieri
1031 1260 1193 1297 omnino
1213 1271 1340 1311 neges.
1379 1258 1498 1308 Qod
1517 1258 1621 1296 idem
1641 1257 1734 1296 facis
1763 1259 1804 1295 in

405 1325 644 1365 divinatione
659 1345 671 1371 3
704 1340 822 1379 quam
842 1335 880 1364 et
900 1326 1093 1364 cernimus
1114 1325 1196 1377 ipfi,
1231 1333 1269 1362 et
1288 1323 1519 1369 audivimus,
1555 1333 1592 1362 et
1623 1323 1803 1376 legimus,

406 1400 446 1430 et
472 1406 493 1430 a
512 1394 682 1446 patribus
703 1393 938 1446 accepimus.
984 1392 1124 1444 Neque
1151 1400 1236 1429 ante
1256 1389 1545 1443 philosophiam⁴
1563 1388 1804 1443 patefactam,

410 1473 496 1511 quae
516 1473 635 1512 nuper
668 1461 822 1498 inventa
841 1459 907 1504 est,
938 1458 1009 1497 hac
1031 1459 1077 1497 de
1109 1472 1147 1497 re
1182 1458 1403 1497 communis
1433 1458 1510 1496 vita
1531 1457 1734 1502 dubitavit,
1769 1465 1807 1494 et

410 1523 537 1576 postea
556 1538 673 1576 quam
692 1524 934 1577 philosophia
963 1524 1152 1577 proceffit,
1184 1538 1299 1563 nemo
1319 1523 1427 1562 aliter
1449 1521 1700 1577 philosophus
1722 1521 1805 1560 sen-

411 1589 471 1634 sit,
492 1591 531 1627 in
553 1604 631 1642 quo
649 1591 766 1629 modo
792 1590 882 1628 esset
900 1591 1115 1628 auetoritas.
1149 1591 1246 1628 Dixi
1266 1590 1312 1627 de
1332 1589 1560 1641 Pythagora,
1587 1590 1634 1627 de
1655 1591 1806 1627 Demo-

411 1656 524 1700 crito,
556 1655 602 1693 de
624 1657 774 1693 Socrate
792 1670 801 1693 ε
837 1657 969 1708 excepi
989 1656 1034 1693 de
1053 1656 1235 1707 antiquis,
1256 1664 1390 1707 praeter
1409 1653 1704 1706 Xenophanem,
1737 1667 1807 1691 ne-

412 1722 592 1760 minem:
630 1721 788 1772 adjunxi
818 1731 983 1758 veterem
1014 1721 1280 1765 Academiam,
1312 1720 1598 1772 Peripateticos,
1632 1721 1805 1760 Stoicos:

413 1800 514 1825 unus
534 1785 701 1825 dissentit
717 1785 923 1838 Epicurus.
946 1785 1054 1836 Qid
1070 1798 1156 1823 vero
1176 1784 1251 1823 hoc
1270 1785 1432 1838 turpius,
1451 1798 1568 1837 quam
1584 1785 1689 1838 quod
1704 1786 1808 1826 idem

413 1853 562 1891 nullam
583 1851 707 1890 censet
726 1851 934 1904 gratuitam
953 1849 1025 1889 effe
1044 1851 1225 1889 virtutem
1242 1851 1255 1887 ?

468 1920 558 1958 XL.
582 1918 681 1970 Qis
702 1917 754 1955 est
773 1927 916 1963 autem,
933 1931 1052 1970 quem
1071 1932 1148 1956 non
1170 1927 1322 1956 moveat
1340 1917 1551 1957 clariffimis
1572 1931 1808 1957 monumen-

413 1986 464 2024 tis
484 1985 612 2024 testata
631 1985 922 2038 consignataque
939 1986 1145 2038 antiquitas
1165 1985 1177 2022 ?
1205 1984 1459 2023 Calchantem
1475 1999 1659 2038 augurem
1680 1985 1810 2024 scribit

414 2052 614 2090 Homerus
634 2051 749 2104 longe
768 2052 980 2103 optimum,
997 2065 1167 2104 eumque
1183 2052 1323 2089 ducem
1344 2050 1515 2089 claffium
1535 2050 1657 2089 fuisse.
1689 2052 1744 2089 At
1759 2051 1809 2089 il-

414 2118 500 2156 lum
520 2117 776 2171 auspiciorum
796 2118 909 2156 credo
930 2118 1099 2163 scientia,
1131 2131 1207 2155 non
1229 2118 1418 2156 locorum.
1452 2116 1741 2169 Amphilochus
1771 2126 1810 2156 et

414 2184 580 2238 Mopsus
601 2185 834 2237 Argivorum
858 2198 961 2237 reges
982 2183 1154 2229 fuerunt,
1182 2184 1242 2221 sed
1262 2184 1379 2223 iidem
1399 2196 1583 2235 augures;
1616 2183 1723 2235 iique
1744 2197 1809 2221 ur-

416 2251 482 2289 bes
502 2251 543 2288 in
574 2265 639 2289 ora
657 2251 850 2289 maritima
871 2250 1020 2288 Ciliciae
1047 2251 1198 2288 Graecas
1227 2249 1494 2287 condiderunt.
1545 2250 1676 2301 Atque
1695 2249 1811 2287 etiam

414 2325 502 2355 ante
521 2316 592 2356 hos
612 2316 872 2370 Amphiaraus
894 2326 932 2354 et
952 2316 1128 2361 Tirefias,
1157 2330 1234 2354 non
1256 2315 1423 2354 humiles
1444 2324 1482 2354 et
1500 2315 1666 2361 obscuri,
1687 2329 1813 2368 neque

416 2395 549 2422 eorum
569 2383 723 2428 similes,
746 2393 789 2421 ut
808 2383 908 2436 apud
927 2382 1102 2421 Ennium
1123 2383 1190 2427 est,

553 2450 699 2502 Qistci
714 2449 861 2503 quaestds
879 2449 1157 2502 caqfiifflasst(
1173 2449 1289 2487 citant
1295 2448 1511 2502 sententias,

419 2511 482 2550 sed
501 2512 593 2550 clari
610 2524 648 2552 et
667 2515 879 2567 praestantes
900 2515 985 2560 viri,
1021 2515 1090 2567 qui
1120 2515 1253 2552 avibus
1285 2524 1322 2552 et
1342 2514 1456 2566 fignis
1476 2512 1666 2551 admoniti
1686 2511 1814 2549 futura

419 2577 623 2616 dicebant:
654 2591 822 2629 quorum
850 2580 897 2618 de
924 2580 1042 2619 altero
1075 2580 1193 2619 etiam
1226 2579 1328 2632 apud
1357 2578 1497 2616 inferos
1519 2579 1716 2615 Homerus
1746 2576 1813 2621 ait,

502 2644 633 2682 T0M.
665 2643 739 2683 111.
1483 2643 1518 2681 Ε
