2223 3003
682 245 786 284 DE
857 244 1334 285 AM1c1T1A.
1632 264 1709 305 343

308 342 471 397 pecunia
503 342 798 397 perspiciuntur,
830 357 948 396 quam
979 343 1053 383 fint
1085 344 1184 383 leves
1203 359 1213 383 :
1258 344 1432 398 quidam,
1466 357 1564 398 quos
1598 359 1712 400 parva

308 423 463 449 movere
497 423 576 448 non
609 410 751 464 potuit,
784 409 1067 462 cognoscuntur
1099 410 1140 448 in
1181 424 1333 464 magna.
1378 411 1445 452 Sin
1479 424 1566 450 vero
1599 422 1711 452 erunt

306 477 428 529 aliqui
448 477 600 530 reperti,
633 477 716 529 qui,
749 475 952 529 pecuniam
974 475 1149 529 praeferre
1169 477 1362 522 amicitiae‚
1388 477 1584 516 sordidum
1609 479 1710 518 exis-

306 543 448 582 timent
460 562 472 589 ς
505 543 573 582 ubi
592 556 655 581 eos
676 543 930 587 inveniemus,
962 543 1030 594 qui
1051 541 1230 588 honores,
1258 544 1512 596 magistratus,
1535 545 1709 599 imperia,

307 610 522 663 potestates,
551 621 642 662 opes
676 608 856 646 amicitiae
890 621 967 646 non
999 617 1231 661 anteponent
1247 627 1259 653 ;
1297 619 1355 656 ut,
1391 623 1484 648 cuni
1517 624 1566 650 ex
1595 612 1711 651 altera

305 685 411 729 parte
429 673 620 728 propofita
637 673 720 712 haec
740 673 826 718 fint,
856 686 903 711 ex
923 673 1038 711 altera
1061 674 1126 725 jus
1153 674 1347 719 amicitiae,
1382 688 1461 713 non
1490 676 1618 715 multo
1644 678 1712 720 illa

306 741 472 781 malint?
494 740 696 779 Imbecilla
712 740 820 778 enim
840 748 973 777 natura
991 739 1043 777 est
1063 739 1109 777 ad
1124 740 1449 778 contemnendam
1470 743 1680 793 potentiam
1698 759 1708 782 :

307 821 425 860 quam
445 807 562 846 etiam
583 807 624 852 fi,
645 807 819 860 neglecta
838 807 1023 852 amicitia,
1053 806 1247 845 consecuti
1268 807 1369 853 sunt,
1396 807 1643 847 obscuratum
1663 810 1711 848 iri

304 873 341 912 se
361 874 606 918 arbitrantur,
627 874 718 926 quia
737 887 815 911 non
836 873 912 911 fine
933 886 1071 925 magna
1091 873 1199 911 causa
1218 874 1263 911 sit
1283 874 1454 926 negledta
1474 875 1657 914 amicitia.

359 941 496 992 Itaque
530 953 625 978 verae
659 940 838 978 amicitiae
868 939 1100 978 difficillime
1134 940 1376 992 reperiuntur
1404 941 1445 978 in
1477 941 1538 986 iis,
1571 942 1639 993 qui
1668 941 1710 979 in

303 1005 532 1052 honoribus,
547 1018 663 1060 reque
683 1007 840 1060 publica
858 1005 1063 1045 versantur.
1080 1007 1162 1045 Ubi
1183 1007 1288 1045 enim
1308 1007 1424 1046 istum
1441 1008 1625 1052 invenias,
1639 1008 1710 1061 qui

303 1071 494 1112 honorem
524 1074 642 1112 amici
671 1083 877 1126 anteponat
907 1073 1000 1111 suo?
1033 1074 1170 1125 Qid?
1202 1072 1283 1112 haec
1304 1083 1348 1111 ut
1366 1074 1562 1119 omittam,
1590 1088 1709 1127 quam

303 1152 447 1192 graves,
463 1153 580 1192 quam
602 1139 779 1178 difficiles
799 1139 988 1192 plerisque
1009 1139 1186 1177 videntur
1206 1138 1471 1178 calamitatum
1487 1139 1706 1178 societates?

303 1205 350 1243 ad
370 1219 478 1258 quas,
495 1219 573 1245 non
592 1205 645 1244 est
664 1205 777 1244 facile
793 1206 966 1251 inventu,
983 1205 1052 1258 qui
1067 1205 1280 1245 descendat.
1303 1206 1540 1259 Qanquam
1556 1206 1712 1247 Ennius

303 1273 403 1310 recte
417 1289 430 1317 ς

441 1337 594 1377 Amicus
612 1346 732 1377 certus
750 1337 786 1376 in
806 1351 846 1375 re
865 1337 1005 1376 incerta
1023 1337 1210 1382 cernitur-³

302 1411 433 1443 tamen
463 1401 546 1442 haec
577 1403 655 1443 duo
685 1403 849 1442 levitatis
885 1412 923 1442 et
953 1402 1190 1442 infirmitatis
1218 1401 1416 1456 plerosque
1441 1401 1677 1443 convincunt
1693 1422 1707 1450 ς

303 1477 368 1508 aut
387 1468 414 1506 fi
433 1468 473 1507 in
493 1469 606 1507 bonis
627 1469 740 1508 rebus
761 1478 1033 1514 contemnunt,
1054 1477 1120 1507 aut
1139 1469 1165 1507 fi
1186 1469 1227 1506 in
1248 1468 1360 1506 malis
1380 1468 1567 1507 deserunt.

356 1534 513 1574 XVIII.
536 1534 618 1586 Qi
639 1534 758 1586 igitur
778 1543 937 1586 utraque
957 1535 996 1572 in
1017 1547 1056 1572 re
1074 1547 1244 1587 gravem,
1261 1533 1512 1578 constantem,
1533 1534 1708 1574 stabilem

303 1600 338 1640 se
358 1601 399 1639 in
419 1600 590 1639 amicitia
608 1599 835 1653 praestiterit,
857 1599 962 1638 hunc
982 1613 1029 1639 ex
1050 1600 1221 1639 maxime
1240 1613 1322 1639 raro
1341 1598 1549 1638 hominum
1570 1613 1708 1652 genere

298 1666 471 1720 judicare
491 1666 691 1712 debemus,
713 1675 752 1705 et
770 1679 867 1719 pene
887 1666 1033 1705 divino.
1080 1667 1390 1705 Firmamentum
1411 1675 1540 1704 autem
1560 1666 1707 1705 stabili-

301 1733 388 1773 tatis
409 1732 706 1785 constantiaeque
725 1733 822 1785 ejus,
859 1746 976 1785 quam
996 1732 1037 1771 in
1058 1732 1229 1771 amicitia
1253 1733 1475 1785 quaerimus,
1508 1731 1602 1771 fides
1628 1732 1704 1771 est:

301 1797 400 1838 nihil
421 1799 527 1838 enim
557 1798 689 1838 stabile
719 1799 786 1843 est,
819 1798 924 1851 quod
958 1797 1125 1837 infidum
1146 1798 1211 1837 est.
1255 1798 1483 1851 Simplicem
1514 1808 1705 1850 practerea,

301 1874 339 1904 et
373 1878 642 1910 communem,
673 1875 710 1903 et
741 1865 1060 1909 consentientem,
1089 1865 1158 1916 qui
1179 1864 1290 1902 rebus
1321 1864 1457 1902 iisdem
1492 1873 1705 1909 moveatur,

300 1931 392 1984 eligi
412 1944 478 1984 par
497 1931 549 1969 est
563 1949 576 1977 ς
609 1945 694 1983 quae
724 1931 856 1969 omnia
886 1930 1079 1984 pertinent
1104 1930 1151 1968 ad
1171 1930 1420 1968 fidelitatem:
1453 1943 1578 1982 neque
1601 1930 1708 1971 enim

301 1998 426 2037 fidum
445 1998 567 2051 potest
587 1997 657 2036 effe
677 1997 885 2051 multiplex
905 1997 1121 2051 ingenium,
1139 2006 1177 2036 et
1198 1997 1410 2036 tortuosum
1427 2012 1435 2035 :
1459 2010 1585 2048 neque
1602 2010 1705 2041 vero,

300 2064 370 2117 qui
390 2077 469 2102 non
488 2063 625 2103 iisdem
645 2065 759 2103 rebus
780 2073 972 2109 movetur,
994 2072 1032 2102 et
1052 2064 1187 2102 natura
1201 2063 1404 2108 consentit,
1426 2071 1489 2100 aut
1506 2062 1619 2106 fidus,
1641 2072 1707 2103 aut

301 2131 444 2170 stabilis
464 2131 586 2183 potest
605 2130 689 2169 effe.

355 2195 594 2236 Addendum
624 2196 761 2233 eodem
787 2195 853 2239 est,
887 2203 930 2232 ut
960 2207 1008 2232 ne
1040 2193 1267 2232 criminibus
1300 2202 1365 2231 aut
1393 2192 1601 2231 inferendis
1635 2194 1704 2232 dc-

301 2263 473 2307 lestetur,
506 2270 571 2300 aut
590 2261 718 2300 credat
738 2259 901 2305 oblatis,
934 2273 1019 2312 quae
1039 2260 1169 2298 omnia
1189 2259 1382 2312 pertinent
1401 2260 1447 2297 ad
1466 2273 1563 2304 eam,
1586 2273 1704 2312 quam

297 2328 532 2380 jamdudum
564 2329 696 2373 εταξὶο,
731 2326 996 2365 constantiam.
1040 2326 1097 2364 Ita
1116 2324 1159 2363 fit
1190 2339 1325 2364 verum
1345 2325 1458 2371 illud,
1491 2326 1595 2378 quod
1626 2326 1703 2366 ini-

301 2394 358 2432 tio
377 2394 473 2440 dixi,
494 2394 722 2439 amicitiam,
758 2393 827 2431 nisi
848 2393 946 2431 inter
967 2392 1102 2438 bonos,
1133 2391 1202 2430 effe
1233 2406 1310 2431 non
1341 2392 1455 2445 posse.
1503 2392 1571 2430 Est
1597 2393 1704 2430 enim

303 2459 397 2498 boni
426 2461 498 2499 viri
529 2462 665 2514 (quem
696 2460 861 2499 eundem
881 2459 1090 2513 sapientem
1123 2458 1213 2496 licet
1244 2459 1386 2510 dicere)
1418 2458 1501 2497 haec
1533 2459 1609 2497 duo
1645 2468 1702 2498 te-

303 2539 391 2566 nere
420 2526 461 2566 in
486 2527 656 2567 amicitia
669 2546 682 2573 3
714 2525 900 2580 primum,
923 2539 970 2564 ne
992 2525 1087 2579 quid
1107 2523 1241 2564 fictum
1260 2524 1318 2571 fit,
1339 2538 1432 2564 neve
1454 2525 1701 2563 simulatum:
