2223 3003
734 292 1257 334 PARADOXA.
1617 311 1698 352 357

292 407 412 447 quam
432 391 540 446 vulgi
560 391 708 446 opinio.
731 392 873 445 Neque
892 405 964 445 ego
984 406 1156 445 unquam
1176 393 1276 431 bona
1291 393 1490 446 perdidisse
1510 394 1650 442 dicam,
1669 397 1696 436 st

292 461 378 513 quis
409 472 525 512 pecus
557 468 621 497 aut
641 458 920 512 supellectilem
944 459 1111 497 amiserit
1125 478 1137 504 ς
1169 473 1294 512 neque
1324 474 1402 499 non
1423 460 1515 514 saepe
1535 462 1697 503 laudabo

292 527 500 579 sapientem
520 526 651 570 illum,
674 525 866 570 Biantem,
898 534 941 563 ut
960 526 1113 578 opinor,
1134 526 1202 578 qui
1223 536 1445 566 numeratur
1463 529 1504 566 in
1524 529 1666 582 septem
1681 549 1694 576 ς

291 595 352 646 cuj
361 607 402 632 us
422 607 514 632 cum
531 592 694 645 patriam
711 591 874 630 Prienen
894 589 1048 643 cepisset
1067 590 1199 636 hostis,
1213 593 1416 645 caeterique
1433 594 1485 632 ita
1503 594 1696 648 fugerent,

292 669 335 698 ut
356 660 481 698 multa
510 658 557 696 de
576 657 652 695 suis
673 657 786 695 rebus
807 657 938 694 secum
957 657 1217 709 asportarent;
1249 671 1342 696 cum
1367 658 1455 697 effet
1475 661 1696 700 admonitus

291 740 311 764 a
331 725 516 779 quodam,
547 732 590 762 ut
621 723 726 761 idem
747 722 825 776 ipse
844 722 1010 769 faceret3
1043 724 1124 776 Ego
1153 738 1253 768 vero,
1285 724 1428 777 inquit,
1453 727 1584 777 facio.-
1614 742 1697 766 nam

291 793 407 832 omnia
425 807 500 831 mea
511 800 621 845 porto
639 804 785 830 mecum.
819 790 891 829 Ille
910 789 993 828 haec
1013 790 1181 828 ludibria
1199 789 1364 829 fortunae
1381 805 1429 830 ne
1455 791 1519 830 sua
1537 793 1698 845 quidem

290 859 454 912 putavit,
475 872 560 911 quae
581 871 651 896 nos
669 857 908 911 appellamus
928 858 1044 896 etiam
1066 857 1181 896 bona.
1213 857 1321 910 Qid
1341 858 1394 896 est
1424 859 1557 912 igitur,
1589 874 1698 912 quae-

290 934 347 964 ret
366 925 520 979 aliquis,
542 925 693 964 bonum
711 925 723 961 ?
751 925 789 963 Si
808 924 904 978 quid
924 926 1023 963 reete
1044 924 1102 970 fit,
1123 933 1162 962 et
1181 923 1350 970 honeste,
1371 934 1408 963 et
1429 939 1520 964 cum
1541 926 1699 972 virtute,

289 992 329 1030 id
350 992 448 1031 bene
468 991 552 1030 fieri
571 1004 658 1030 vere
677 991 821 1030 dicitur
835 1011 848 1037 5
870 1000 921 1037 et,
943 991 1048 1044 quod
1068 993 1231 1037 rectum,
1253 1000 1290 1029 et
1309 990 1529 1038 honestum,
1547 1001 1584 1031 et
1604 1007 1699 1032 cum

288 1059 430 1097 virtute
450 1058 517 1103 est,
548 1058 587 1096 id
604 1058 728 1097 solum
749 1059 887 1112 opinor
907 1059 1078 1097 Bonum.

345 1127 398 1165 ΙΙ.
431 1126 504 1164 Sed
523 1124 605 1163 haec
633 1125 751 1164 videri
771 1125 925 1178 poffunt
955 1125 1186 1171 obscuriora,
1213 1139 1306 1164 cum
1336 1125 1477 1164 lentius
1498 1126 1699 1180 disputan-

289 1201 366 1231 tur.
409 1192 503 1230 Vita
522 1202 637 1245 atque
667 1191 776 1231 factis
797 1192 1018 1230 illustranda
1037 1192 1124 1231 sunt
1144 1193 1389 1231 summorum
1409 1194 1580 1231 virorum
1599 1193 1696 1239 haec,

288 1271 374 1311 quae
393 1258 519 1296 verbis
539 1258 732 1304 subtilius,
765 1272 883 1310 quam
904 1258 989 1297 satis
1010 1258 1076 1304 est,
1105 1259 1289 1312 disputari
1319 1260 1511 1298 videntur.
1556 1261 1700 1312 Qaero

288 1324 395 1362 enim
424 1338 445 1362 a
474 1324 599 1369 vobis,
635 1337 733 1362 num
763 1324 884 1362 ullam
914 1324 1190 1378 cogitationem
1220 1324 1391 1364 habuiffe
1420 1325 1620 1363 videantur
1654 1326 1719 1371 ii,‘

288 1391 356 1444 qui
382 1390 484 1430 hanc
510 1390 796 1444 rempublicam
826 1399 907 1429 tam
942 1390 1117 1444 praeclare
1149 1390 1352 1429 fundatam
1382 1391 1494 1429 nobis
1528 1391 1700 1444 relique-

288 1467 393 1503 runt,
423 1466 489 1496 aut
521 1458 617 1502 auri,
659 1466 725 1496 aut
757 1457 904 1510 argenti
933 1457 980 1495 ad
1009 1458 1220 1502 avaritiam,
1256 1467 1322 1495 aut
1347 1458 1619 1496 amoenitatum
1653 1458 1700 1496 ad

289 1523 606 1566 delectationem,
648 1531 714 1559 aut
746 1522 993 1574 supelle‘ffilis
1023 1522 1070 1559 ad
1103 1523 1273 1567 delicias,
1318 1533 1384 1562 aut
1416 1523 1617 1575 epularum
1651 1523 1700 1561 ad

289 1587 536 1640 voluptates?
568 1586 706 1625 Ponite
738 1596 824 1625 ante
854 1586 986 1626 oculos
1019 1601 1343 1640 unumquemque
1363 1602 1515 1640 regum.
1565 1589 1699 1627 Vultis

288 1666 310 1692 a
327 1653 503 1693 Romulo
521 1653 534 1690 ?
566 1652 682 1691 vultis
702 1652 786 1706 post
815 1652 977 1691 liberam
997 1653 1208 1699 civitatem,
1230 1653 1277 1692 ab
1307 1654 1354 1692 iis
1376 1654 1478 1707 ipsis,
1507 1654 1576 1706 qui
1596 1654 1698 1692 libe-

289 1730 466 1759 raverunt
499 1720 612 1758 eam?
644 1719 801 1771 Qibus
835 1721 989 1758 tandem
1021 1721 1202 1773 gradibus
1233 1721 1429 1760 Romulus
1460 1720 1627 1759 ascendit
1657 1721 1699 1759 in

289 1786 428 1825 caelum
448 1787 461 1823 ?
484 1787 589 1831 iisne,
607 1800 691 1838 quae
712 1786 771 1824 isti
792 1786 892 1824 bona
912 1787 1132 1840 appellant?
1154 1800 1200 1824 an
1222 1787 1333 1825 rebus
1354 1787 1466 1840 gestis
1483 1796 1598 1839 atque
1618 1787 1698 1825 vir-

289 1853 439 1891 tutibus
461 1853 473 1889 ?
506 1852 615 1904 Qid
634 1852 647 1888 ?
676 1853 822 1891 Numae
844 1853 1030 1905 Pompilii
1050 1852 1226 1891 minusne
1244 1862 1366 1905 gratas
1384 1853 1472 1890 Diis
1492 1853 1699 1890 immorta-

289 1917 391 1956 libus
423 1918 626 1970 capedines
646 1930 689 1955 ac
709 1917 846 1956 fictiles
877 1917 1033 1955 urnulas
1053 1916 1175 1962 fuiffe,
1209 1931 1326 1970 quam
1348 1917 1506 1955 filicatas
1533 1917 1699 1956 aliorum

288 1993 448 2037 pateras,
469 1983 730 2021 arbitramur?
764 1984 922 2022 Omitto
950 1984 1146 2037 reliquos;
1179 1983 1266 2021 sunt
1296 1984 1402 2021 enim
1426 1996 1560 2021 omnes
1590 1997 1697 2036 pares

289 2050 390 2087 inter
409 2049 458 2094 se,
479 2058 614 2102 praeter
635 2049 868 2102 Superbum.
904 2048 1071 2088 Brutum
1098 2049 1124 2088 fi
1145 2050 1232 2101 quis
1253 2058 1375 2102 roget,
1397 2049 1492 2100 quid
1512 2049 1630 2100 egerit
1657 2050 1697 2086 in

289 2115 410 2168 patria
440 2115 659 2161 liberanda;
691 2115 717 2153 fi
738 2116 825 2168 quis
857 2116 953 2154 item
984 2115 1152 2167 reliquos
1182 2114 1353 2166 ejusdem
1384 2113 1532 2151 consilii
1561 2113 1697 2159 socios,

290 2181 385 2234 quid
406 2181 667 2234 spectaverint,
698 2182 793 2232 quid
814 2181 931 2219 secuti
952 2181 1051 2224 fint;
1083 2193 1180 2218 num
1201 2179 1287 2230 quis
1306 2179 1453 2224 existet,
1475 2180 1539 2217 cui
1557 2179 1697 2233 volup-

290 2258 360 2293 tas,
382 2249 446 2286 cui
467 2248 622 2291 divitiae,
644 2247 708 2285 cui
730 2247 911 2299 denique,
926 2255 1060 2299 praeter
1079 2245 1255 2284 officium
1274 2244 1384 2284 fortis
1405 2255 1442 2283 et
1464 2247 1594 2298 magni
1611 2247 1697 2291 viri,

291 2314 506 2366 quidquam
537 2312 643 2350 aliud
663 2312 902 2364 propofitum
929 2311 1038 2349 fuiffe
1059 2311 1258 2350 videatur?
1291 2312 1389 2363 Qae
1411 2325 1466 2349 res
1487 2312 1532 2349 ad
1563 2325 1697 2349 necem

293 2379 492 2418 Porsennae
513 2381 560 2418 C.
585 2380 772 2417 Mucium
803 2379 976 2432 impulit,
1011 2378 1086 2416 sine
1118 2378 1195 2415 ulla
1226 2378 1287 2430 spe
1318 2378 1445 2415 salutis
1467 2377 1566 2416 succ?
1599 2380 1697 2429 Qa:

292 2446 348 2483 vis
371 2446 564 2484 Coclitem
596 2455 728 2484 contra
758 2459 893 2484 omnes
915 2445 1084 2483 hostium
1116 2445 1243 2497 copias
1270 2445 1395 2482 tenuit
1426 2446 1467 2482 in
1499 2455 1615 2497 ponte
1637 2445 1696 2481 so-

294 2510 406 2547 lum?
475 2525 529 2548 uae
551 2521 697 2563 patrem
720 2512 904 2556 Decium,
927 2525 1012 2563 quae
1032 2510 1157 2548 filium
1179 2510 1383 2554 devotavit,
1402 2519 1514 2562 atque
1535 2509 1696 2547 immisit

293 2577 333 2615 in
354 2586 510 2615 armatas
533 2575 702 2615 hostium
733 2579 859 2631 copias
880 2578 891 2614 ?
925 2577 1033 2629 Qid
1053 2576 1290 2615 continentia
1316 2577 1364 2615 C.
1389 2575 1570 2620 Fabricii,
1601 2575 1699 2627 quid
