2223 3003
709 294 986 335 LIBER
1049 293 1414 334 PRIMUS.
1680 310 1723 337 21

1735 311 1758 352 5

359 412 444 452 quae
464 397 589 452 turpia
607 397 692 443 fint,
723 398 949 437 nominibus
979 397 1216 451 appellemus
1237 397 1325 436 suis.
1368 396 1619 444 Latrocinari,
1651 398 1759 438 fraun

360 466 459 511 dare,
491 465 706 509 adulterari,
736 478 775 502 re
795 475 905 517 turpe
925 464 977 502 est
993 482 1007 509 5
1037 464 1099 502 sed
1124 464 1266 502 dicitur
1292 477 1370 502 non
1391 464 1596 503 obscoene:
1628 465 1758 505 liberis

358 532 446 569 dare
480 545 648 584 operam,
690 543 728 568 re
757 529 961 568 honestum
995 529 1062 574 est,
1102 530 1261 568 nomine
1290 529 1514 569 obscoenum
1533 546 1541 570 :
1573 532 1760 586 pluraque

358 598 401 635 in
431 611 516 636 eam
546 597 772 636 sententiam
802 595 850 633 ab
882 594 1024 632 eisdem
1054 604 1188 632 contra
1213 596 1481 634 verecundiam
1503 598 1757 650 disputantur.

359 664 445 702 Nos
465 673 593 701 autem
613 670 790 699 naturam
819 660 1033 712 sequamur,
1064 670 1102 697 et
1129 661 1176 698 ab
1207 661 1330 706 omni,
1361 663 1466 713 quod
1500 663 1679 703 abhorret
1711 667 1758 704 ab

359 729 563 767 oculorum
583 727 811 778 auriumque
830 726 1117 778 approbatione,
1134 724 1345 778 fugiamus.

414 795 553 838 Status,
591 791 770 836 incessus,
808 791 926 836 seffio,
959 791 1174 837 accubatio,
1214 792 1359 837 vultus,
1407 791 1530 839 oculi,
1570 808 1760 836 manuum

357 869 502 905 motus,
525 867 678 896 teneant
697 857 797 896 illud
816 857 1015 896 decorum.

413 924 568 977 Qibus
588 924 629 962 in
650 923 763 962 rebus
793 923 870 961 duo
891 924 1061 962 maxime
1080 923 1168 962 sunt
1186 922 1370 977 fugienda
1382 943 1394 970 ς
1425 926 1570 978 nequid
1589 926 1758 967 effoemi-

357 1001 507 1036 natum,
525 1000 590 1029 aut
610 990 753 1035 molle;
786 999 824 1027 et
845 989 990 1042 nequid
1009 991 1165 1036 durum,
1182 1000 1247 1028 aut
1266 991 1453 1030 rusticum
1475 992 1531 1031 fit.
1563 994 1650 1032 Nec
1670 1009 1766 1033 vero⁴

355 1056 606 1096 histrionibus
639 1056 930 1108 oratoribusque
962 1057 1253 1095 concedendum
1292 1057 1362 1102 est,
1402 1068 1444 1096 ut
1477 1059 1523 1096 iis
1558 1057 1639 1097 haec
1673 1070 1760 1114 apta

357 1124 442 1169 fint,
465 1124 576 1162 nobis
596 1122 785 1162 dissoluta.
835 1123 1083 1162 Scenicorum
1104 1124 1263 1176 quidem
1284 1137 1368 1162 mos
1391 1134 1535 1163 tantam
1555 1124 1671 1165 habet
1691 1141 1759 1165 ve-

357 1191 428 1228 teri
449 1190 647 1242 disciplina
667 1188 949 1234 verecundiam,
967 1199 1010 1228 ut
1027 1190 1066 1227 in
1084 1189 1234 1228 scenam
1254 1189 1328 1227 fine
1344 1190 1582 1243 subligaculo
1602 1193 1759 1244 prodeat

355 1269 485 1294 nemo.
516 1257 708 1293 Verentur
723 1255 842 1299 enim,
859 1268 922 1299 ne,
943 1255 1073 1307 fi-quo
1093 1255 1178 1293 casu
1198 1257 1365 1293 evenerit
1387 1266 1429 1294 ut
1448 1258 1615 1310 corporis
1636 1269 1758 1311 partes

354 1321 530 1375 quaedam
560 1321 789 1374 aperiantur,
820 1320 1074 1372 adspiciuntur
1103 1334 1181 1358 non
1214 1321 1362 1359 decore.
1422 1322 1566 1360 Nostro
1597 1324 1758 1376 quidem

357 1401 464 1426 more
484 1401 577 1426 cum
596 1386 818 1440 parentibus
834 1386 998 1439 puberes
1018 1386 1103 1430 filii,
1121 1400 1212 1426 cum
1228 1386 1364 1425 soceris
1379 1388 1509 1440 generi
1530 1402 1607 1426 non
1627 1389 1760 1428 lavan-

356 1461 433 1492 tur.
455 1453 674 1492 Retinenda
690 1453 743 1491 est
762 1453 881 1505 igitur
899 1451 1015 1504 hujus
1035 1453 1182 1505 generis
1203 1454 1442 1499 verecundia,
1459 1454 1667 1507 praesertim
1687 1470 1763 1494 na·—

358 1528 444 1557 tura
460 1519 538 1571 ipsa
556 1519 734 1572 magistra
752 1527 789 1556 et
809 1519 923 1557 duce.

413 1586 604 1625 XXXVI.
639 1586 742 1624 Cum
763 1595 892 1625 autem
913 1585 1215 1640 pulchritudinis
1233 1587 1310 1627 duo
1327 1601 1462 1641 genera
1481 1588 1567 1634 fint,
1589 1601 1764 1642 quorum·

357 1652 399 1690 in
419 1651 538 1691 altero
556 1652 727 1690 venustas
747 1652 806 1697 fit,
828 1654 868 1690 in
889 1654 1007 1690 altero
1027 1653 1191 1705 dignitas
1209 1672 1220 1698 ς
1253 1654 1502 1698 venustatem,
1525 1655 1763 1694 muliebrem

357 1718 495 1756 ducere
515 1719 699 1757 debemus
712 1736 724 1763 ;
757 1718 999 1771 dignitatem,
1031 1718 1196 1757 virilem.
1257 1719 1362 1771 Ergo
1381 1728 1418 1756 et
1445 1733 1464 1757 a
1483 1718 1608 1758 forma
1628 1735 1759 1759 remo-

356 1793 488 1821 veatur
507 1784 634 1822 omnis
654 1783 736 1821 viro
756 1797 833 1822 non
854 1784 993 1836 dignus
1025 1793 1178 1821 ornatus
1195 1802 1206 1829 ς
1238 1794 1276 1821 et
1300 1783 1392 1822 huic
1415 1784 1537 1822 fimile
1556 1786 1696 1824 vitium
1715 1788 1758 1825 in

355 1849 463 1902 gestu
497 1859 686 1902 motuque
719 1859 906 1887 caveatur.
953 1850 1060 1888 Nam
1094 1859 1132 1887 et
1164 1849 1364 1902 palaestrici
1397 1860 1528 1889 motus
1548 1851 1640 1904 saepe
1669 1853 1759 1891 sunt

357 1915 589 1961 odiofiore53
621 1925 658 1954 et
677 1914 910 1953 histrionum
930 1914 1110 1952 nonnulli
1139 1915 1264 1967 gestus
1295 1916 1419 1967 inepti
1445 1930 1522 1954 non
1543 1926 1677 1955 vacant
1694 1918 1758 1956 of-

356 1980 524 2018 fenfione
538 1999 551 2026 3
582 1990 620 2018 et
639 1981 679 2018 in
701 1989 865 2032 utroque
884 1993 1036 2033 genere,
1057 1994 1142 2033 quae
1163 1980 1250 2018 sunt
1270 1982 1367 2018 recta
1385 1990 1423 2019 et
1443 1982 1644 2035 simplicia,
1671 1985 1757 2022 lau-

356 2047 507 2085 dantur.
545 2047 577 2085 F
579 2060 697 2086 ormae
716 2056 847 2085 autem
866 2047 1046 2099 dignitas,
1067 2046 1207 2102 coloris
1228 2047 1397 2085 bonitate
1419 2049 1560 2086 tuenda
1578 2049 1630 2087 est
1645 2069 1656 2095 ς
1688 2063 1761 2089 co-

355 2113 427 2157 lor,
459 2113 796 2151 exercitationibus
817 2113 1002 2165 corporiS.
1033 2111 1267 2151 Adhibenda
1296 2113 1349 2151 est
1368 2123 1543 2166 praeterea
1565 2116 1758 2154 munditia

356 2192 434 2217 non
454 2179 595 2224 odiosa,
626 2193 750 2232 neque
769 2180 956 2232 exquisita
974 2180 1091 2217 nimis
1108 2197 1120 2223 ;
1153 2177 1304 2217 tantum
1325 2193 1409 2230 quae
1429 2179 1552 2232 fugiat
1572 2182 1756 2234 agrestem

356 2254 394 2282 et
415 2243 668 2283 inhumanam
689 2245 981 2297 negligentiam.
1026 2244 1171 2281 Eadem
1192 2245 1288 2281 ratio
1306 2244 1359 2281 est
1377 2243 1552 2283 habenda
1572 2247 1724 2287 vestitus
1741 2267 1753 2294 3

355 2311 396 2348 in
416 2325 494 2364 quo
517 2311 630 2363 (ficut
648 2312 688 2348 in
709 2310 898 2363 plerisque
913 2310 1042 2361 rebus)
1065 2310 1306 2348 mediocritas
1327 2312 1476 2363 optima
1495 2312 1561 2351 est.

411 2378 639 2415 Cavendum
674 2377 726 2415 est
756 2386 899 2421 autem,
931 2389 978 2414 ne
1007 2386 1072 2413 aut
1107 2376 1346 2414 tarditatibus
1373 2387 1528 2416 utamur
1560 2379 1599 2418 in
1633 2381 1762 2434 greffir

356 2442 615 2488 mollioribus,
637 2454 680 2481 ut
699 2457 931 2496 pomparum
951 2441 1106 2480 ferculis
1127 2441 1268 2480 similes
1287 2442 1358 2480 effe
1375 2444 1586 2491 videamur,
1618 2458 1682 2485 aut
1714 2449 1753 2486 in

357 2506 661 2548 festinationibus
687 2509 935 2562 suscipiamus
970 2509 1107 2546 nimias
1142 2508 1380 2553 celeritates;
1412 2523 1497 2562 quae
1527 2525 1616 2549 cum
1640 2513 1752 2557 fiunt,

356 2571 546 2611 anhelitus
566 2585 783 2620 moventur,
814 2575 944 2613 vultus
965 2584 1176 2618 mutantur,
1198 2587 1260 2611 ora
1281 2584 1522 2627 torquentur,
1544 2591 1590 2615 ex
1611 2579 1752 2630 quibus

356 2652 493 2692 magna
512 2639 738 2694 significatio
767 2640 825 2686 fit,
848 2654 925 2679 non
951 2639 1070 2679 adess'e
1090 2640 1354 2680 constantiam.
1400 2642 1471 2680 Sed
1491 2643 1616 2681 multo
1636 2644 1754 2682 etiam
