2223 3003
737 239 840 278 DE
909 240 1383 280 AMrc1T1A.
1686 259 1761 298 337

361 337 556 391 Improbis
587 345 716 376 autem
747 351 860 391 poena
885 338 1079 378 statuenda
1109 340 1188 385 est;
1220 353 1289 378 nec
1323 353 1410 377 vero
1442 339 1570 377 minor
1600 338 1661 383 iis,
1693 340 1761 391 qui

362 403 481 442 secuti
500 412 612 455 erunt
631 404 809 449 alterum,
831 418 949 456 quam
969 405 1030 449 iis,
1062 405 1130 457 qui
1149 405 1215 458 ips1
1237 404 1380 443 fuerint
1400 405 1608 458 impietatis
1627 404 1757 442 duces.

361 469 462 520 Qis
483 469 619 507 clarior
638 470 678 507 in
699 469 848 507 Graecia
868 468 1133 508 Themistocle
1151 470 1163 505 ?
1195 471 1281 522 quis
1302 471 1522 523 potentior?
1554 469 1638 523 qui,
1669 483 1761 508 cum

360 534 567 588 imperator
586 535 689 573 bello
709 533 857 572 Persico
877 534 1055 572 servitute
1076 535 1269 572 Graeciam
1299 535 1498 580 liberasset,
1529 545 1761 588 propterque

360 600 547 639 invidiam
577 601 617 638 in
637 599 800 638 exilium
825 599 956 652 pulsus
990 599 1093 644 effer,
1124 601 1278 652 ingratae
1307 602 1435 652 patrize
1468 602 1647 652 injuriam
1682 615 1761 640 non

360 666 466 711 tulit,
489 679 607 718 quam
627 664 723 703 ferre
743 665 892 702 debuit.
935 665 1046 702 Fecit
1067 665 1184 710 idem,
1218 666 1323 717 quod
1346 680 1402 704 xx
1426 667 1532 704 annis
1554 677 1639 705 ante
1659 668 1760 720 apud

358 744 427 769 nos
448 730 588 769 fecerat
609 730 850 769 Coriolanus.
893 730 970 769 His
991 731 1141 783 adjutor
1161 740 1294 769 contra
1318 732 1481 784 patriam
1501 732 1678 772 inventus
1708 734 1761 772 est

357 810 497 835 nemo:
528 798 658 849 itaque
678 806 844 835 mortem
861 796 931 835 fibi
951 806 1112 850 uterque
1131 796 1330 836 conscivit.

405 864 535 915 Qare
555 863 640 901 talis
660 863 929 915 improborum
951 863 1143 903 consenfio
1163 878 1241 902 non
1264 864 1382 903 modo
1401 864 1640 904 excusatione
1659 867 1759 904 ami-

356 928 456 967 citiae
478 929 638 982 tegenda
655 942 732 967 non
752 929 818 974 est,
853 928 913 967 sed
932 929 1061 981 potius
1082 930 1192 968 omni
1212 929 1403 982 supplicio
1430 930 1680 976 vindicanda;
1717 941 1760 969 ut

357 1008 405 1033 ne
425 995 511 1048 quis
532 995 599 1033 fibi
620 995 838 1034 conceffum
858 1004 981 1048 putet,
1013 996 1201 1041 amicum,
1233 995 1292 1034 vel
1324 995 1472 1034 bellum
1502 998 1632 1049 patriae
1656 996 1758 1035 infe-

356 1070 521 1106 rentem,
543 1061 674 1114 sequi:
706 1061 811 1113 quod
846 1061 1019 1113 quidem,
1053 1070 1096 1099 ut
1127 1075 1184 1100 res
1214 1061 1334 1114 coepit
1353 1062 1421 1106 ire,
1453 1062 1557 1100 haud
1587 1062 1678 1107 scio,
1712 1075 1758 1100 an

356 1127 562 1181 aliquando
581 1127 761 1166 futurum
781 1128 838 1167 sit.
871 1127 980 1166 Mihi
999 1137 1128 1166 autem
1160 1142 1238 1168 non
1259 1129 1401 1167 minori
1427 1142 1527 1167 curae
1546 1129 1612 1173 est,
1635 1130 1757 1182 qualis

355 1194 570 1247 respublica
589 1194 671 1247 post
691 1204 860 1233 mortem
879 1207 1007 1233 meam
1027 1193 1157 1233 futura
1175 1195 1233 1240 fit,
1251 1209 1368 1248 quarn
1390 1195 1513 1247 qualis
1535 1194 1649 1233 hodie
1669 1195 1728 1234 sit.

408 1260 524 1299 XIII.
558 1261 655 1298 Haec
677 1261 796 1312 igitur
815 1261 940 1314 prima
968 1260 1030 1298 lex
1050 1261 1230 1299 amicitiae
1251 1260 1449 1305 sanciatur,
1483 1270 1526 1298 ut
1550 1261 1596 1299 ab
1624 1261 1757 1300 amicis

353 1323 509 1365 honesta
526 1335 717 1380 petamus,
738 1327 953 1365 amicorum
973 1325 1082 1365 causa
1101 1326 1257 1365 honesta
1276 1325 1474 1364 faciamus.
1498 1327 1562 1365 Ne
1580 1329 1756 1379 expetite-

353 1405 442 1432 mus
473 1392 646 1445 quidem,
679 1392 775 1431 dum
803 1406 1010 1446 rogemur:
1042 1392 1214 1431 studium
1245 1392 1394 1445 semper
1422 1392 1529 1436 adsit,
1565 1394 1758 1431 cunetatio

352 1457 459 1497 absit.
481 1458 699 1497 Consilium
719 1472 808 1497 vero
831 1459 918 1497 dare
936 1459 1169 1511 gaudeamus
1190 1458 1323 1496 libere.
1356 1457 1577 1496 Plurimum
1597 1458 1638 1495 in
1657 1459 1756 1496 ami-

354 1524 445 1563 citia
465 1523 681 1562 amicorum
712 1523 809 1561 bene
830 1524 1070 1562 suadentium
1091 1524 1212 1562 valeat
1242 1524 1468 1562 auctoritas:
1499 1537 1619 1576 eaque
1645 1523 1756 1562 adhi-

355 1591 489 1629 beatur
508 1589 553 1627 ad
574 1589 814 1628 monendum
841 1603 916 1628 non
937 1590 1055 1628 modo
1075 1599 1214 1643 aperte,
1245 1589 1306 1628 sed
1331 1589 1447 1628 etiam
1467 1590 1614 1634 acriter,
1642 1590 1668 1628 fi
1700 1604 1755 1629 res

352 1656 561 1710 postulabit
573 1674 585 1701 3
616 1665 655 1694 et
674 1655 855 1695 adhibitae
875 1666 1060 1709 pareatur.

408 1723 516 1762 Nam
549 1721 799 1776 quibusdam,
835 1736 930 1775 quos
965 1723 1079 1761 audio
1113 1722 1296 1777 sapientes
1329 1722 1481 1763 habitos
1513 1724 1554 1762 in
1591 1724 1754 1769 Graecia,

353 1788 533 1843 placuisse
563 1789 701 1842 opinor
721 1789 913 1828 mirabilia
933 1790 1109 1843 quaedam
1126 1809 1138 1835 3
1170 1790 1232 1828 sed
1261 1789 1360 1828 nihil
1380 1790 1445 1835 est,
1471 1790 1576 1844 quod
1596 1791 1656 1829 illi
1678 1805 1756 1830 non

354 1856 625 1910 persequantur
654 1856 728 1895 suis
762 1857 920 1910 argutiis
936 1875 948 1902 3
981 1858 1122 1910 partim
1153 1855 1353 1909 fugiendas
1387 1855 1459 1894 effe
1484 1857 1624 1895 nimias
1654 1858 1755 1896 ami-

353 1923 475 1967 citias,
512 1936 559 1961 ne
585 1921 728 1960 necesse
759 1923 804 1961 fit
836 1937 960 1961 unum
989 1923 1200 1962 sollicitum
1233 1921 1303 1960 effe
1333 1935 1403 1975 pro
1434 1922 1638 1976 pluribus;
1670 1923 1756 1962 satis

353 1989 539 2042 superque
559 1988 628 2027 effe
648 1988 717 2028 s1bi
737 1988 889 2028 suarum
915 1990 1057 2042 cuique
1077 2003 1205 2028 rerum
1222 2008 1234 2035 ς
1266 1989 1397 2028 alienis
1419 1989 1535 2027 nimis
1564 1990 1757 2042 implicari

353 2056 558 2094 molestum
587 2055 658 2094 effe
674 2075 685 2101 ς
717 2056 1075 2096 commodiffimum
1104 2056 1189 2102 effe,
1219 2069 1335 2108 quam
1357 2055 1559 2094 laxiffimas
1589 2054 1755 2095 habenas

352 2120 492 2159 habere
525 2123 729 2167 amicitiae,
759 2136 852 2175 quas
884 2123 944 2160 vel
977 2123 1156 2166 adducas,
1192 2135 1283 2159 curn
1318 2121 1438 2165 velis,
1472 2121 1531 2158 vel
1567 2121 1754 2161 remittas.

352 2189 483 2240 Caput
503 2188 608 2225 enim
639 2187 709 2224 effe
729 2189 775 2225 ad
795 2189 902 2225 beate
922 2188 1144 2231 vivendum,
1177 2187 1416 2224 securitatem
1435 2204 1446 2231 3
1479 2200 1554 2238 qua
1574 2186 1650 2225 frui
1677 2202 1756 2226 non

353 2253 465 2306 poffit
485 2254 652 2298 animus,
674 2253 699 2290 fi
719 2263 901 2305 tanquam
923 2253 1107 2306 parturiat
1129 2265 1225 2290 unus
1246 2266 1316 2306 pro
1336 2253 1527 2306 pluribus.

409 2319 518 2357 Alios
551 2329 680 2357 autem
712 2319 835 2359 dicere
869 2319 978 2357 aiunt
1012 2318 1138 2356 multo
1168 2319 1284 2356 etiam
1319 2317 1584 2364 inhumanius,
1619 2319 1755 2372 (quem

355 2383 486 2423 locum
525 2386 686 2424 breviter
724 2385 923 2438 perstrinxi
962 2385 1076 2438 paulo
1109 2393 1196 2422 ante
1214 2386 1226 2437 )
1271 2384 1432 2437 praesidii
1464 2385 1754 2437 adjumentique

354 2449 476 2493 causa,
508 2465 584 2490 non
606 2452 893 2497 benevolentiae‚
929 2465 1053 2504 neque
1073 2451 1252 2496 caritatis,
1273 2451 1460 2489 amicitias
1482 2451 1551 2488 effe
1571 2461 1753 2503 expeten-

354 2515 432 2552 das.
457 2515 589 2567 Itaque
611 2526 652 2554 ut
671 2518 832 2571 quisque
849 2518 1062 2556 minimum
1084 2516 1276 2556 firmitatis
1297 2515 1448 2561 habeat,
1465 2517 1754 2568 minimumque

438 2581 503 2618 To
516 2593 566 2619 Μ.
600 2581 673 2620 111.
1376 2583 1411 2618 V
1433 2596 1455 2619 v
