2223 3003
703 263 806 302 DE
877 263 1354 304 AMICITIA.
1652 282 1726 321 339

328 360 473 414 dicam)
495 361 687 401 redamare
707 363 832 416 possit,
854 377 932 402 non
952 365 1163 404 admodum
1179 365 1384 404 delectari?
1417 366 1531 405 Nihil
1551 366 1603 405 est
1623 367 1727 406 enim

328 429 634 467 remuneratione
653 430 938 476 benevolentiae,
958 430 1058 469 nihil
1074 431 1328 471 vicissitudine
1341 432 1555 472 studiorum
1575 433 1726 474 officio-

329 506 494 546 rumque
507 495 735 547 jucundius.

383 560 503 612 Qod
536 561 563 599 fi
596 561 713 599 etiam
733 560 832 598 illud
866 560 1057 606 addimus,
1089 563 1193 613 quod
1225 565 1323 601 reete
1346 564 1433 602 addi
1464 565 1598 618 potest,
1627 565 1725 604 nihil

328 624 413 671 effe,
444 626 550 678 quod
567 626 616 664 ad
635 625 671 664 se
691 639 772 663 rem
792 625 913 664 ullam
942 636 1022 664 tam
1051 627 1207 672 alliciat,
1239 637 1319 666 tam
1340 629 1516 675 attrahat,
1534 645 1651 683 quam
1682 630 1728 668 ad

329 691 541 730 amicitiam
565 691 806 737 fimilitud0;
836 692 1070 731 concedetur
1100 692 1273 746 profesto
1303 708 1439 733 verum
1467 696 1552 741 effe,
1583 706 1627 736 ut
1657 697 1728 736 bo-

328 769 396 796 nos
417 757 511 796 boni
530 757 707 811 diligant,
725 757 1007 811 adsciscantque
1024 758 1093 797 fibi
1114 759 1216 812 quafi
1233 760 1520 814 propinquitate
1539 762 1728 814 conjunc-

329 832 402 868 tos,
433 833 546 877 atque
577 832 739 862 natura:
779 823 882 863 nihil
918 824 970 862 est
1007 825 1112 864 enim
1150 826 1392 879 appetentius
1425 827 1613 866 similium
1647 827 1728 872 sui,

329 887 428 927 nihil
447 889 633 943 rapacius,
669 903 787 942 quam
821 899 967 929 natura.
1000 881 1268 943 Quamobi‘em
1301 891 1378 931 hoc
1397 893 1572 946 quidem,
1607 893 1730 931 Fanni

328 964 367 993 et
387 957 565 1002 Scaevola,
600 956 758 1001 constat,
792 957 853 1009 (ut
881 957 1037 1010 opinor)
1076 958 1187 997 bonis
1216 958 1318 997 inter
1337 959 1457 999 bonos
1478 959 1580 1012 quafi
1601 959 1730 998 neces-

330 1021 463 1061 sariam
483 1022 791 1061 benevolentiam
812 1022 882 1061 effe
897 1042 910 1069 5
942 1024 1010 1076 qui
1041 1024 1093 1062 est
1126 1023 1306 1063 amicitiae
1337 1024 1423 1064 fons
1444 1039 1464 1064 a
1484 1034 1616 1064 natura
1634 1038 1729 1064 con-

330 1088 510 1127 stitutus:
549 1088 612 1127 sed
643 1089 776 1128 eadem
807 1089 958 1128 bonitas
987 1090 1106 1129 etiam
1140 1090 1187 1129 ad
1220 1090 1517 1130 multitudinem
1550 1091 1729 1144 pertInet.

330 1155 426 1194 Non
444 1156 496 1194 est
515 1156 622 1194 enim
642 1155 855 1195 inhumana
874 1156 1010 1202 virtus,
1032 1170 1156 1210 neque
1175 1157 1380 1203 immunis,
1402 1171 1527 1211 neque
1548 1157 1730 1211 superba,

329 1234 416 1273 quae
444 1222 561 1260 etiam
594 1222 759 1274 populos
797 1222 988 1261 universos
1028 1223 1153 1267 tueri,
1197 1223 1327 1275 eifique
1360 1224 1509 1278 optime
1538 1223 1733 1262 consulere

330 1287 476 1326 soleat:
509 1287 615 1340 quod
644 1301 724 1326 non
742 1286 884 1327 faceret
916 1287 1103 1342 profesto,
1135 1289 1161 1327 fi
1195 1302 1216 1327 a
1243 1290 1398 1328 caritate
1423 1290 1532 1342 vulgi
1551 1288 1734 1328 abhorre·

331 1362 400 1393 ret.

384 1421 518 1473 Atque
536 1419 655 1459 etiam
674 1418 776 1459 mihi
796 1420 957 1474 quidem
982 1421 1175 1467 videntur,
1205 1420 1275 1474 qui
1303 1421 1482 1461 utilitatis
1517 1421 1625 1460 causa
1657 1420 1733 1460 fin-

331 1496 431 1539 gunt
460 1486 666 1531 amicitias,
702 1487 1019 1526 amabilissimum
1052 1488 1201 1526 nodum
1236 1487 1416 1527 amicitiae
1444 1487 1610 1527 tollere:
1655 1501 1736 1526 non

332 1552 439 1589 enirn
460 1559 541 1589 tam
561 1550 707 1589 utilitas
723 1559 830 1603 parta
847 1564 914 1604 per
932 1552 1121 1597 amicum,
1151 1565 1267 1604 quam
1290 1552 1406 1591 amici
1425 1566 1533 1591 amor
1550 1551 1644 1605 ipse,
1666 1552 1733 1590 de-

331 1617 469 1661 lectam
502 1625 666 1669 tumque
697 1615 797 1654 illud
824 1615 883 1661 fit,
914 1617 1020 1669 quod
1049 1617 1097 1656 ab
1117 1617 1244 1656 amico
1269 1617 1322 1656 est
1341 1616 1572 1670 profectum,
1586 1618 1734 1670 jucun·

332 1683 443 1728 dum,
473 1682 500 1720 fi
521 1696 614 1720 curn
633 1681 758 1720 studio
776 1681 831 1720 est
849 1681 1067 1736 profedtum
1085 1697 1094 1722 :
1126 1692 1357 1736 tantumque
1386 1683 1500 1729 abest,
1533 1692 1577 1722 ut
1597 1683 1735 1722 amici·

333 1750 394 1788 tiae
425 1757 581 1802 propter
613 1748 869 1801 indigentiam
899 1749 1088 1795 colantur,
1119 1759 1163 1788 ut
1198 1750 1239 1795 ii,
1270 1750 1338 1803 qui
1358 1750 1498 1803 opibus
1530 1759 1568 1788 et
1597 1750 1734 1804 copiis,

333 1816 581 1869 maximeque
601 1815 743 1854 virtute
763 1815 926 1869 praediti,
960 1816 1019 1868 (in
1039 1829 1115 1869 qua
1134 1816 1352 1869 plurimum
1371 1816 1424 1854 est
1449 1816 1629 1869 praefidii)
1657 1817 1736 1855 mi-

332 1883 440 1921 nime
469 1882 624 1920 alterius
659 1881 869 1934 indigeant,
900 1882 1152 1922 liberalissimi
1186 1883 1272 1927 s1nt,
1309 1892 1348 1920 et
1375 1881 1734 1921 beneficentiffimi:

332 1957 448 2000 atque
474 1946 578 1985 haud
611 1946 702 1992 scio,
747 1961 795 1986 an
825 1961 874 1986 ne
903 1961 1000 2001 opus
1027 1948 1072 1986 fit
1102 1948 1276 2000 quidem,
1307 1946 1408 1987 nihil
1438 1961 1613 2001 unquam
1646 1961 1737 1987 om-

333 2013 428 2052 nino
446 2012 564 2052 deeffe
583 2013 732 2052 amicis.
793 2013 876 2052 Ubi
895 2014 1003 2052 enim
1033 2013 1155 2052 studia
1184 2013 1308 2052 nostra
1327 2013 1544 2067 viguissent,
1575 2013 1602 2052 fi
1635 2027 1739 2052 nun-

334 2092 454 2132 quam
487 2080 659 2125 confilio,
691 2093 893 2133 nunquam
923 2093 1037 2135 opera
1070 2080 1205 2124 nostra,
1237 2092 1308 2117 nec
1342 2080 1449 2118 domi
1483 2092 1554 2117 nec
1588 2079 1739 2118 militiae

336 2145 465 2197 Scipio
500 2145 688 2197 eguisset?
738 2146 834 2184 Non
870 2146 991 2198 igitur
1029 2145 1238 2184 utilitatem
1268 2143 1451 2188 amicitia,
1493 2143 1555 2182 sed
1594 2145 1738 2185 utilitas

335 2211 563 2255 amicitiam,
585 2210 787 2248 consecuta
805 2210 872 2248 est.

390 2277 482 2317 XV.
516 2277 609 2316 Non
630 2290 721 2329 ergo
745 2284 856 2314 erunt
876 2274 1070 2321 homines,
1103 2275 1250 2314 deliciis
1280 2274 1513 2321 diffluentes,
1545 2277 1739 2324 audiendi,

338 2343 364 2380 si
384 2342 540 2396 quando
557 2344 603 2381 de
623 2343 808 2387 amicitia,
829 2355 947 2395 quam
968 2355 1038 2380 nec
1058 2341 1140 2387 usu,
1176 2354 1244 2380 nec
1263 2342 1408 2380 ratione
1428 2342 1572 2381 habent
1603 2343 1740 2396 cogni·

337 2419 434 2454 tam,
464 2410 726 2463 disputabunt.
759 2410 866 2449 Nam
897 2409 983 2462 quis
1003 2409 1069 2454 est,
1103 2409 1190 2462 (pro
1209 2408 1340 2448 Deam
1367 2408 1499 2455 fidem,
1529 2419 1646 2463 atque
1665 2409 1740 2448 ho—

339 2474 540 2527 minum!)
563 2477 631 2529 qui
661 2476 769 2522 velit,
801 2486 843 2515 ut
875 2489 999 2529 neque
1032 2475 1168 2528 diligat
1197 2488 1451 2532 quemquam,
1482 2489 1552 2515 nec
1586 2475 1663 2529 ipse
1693 2476 1741 2514 ab

343 2542 424 2581 ullo
443 2540 637 2595 diligatur,
668 2543 936 2582 circumfluere
966 2542 1150 2582 omnibus
1184 2542 1320 2596 copiis,
1350 2551 1464 2595 atque
1492 2543 1532 2582 in
1560 2543 1739 2581 omnium

1299 2609 1333 2644 V
1364 2623 1386 2646 v
1419 2621 1439 2648 2
