2223 3003
504 274 579 314 340
873 256 977 296 DE
1046 255 1523 295 AMICITIA.

499 374 626 398 rerum
658 357 860 397 abundatia
890 356 1046 394 vivere?
1082 356 1180 394 Haec
1213 355 1320 394 enim
1352 355 1407 394 est
1439 364 1689 408 tyrannorum
1722 356 1830 404 vitu
1856 360 1898 398 in

498 440 574 477 qua
593 424 778 462 nimirum
801 423 909 460 nulla
932 422 1044 467 fides,
1071 421 1181 460 nulla
1198 422 1347 467 caritas,
1377 421 1483 460 nulla
1502 421 1645 460 stabilis
1666 423 1898 462 benevolen-

498 491 558 528 tiae
577 489 699 542 potest
729 488 801 526 effe
827 488 992 527 fiducia:
1019 489 1156 535 *omnia
1175 487 1323 541 semper
1353 488 1536 542 suspecta,
1565 497 1678 541 atque
1708 488 1898 529 sollicita:

495 556 624 593 nullus
645 555 753 593 locus
774 556 970 594 amicitiae.

551 621 652 672 Qis
682 621 789 659 enim
809 631 873 659 aut
902 635 994 660 eum
1019 621 1169 674 diligat,
1199 635 1319 674 quem
1348 623 1489 661 metuit
1504 640 1517 668 3
1549 630 1613 661 aut
1632 635 1738 668 eum,
1769 635 1790 659 a
1818 634 1902 675 quo

494 686 529 724 se
546 687 668 724 metui
684 687 822 739 putat?
846 686 1040 725 Coluntur
1060 696 1188 726 tamen
1205 686 1446 726 simulatione
1462 688 1647 726 duntaxat
1661 687 1709 726 ad
1728 697 1899 740 tempus.

494 753 614 804 Qod
635 753 661 791 s1
693 751 793 791 forte
825 753 886 805 (ut
905 753 951 792 fit
979 754 1227 806 plerumque)
1258 754 1498 793 ceciderint:
1531 763 1616 792 tum
1651 754 1899 806 intelligitur,

493 832 610 871 quam
641 818 786 857 fuerint
816 820 948 872 inopes
980 820 1223 858 amicorum:
1255 820 1360 872 quod
1391 821 1654 873 Tarquinium
1683 820 1816 859 d-ixiffe
1835 819 1897 858 fe-

492 895 583 923 runt
604 894 689 924 tum
709 885 944 930 exulantem,
979 885 1015 922 se
1034 884 1273 930 intellexisse,
1286 895 1391 937 *quos
1411 885 1507 924 fidos
1527 887 1672 925 amicos
1692 885 1896 932 habuiss‘et,

491 963 588 1002 quos
608 950 762 995 infidos,
780 963 872 988 cum
887 951 1134 1002 jam‘neutris
1154 951 1316 1002 gratiam
1332 949 1470 988 referre
1495 950 1642 1003 poss‘et:
1674 965 1899 1005 quanquam

490 1016 625 1062 miror,
646 1016 713 1055 illa
727 1016 904 1069 superbia
922 1025 961 1055 et
979 1017 1275 1070 importunitate
1290 1016 1316 1055 fi
1337 1029 1578 1069 quemquam
1593 1015 1734 1055 habere
1752 1018 1898 1070 potuit.

491 1083 623 1134 Atque
657 1092 700 1121 ut
730 1081 861 1134 hujus,
893 1095 1012 1135 quem
1043 1082 1145 1127 dixi,
1180 1095 1307 1121 mores
1342 1095 1450 1120 veros
1481 1082 1626 1120 amicos
1657 1095 1786 1135 parare
1817 1097 1897 1122 non

486 1158 668 1200 potuere3
701 1149 751 1187 fic
786 1149 1004 1187 multorum
1035 1162 1126 1202 opes
1147 1149 1444 1202 praepotentium
1475 1148 1690 1187 excludunt
1708 1149 1897 1188 amicitias

490 1214 619 1254 fideles
643 1231 652 1254 :
685 1229 762 1254 non
794 1216 900 1254 enim
928 1215 1055 1254 solum
1087 1215 1164 1269 ipsa
1190 1214 1346 1254 fortuna
1374 1228 1473 1253 caeca
1499 1215 1565 1260 est,
1596 1215 1658 1254 sed
1688 1229 1751 1254 eos
1778 1216 1896 1255 etiam

491 1281 721 1334 plerumque
741 1282 860 1320 efficit
886 1295 1021 1327 caecos,
1062 1295 1159 1333 quos
1180 1281 1383 1334 complexa
1411 1280 1479 1318 est.
1529 1281 1663 1332 Itaque
1683 1280 1896 1319 efferuntur

488 1347 547 1385 illi
568 1346 645 1385 fere
666 1347 816 1385 fastidio
835 1357 873 1385 et
904 1347 1148 1386 contumacia
1160 1365 1172 1392 ς
1204 1360 1330 1399 neque
1350 1346 1565 1400 quidquam
1592 1346 1792 1400 insipiente
1812 1346 1895 1387 for-

489 1423 623 1452 tunato
642 1413 920 1452 intolerabilius
942 1413 1022 1452 fieri
1042 1414 1179 1467 potest.

542 1482 674 1532 Atque
707 1479 783 1518 hoc
816 1480 976 1532 quidem
1010 1480 1137 1518 videre
1167 1480 1279 1525 licet,
1310 1494 1398 1526 eos,
1429 1481 1498 1532 qui
1532 1490 1642 1518 antea
1676 1480 1894 1519 commodis

488 1544 645 1584 fuerunt
665 1545 854 1590 moribus,
885 1545 1065 1598 imperio,
1097 1545 1293 1598 potestate,
1326 1545 1515 1598 prosperis
1546 1545 1660 1584 rebus
1679 1545 1895 1592 immutari,

488 1612 690 1665 spernique
716 1611 763 1650 ab
783 1612 830 1650 iis
851 1621 991 1650 veteres
1012 1612 1218 1657 amicitias,
1244 1611 1439 1664 indulgeri
1459 1612 1581 1651 novis.
1629 1612 1738 1664 Qid
1765 1622 1895 1652 autem

487 1677 654 1724 stultius,
675 1691 808 1731 quam,
830 1691 921 1716 cum
942 1676 1158 1731 plurimum
1179 1678 1317 1731 copiis,
1349 1677 1614 1723 facultatibus,
1645 1678 1786 1731 opibus
1807 1679 1894 1731 pos-

486 1744 571 1789 sint,
589 1754 722 1783 caetera
742 1758 883 1798 parare,
901 1758 986 1797 quae
1005 1754 1183 1798 parantur
1199 1744 1376 1797 pecunia,
1398 1757 1532 1797 equos,
1550 1744 1732 1788 famulos,
1753 1745 1894 1784 vestem

486 1812 693 1862 egregiam,
726 1811 808 1848 vasa
839 1810 1027 1863 pretiosa;
1059 1811 1204 1849 amicos
1231 1825 1308 1849 non
1341 1824 1480 1863 parare,
1514 1811 1706 1864 optimam
1737 1820 1775 1848 et
1803 1812 1894 1863 pul-

487 1876 721 1913 cherrimam
757 1877 857 1921 vitm,
895 1886 936 1913 ut
960 1877 1012 1913 ita
1032 1877 1174 1920 dicam,
1211 1876 1516 1928 supellectilem?
1556 1877 1729 1920 Etenim,
1761 1887 1894 1915 caetera

486 1956 577 1980 cum
600 1951 744 1994 parant,
776 1942 838 1979 cui
861 1950 1006 1994 parent,
1029 1942 1216 1985 nesciunt,
1243 1955 1311 1979 nec
1333 1943 1442 1992 cujus
1463 1942 1571 1979 causti
1593 1942 1788 1980 laborent:
1812 1944 1892 1994 ejus

486 2007 591 2046 enim
613 2007 664 2045 est
690 2007 848 2045 istorum
881 2008 1067 2060 quidque,
1105 2007 1172 2059 qui
1195 2007 1314 2044 vincit
1335 2007 1508 2045 viribus:
1540 2007 1798 2045 amicitiarum
1831 2008 1894 2045 sua

487 2074 628 2126 cuique
648 2083 847 2126 permanet
867 2073 1010 2111 stabilis
1030 2083 1067 2111 et
1088 2083 1188 2111 certa
1209 2072 1403 2126 posseffio;
1437 2083 1493 2117 ut,
1528 2074 1644 2112 etiam
1678 2073 1702 2111 si
1725 2073 1788 2110 illa
1809 2087 1892 2111 ma-

487 2150 614 2185 neant,
637 2153 721 2192 quau
742 2139 828 2177 sunt
848 2139 951 2191 quasi
972 2139 1071 2177 dona
1091 2138 1268 2183 fortunae‚
1293 2149 1420 2177 tamen
1442 2139 1518 2177 vita
1540 2139 1697 2183 inculta,
1716 2149 1752 2176 et
1769 2139 1892 2177 deser-

488 2217 523 2244 ta
543 2207 589 2243 ab
610 2206 758 2249 amicis,
782 2218 857 2243 non
880 2204 991 2257 poffit
1011 2204 1280 2256 essejucunda.
1313 2205 1384 2242 Sed
1405 2204 1485 2243 herc
1506 2204 1701 2243 hactenus.

541 2273 652 2310 XVI.
687 2271 955 2310 Constituendi
977 2281 1106 2309 autem
1139 2270 1238 2315 sunt,
1271 2272 1337 2322 qui
1360 2270 1430 2308 sint
1463 2271 1502 2308 in
1533 2272 1702 2310 amicitia
1725 2271 1831 2315 fines,
1853 2283 1890 2309 ct

485 2339 587 2391 quasi
616 2338 772 2376 termini
805 2337 1019 2389 diligcndi;
1052 2337 1098 2375 de
1132 2337 1274 2389 quibus
1312 2346 1384 2374 tres
1419 2337 1530 2374 video
1557 2337 1755 2374 sententias
1788 2336 1889 2380 ferri.

485 2418 648 2456 quarum
671 2403 817 2441 nullam
840 2404 973 2455 probo.
1008 2404 1154 2446 Unam,
1178 2412 1219 2440 ut
1239 2403 1373 2440 codem
1395 2402 1513 2440 modo
1531 2416 1618 2455 erga
1638 2403 1809 2440 amicum
1831 2402 1891 2441 af-

489 2470 576 2508 fecti
598 2470 728 2514 simus,
755 2483 833 2521 quo
853 2483 940 2521 erga
960 2467 1223 2522 nosmetipsos.
1267 2468 1454 2512 Alteram,
1478 2478 1520 2506 ut
1543 2468 1661 2506 nostr-1
1685 2470 1721 2506 in
1744 2469 1888 2507 amicos

486 2537 750 2584 benevolentia
770 2536 927 2575 illorum
959 2550 1045 2590 erga
1065 2549 1133 2575 nos
1156 2535 1428 2575 benevolenti-i·
1453 2536 1591 2588 pariter
1618 2536 1889 2588 aequalitcrque
