2223 3003
637 362 915 404 LIBER
968 362 1473 404 SECUNDUS,
1679 378 1761 422 245

358 461 614 516 temporibuS,
644 471 689 501 ut
707 463 886 516 splendor
905 463 1133 502 aedilitatum
1153 464 1200 502 ab
1230 464 1390 517 optimis
1410 464 1501 503 viris
1532 464 1759 518 postuletur.

358 529 492 580 Itaque
512 537 550 566 et
570 529 614 566 P.
637 527 789 566 Craffus
819 526 911 565 cum
931 529 1165 580 cognomine
1185 529 1303 574 dives,
1337 539 1423 568 tum
1443 530 1580 583 copiis,
1603 530 1760 571 functus

356 594 409 632 est
429 595 587 633 aedilitio
605 594 780 632 maximo
798 607 957 631 munere
973 612 985 638 ς
1016 604 1054 632 et
1072 594 1188 647 paulo
1207 595 1290 647 post
1310 596 1358 633 L.
1381 596 1530 635 Craffus
1551 611 1644 636 cum
1670 613 1760 638 om-

356 661 469 698 nium
506 659 716 697 hominum
747 659 1061 704 moderatiffimo,
1103 661 1171 711 Q
1194 660 1348 705 Mucio,
1387 662 1761 713 magnificentissima

356 725 535 763 aedilitate
565 723 720 762 funetus
739 724 819 763 est:
852 724 989 762 deinde
1022 725 1070 763 C.
1094 724 1295 769 Claudius,
1327 726 1449 778 Appii
1479 726 1611 773 filius3
1644 731 1761 769 multi

354 790 453 843 post,
475 790 649 835 Luculli,
681 790 925 836 Hortensius,
949 790 1114 830 Silanus.
1159 791 1308 829 Omnes
1327 801 1457 830 autem
1485 794 1529 831 P.
1553 795 1758 842 Lentulus,

354 870 419 894 me
440 856 620 901 Consule,
641 856 735 895 vicit
754 857 980 910 superiores,
1023 857 1146 895 Hunc
1166 857 1218 895 est
1238 859 1398 895 Scaurus
1418 858 1609 898 imitatus.
1639 860 1760 914 Mag-

354 921 637 960 nificentiffima
655 936 745 961 vero
764 923 881 961 nostri
899 923 1076 976 Pompeii
1096 937 1256 963 munera
1274 923 1440 963 secundo
1459 925 1658 965 consulatu
1674 945 1686 973 3
1718 928 1761 966 in

354 988 496 1039 quibus
516 989 717 1034 omnibus,
737 989 832 1042 quid
850 988 952 1027 mihi
971 990 1131 1042 placeat,
1154 989 1271 1028 vides.

408 1055 541 1092 XVII.
565 1055 733 1093 Vitanda
746 1065 874 1093 tamen
888 1055 941 1093 est
961 1055 1124 1108 suspicio
1143 1056 1318 1094 avaritiae.
1364 1057 1581 1103 Mamerco,
1604 1057 1761 1097 homini

353 1119 594 1165 divitiffimo,
628 1121 888 1173 praetermiffio
919 1121 1111 1159 aedilitatis
1145 1120 1362 1160 consulatfis
1396 1123 1586 1175 repulsam
1612 1125 1757 1163 attulit.

355 1186 484 1237 Qare
503 1195 556 1231 et,
586 1187 611 1224 fi
631 1187 842 1238 postulatur
861 1201 880 1224 a
900 1187 1060 1239 populo,
1096 1188 1208 1225 bonis
1230 1188 1318 1226 viris
1352 1188 1379 1226 fi
1412 1202 1491 1227 non
1513 1189 1760 1228 defideranti-

355 1251 440 1295 bus,
462 1261 627 1290 attamen
650 1253 967 1304 approbantibus,
988 1252 1210 1291 faciendum
1235 1253 1301 1298 est,
1333 1255 1451 1292 modo
1470 1268 1539 1307 pro
1559 1254 1757 1293 facultati-

353 1316 424 1355 bus
440 1335 452 1361 ς
484 1331 552 1355 nos
575 1317 643 1370 ipfi
664 1327 708 1356 ut
727 1317 893 1357 fecimus
909 1337 921 1364 ς
953 1327 1004 1363 et,
1037 1318 1220 1371 fiquando
1252 1318 1379 1371 aliqua
1409 1333 1466 1357 res
1493 1321 1615 1372 major
1644 1330 1758 1374 atque

354 1383 486 1421 utilior
505 1384 682 1437 populari
700 1384 904 1437 largitione
924 1385 1160 1436 acquiritur;
1193 1394 1237 1422 ut
1258 1385 1383 1423 Oresti
1399 1399 1522 1438 nuper
1543 1387 1697 1439 prandia
1717 1389 1758 1426 in

354 1449 496 1488 semitis
517 1451 689 1489 decumae
710 1452 869 1489 nomine
889 1465 1032 1503 magno
1050 1449 1188 1489 honori
1207 1449 1379 1489 fuerunt.
1423 1452 1486 1490 Ne
1508 1453 1646 1491 Marco
1667 1455 1756 1505 qui-

353 1515 445 1553 dem
464 1517 547 1554 Seio
567 1517 661 1554 vitio
681 1517 815 1555 datum
836 1517 901 1562 est,
934 1517 1039 1569 quod
1059 1517 1100 1554 in
1121 1517 1276 1555 caritate
1300 1516 1371 1555 affe
1401 1517 1580 1556 modium
1610 1520 1757 1571 populo

352 1582 472 1621 dedit.
518 1581 667 1634 Magna
696 1582 802 1620 enim
834 1582 870 1620 se
902 1591 940 1620 et
972 1583 1179 1621 inveterata
1198 1583 1357 1627 invidia,
1388 1596 1457 1620 nec
1478 1584 1580 1636 turpi
1595 1585 1757 1636 jadtura,

352 1649 507 1701 quando
527 1657 605 1686 erat
637 1648 772 1693 aedilis,
802 1661 873 1686 nec
907 1648 1078 1686 maxima
1096 1648 1286 1686 liberavit.
1332 1648 1405 1685 Sed
1437 1647 1577 1687 honori
1603 1649 1757 1690 summo

351 1728 474 1768 nuper
494 1714 620 1752 nostro
639 1713 788 1752 Miloni
810 1713 900 1759 fuit,
931 1713 1037 1766 quod
1067 1713 1343 1765 gladiatoribus
1373 1715 1514 1767 emptis
1535 1716 1757 1768 reipublicae

349 1780 471 1825 causa,
503 1794 588 1832 quae
608 1779 725 1817 salute
753 1779 876 1817 nostra
902 1779 1184 1823 continebatur,
1215 1792 1349 1817 omnes
1376 1781 1421 1818 P.
1446 1780 1577 1818 Clodii
1596 1793 1755 1820 conatus

351 1846 572 1898 furoresque
592 1845 826 1899 compreffit.
870 1845 990 1883 Causa
1009 1845 1128 1898 igitur
1148 1845 1360 1898 largitionis
1381 1846 1447 1891 est,
1479 1847 1506 1885 fi
1527 1856 1593 1885 aut
1612 1848 1760 1887 necesse

351 1912 417 1957 cst,
447 1922 513 1949 aut
535 1911 643 1949 utile.

406 1979 451 2017 In
472 1977 532 2016 his
553 1986 682 2016 autem
702 1977 789 2030 ipsis
810 1978 1085 2017 mediocritatis
1114 1977 1244 2031 regula
1263 1977 1411 2031 optima
1430 1977 1494 2016 est.
1527 1979 1576 2017 L.
1595 1980 1763 2031 quidemr

351 2043 570 2097 Philippus,
607 2043 800 2096 Qfilius,
832 2058 975 2097 magno
1006 2045 1063 2082 vir
1096 2044 1264 2097 ingenio,
1299 2045 1341 2082 in
1374 2044 1585 2096 primisque
1616 2045 1754 2090 clarus,

350 2111 505 2164 gloriari
534 2110 688 2156 solebat,
721 2110 756 2149 se
786 2111 862 2149 fine
897 2111 978 2149 ullo
998 2124 1155 2148 munere
1180 2110 1362 2162 adeptum
1393 2109 1464 2147 effe
1494 2110 1638 2155 omnia,
1670 2124 1756 2163 quae

349 2176 577 2214 haberentur
596 2176 838 2228 ampliffima.
886 2176 1053 2213 Dicebat
1073 2176 1178 2213 idem
1201 2175 1248 2212 C.
1272 2174 1406 2212 Curio.
1450 2174 1577 2212 Nobis
1599 2189 1755 2228 quoque

350 2243 442 2281 licet
462 2243 501 2280 in
522 2241 596 2280 hoc
617 2241 908 2294 quodammodo
927 2241 1094 2292 gloriari.
1137 2240 1243 2278 Nam
1263 2253 1332 2292 pro
1350 2240 1608 2293 amplitudine
1626 2240 1754 2280 hono-

351 2322 452 2354 rum,
488 2321 584 2360 quos
616 2307 764 2345 cunetis
788 2306 974 2359 suffragiis
1006 2306 1133 2358 adepti
1153 2305 1283 2343 sumus
1305 2305 1431 2344 nostro
1457 2307 1617 2358 quidem
1637 2321 1751 2353 anno,

351 2374 456 2426 quod
475 2374 641 2426 contigit
661 2387 795 2410 eorum
818 2372 978 2417 nemini,
1000 2385 1096 2423 quos
1117 2371 1235 2410 modo
1255 2371 1466 2417 nominavi,
1487 2372 1571 2411 sane
1590 2374 1753 2427 exiguus

353 2439 527 2491 sumptus
548 2439 739 2478 aedilitatis
759 2437 849 2476 fuit.

408 2505 540 2556 Atque
570 2506 687 2542 etiam
716 2505 793 2542 illae
823 2503 1002 2557 impensa:
1023 2504 1199 2541 meliores
1221 2503 1321 2549 sunt,
1343 2504 1459 2549 muri,
1483 2505 1640 2549 navalia,
1660 2519 1750 2557 por-

354 2579 429 2614 tuS,
460 2583 645 2622 aquarum
667 2571 816 2615 duetus,
851 2571 1073 2622 omniaque,
1108 2583 1193 2621 quae
1213 2569 1258 2607 ad
1289 2569 1399 2608 usum
1422 2571 1642 2623 reipublicae
1662 2584 1750 2622 per-

354 2635 491 2675 tinent.
539 2636 790 2688 Qanquam‚
821 2636 926 2688 quod
956 2635 1114 2688 praesens
1146 2644 1329 2688 tanquam
1363 2635 1403 2673 in
1435 2648 1595 2674 manum
1627 2635 1753 2682 datur,
