<?xml version="1.0" encoding="UTF-8"?>
<!DOCTYPE html PUBLIC "-//W3C//DTD XHTML 1.0 Transitional//EN"
    "http://www.w3.org/TR/xhtml1/DTD/xhtml1-transitional.dtd">
<html xmlns="http://www.w3.org/1999/xhtml" xml:lang="en" lang="en">
 <head>
  <title>
</title>
<meta http-equiv="Content-Type" content="text/html;charset=utf-8" />
  <meta name='ocr-system' content='tesseract 3.04.00' />
  <meta name='ocr-capabilities' content='ocr_page ocr_carea ocr_par ocr_line ocrx_word'/>
</head>
<body>
  <div class='ocr_page' id='page_1' title='image "./operacumindicibu03ciceuoft_0263.png"; bbox 0 0 2223 3003; ppageno 0'>
   <div class='ocr_carea' id='block_1_1' title="bbox 705 300 1785 359">
    <p class='ocr_par' dir='ltr' id='par_1_1' title="bbox 705 300 1785 359">
     <span class='ocr_line' id='line_1_1' title="bbox 705 300 1785 359; baseline 0.006 -22"><span class='ocrx_word' id='word_1_1' title='bbox 705 300 981 338; x_wconf 82' lang='lat' dir='ltr'><strong>LIBER</strong></span> <span class='ocrx_word' id='word_1_2' title='bbox 1039 300 1466 340; x_wconf 82' lang='lat' dir='ltr'><strong>TERTIUs.</strong></span> <span class='ocrx_word' id='word_1_3' title='bbox 1709 317 1785 359; x_wconf 82' lang='lat'>257</span> 
     </span>
    </p>
   </div>
   <div class='ocr_carea' id='block_1_2' title="bbox 370 397 1787 2708">
    <p class='ocr_par' dir='ltr' id='par_1_2' title="bbox 378 397 1787 718">
     <span class='ocr_line' id='line_1_2' title="bbox 381 397 1786 453; baseline 0.003 -17"><span class='ocrx_word' id='word_1_4' title='bbox 381 399 472 451; x_wconf 85' lang='lat' dir='ltr'>quia</span> <span class='ocrx_word' id='word_1_5' title='bbox 491 397 540 436; x_wconf 79' lang='lat' dir='ltr'>sic</span> <span class='ocrx_word' id='word_1_6' title='bbox 557 398 603 437; x_wconf 90' lang='lat' dir='ltr'>ab</span> <span class='ocrx_word' id='word_1_7' title='bbox 623 397 850 438; x_wconf 86' lang='lat' dir='ltr'>hominibus</span> <span class='ocrx_word' id='word_1_8' title='bbox 867 399 988 438; x_wconf 72' lang='lat' dir='ltr'>doe&#39;tis</span> <span class='ocrx_word' id='word_1_9' title='bbox 1010 400 1243 453; x_wconf 85' lang='lat' dir='ltr'>accepimus,</span> <span class='ocrx_word' id='word_1_10' title='bbox 1264 414 1343 440; x_wconf 91' lang='lat' dir='ltr'>non</span> <span class='ocrx_word' id='word_1_11' title='bbox 1364 400 1490 439; x_wconf 86' lang='lat' dir='ltr'>solum</span> <span class='ocrx_word' id='word_1_12' title='bbox 1509 413 1556 439; x_wconf 88' lang='lat' dir='ltr'>ex</span> <span class='ocrx_word' id='word_1_13' title='bbox 1575 399 1686 440; x_wconf 88' lang='lat' dir='ltr'>malis</span> <span class='ocrx_word' id='word_1_14' title='bbox 1713 401 1786 440; x_wconf 82' lang='lat' dir='ltr'>eli-</span> 
     </span>
     <span class='ocr_line' id='line_1_3' title="bbox 379 456 1787 521; baseline 0.003 -19"><span class='ocrx_word' id='word_1_15' title='bbox 379 478 468 517; x_wconf 86' lang='lat' dir='ltr'>gere</span> <span class='ocrx_word' id='word_1_16' title='bbox 489 465 654 503; x_wconf 86' lang='lat' dir='ltr'>minima</span> <span class='ocrx_word' id='word_1_17' title='bbox 672 475 860 519; x_wconf 87' lang='lat' dir='ltr'>oportere,</span> <span class='ocrx_word' id='word_1_18' title='bbox 894 465 955 503; x_wconf 90' lang='lat' dir='ltr'>sed</span> <span class='ocrx_word' id='word_1_19' title='bbox 975 465 1092 504; x_wconf 88' lang='lat' dir='ltr'>etiam</span> <span class='ocrx_word' id='word_1_20' title='bbox 1112 456 1314 519; x_wconf 79' lang='lat' dir='ltr'>excerpere</span> <span class='ocrx_word' id='word_1_21' title='bbox 1343 480 1391 506; x_wconf 86' lang='lat' dir='ltr'>ex</span> <span class='ocrx_word' id='word_1_22' title='bbox 1421 465 1481 505; x_wconf 87' lang='lat' dir='ltr'>his</span> <span class='ocrx_word' id='word_1_23' title='bbox 1513 466 1616 521; x_wconf 86' lang='lat' dir='ltr'>ipfis,</span> <span class='ocrx_word' id='word_1_24' title='bbox 1645 467 1671 506; x_wconf 91' lang='lat' dir='ltr'>s1</span> <span class='ocrx_word' id='word_1_25' title='bbox 1691 467 1787 520; x_wconf 89' lang='lat' dir='ltr'>quid</span> 
     </span>
     <span class='ocr_line' id='line_1_4' title="bbox 379 531 1787 587; baseline 0.002 -18"><span class='ocrx_word' id='word_1_26' title='bbox 379 531 512 570; x_wconf 81' lang='lat' dir='ltr'>ineffet</span> <span class='ocrx_word' id='word_1_27' title='bbox 532 532 649 576; x_wconf 83' lang='lat' dir='ltr'>boni;</span> <span class='ocrx_word' id='word_1_28' title='bbox 672 540 870 584; x_wconf 90' lang='lat' dir='ltr'>propterea</span> <span class='ocrx_word' id='word_1_29' title='bbox 888 540 926 569; x_wconf 92' lang='lat' dir='ltr'>et</span> <span class='ocrx_word' id='word_1_30' title='bbox 946 531 1027 570; x_wconf 90' lang='lat' dir='ltr'>otio</span> <span class='ocrx_word' id='word_1_31' title='bbox 1047 531 1155 570; x_wconf 92' lang='lat' dir='ltr'>fruor</span> <span class='ocrx_word' id='word_1_32' title='bbox 1172 546 1249 570; x_wconf 91' lang='lat' dir='ltr'>non</span> <span class='ocrx_word' id='word_1_33' title='bbox 1270 532 1340 571; x_wconf 89' lang='lat' dir='ltr'>illo</span> <span class='ocrx_word' id='word_1_34' title='bbox 1359 534 1535 585; x_wconf 85' lang='lat' dir='ltr'>quidem,</span> <span class='ocrx_word' id='word_1_35' title='bbox 1553 547 1632 587; x_wconf 93' lang='lat' dir='ltr'>quo</span> <span class='ocrx_word' id='word_1_36' title='bbox 1651 534 1787 573; x_wconf 89' lang='lat' dir='ltr'>debeat</span> 
     </span>
     <span class='ocr_line' id='line_1_5' title="bbox 379 595 1786 652; baseline 0.003 -16"><span class='ocrx_word' id='word_1_37' title='bbox 379 598 424 643; x_wconf 92' lang='lat' dir='ltr'>is,</span> <span class='ocrx_word' id='word_1_38' title='bbox 447 599 517 651; x_wconf 89' lang='lat' dir='ltr'>qui</span> <span class='ocrx_word' id='word_1_39' title='bbox 537 598 734 652; x_wconf 88' lang='lat' dir='ltr'>quondam</span> <span class='ocrx_word' id='word_1_40' title='bbox 761 595 962 650; x_wconf 77' lang='lat' dir='ltr'>peperisset</span> <span class='ocrx_word' id='word_1_41' title='bbox 981 597 1108 635; x_wconf 84' lang='lat' dir='ltr'>otium</span> <span class='ocrx_word' id='word_1_42' title='bbox 1129 598 1278 636; x_wconf 87' lang='lat' dir='ltr'>civitati</span> <span class='ocrx_word' id='word_1_43' title='bbox 1294 617 1305 643; x_wconf 86' lang='lat'>;</span> <span class='ocrx_word' id='word_1_44' title='bbox 1338 612 1408 637; x_wconf 89' lang='lat' dir='ltr'>nec</span> <span class='ocrx_word' id='word_1_45' title='bbox 1433 613 1518 638; x_wconf 88' lang='lat' dir='ltr'>eam</span> <span class='ocrx_word' id='word_1_46' title='bbox 1540 600 1786 640; x_wconf 82' lang='lat' dir='ltr'>solitudinem</span> 
     </span>
     <span class='ocr_line' id='line_1_6' title="bbox 378 662 1645 718; baseline 0.002 -16"><span class='ocrx_word' id='word_1_47' title='bbox 378 665 559 718; x_wconf 82' lang='lat' dir='ltr'>languere</span> <span class='ocrx_word' id='word_1_48' title='bbox 576 663 716 716; x_wconf 91' lang='lat' dir='ltr'>patior,</span> <span class='ocrx_word' id='word_1_49' title='bbox 737 676 856 715; x_wconf 85' lang='lat' dir='ltr'>quam</span> <span class='ocrx_word' id='word_1_50' title='bbox 877 662 978 701; x_wconf 89' lang='lat' dir='ltr'>mihi</span> <span class='ocrx_word' id='word_1_51' title='bbox 999 662 1107 701; x_wconf 84' lang='lat' dir='ltr'>affert</span> <span class='ocrx_word' id='word_1_52' title='bbox 1127 664 1334 710; x_wconf 82' lang='lat' dir='ltr'>neceffitas,</span> <span class='ocrx_word' id='word_1_53' title='bbox 1356 679 1435 703; x_wconf 87' lang='lat' dir='ltr'>non</span> <span class='ocrx_word' id='word_1_54' title='bbox 1455 666 1645 706; x_wconf 87' lang='lat' dir='ltr'>voluntas.</span> 
     </span>
    </p>

    <p class='ocr_par' dir='ltr' id='par_1_3' title="bbox 374 728 1786 1318">
     <span class='ocr_line' id='line_1_7' title="bbox 434 728 1784 784; baseline 0.002 -16"><span class='ocrx_word' id='word_1_55' title='bbox 434 732 672 783; x_wconf 84' lang='lat' dir='ltr'>Qanquam</span> <span class='ocrx_word' id='word_1_56' title='bbox 691 728 899 768; x_wconf 83' lang='lat' dir='ltr'>Africanus</span> <span class='ocrx_word' id='word_1_57' title='bbox 932 731 1119 782; x_wconf 89' lang='lat' dir='ltr'>majorem</span> <span class='ocrx_word' id='word_1_58' title='bbox 1149 730 1302 769; x_wconf 86' lang='lat' dir='ltr'>laudem</span> <span class='ocrx_word' id='word_1_59' title='bbox 1324 731 1382 769; x_wconf 91' lang='lat' dir='ltr'>vel</span> <span class='ocrx_word' id='word_1_60' title='bbox 1409 745 1498 770; x_wconf 90' lang='lat' dir='ltr'>meo</span> <span class='ocrx_word' id='word_1_61' title='bbox 1523 733 1674 784; x_wconf 91' lang='lat' dir='ltr'>judicio</span> <span class='ocrx_word' id='word_1_62' title='bbox 1693 732 1784 771; x_wconf 82' lang='lat' dir='ltr'>affe-</span> 
     </span>
     <span class='ocr_line' id='line_1_8' title="bbox 377 795 1783 850; baseline 0.002 -15"><span class='ocrx_word' id='word_1_63' title='bbox 377 797 594 849; x_wconf 82' lang='lat' dir='ltr'>quebatur:</span> <span class='ocrx_word' id='word_1_64' title='bbox 626 795 733 834; x_wconf 89' lang='lat' dir='ltr'>nulla</span> <span class='ocrx_word' id='word_1_65' title='bbox 758 796 863 834; x_wconf 90' lang='lat' dir='ltr'>enim</span> <span class='ocrx_word' id='word_1_66' title='bbox 893 797 974 849; x_wconf 88' lang='lat' dir='ltr'>ejus</span> <span class='ocrx_word' id='word_1_67' title='bbox 1001 797 1149 850; x_wconf 88' lang='lat' dir='ltr'>ingenii</span> <span class='ocrx_word' id='word_1_68' title='bbox 1170 807 1424 836; x_wconf 86' lang='lat' dir='ltr'>monumenta</span> <span class='ocrx_word' id='word_1_69' title='bbox 1443 798 1622 837; x_wconf 87' lang='lat' dir='ltr'>mandata</span> <span class='ocrx_word' id='word_1_70' title='bbox 1649 799 1783 844; x_wconf 83' lang='lat' dir='ltr'>literis,</span> 
     </span>
     <span class='ocr_line' id='line_1_9' title="bbox 376 863 1784 918; baseline 0.002 -17"><span class='ocrx_word' id='word_1_71' title='bbox 376 864 532 902; x_wconf 86' lang='lat' dir='ltr'>nullutn</span> <span class='ocrx_word' id='word_1_72' title='bbox 551 876 649 916; x_wconf 83' lang='lat' dir='ltr'>opus</span> <span class='ocrx_word' id='word_1_73' title='bbox 669 863 754 908; x_wconf 91' lang='lat' dir='ltr'>otii,</span> <span class='ocrx_word' id='word_1_74' title='bbox 786 863 942 902; x_wconf 87' lang='lat' dir='ltr'>nullum</span> <span class='ocrx_word' id='word_1_75' title='bbox 963 863 1180 903; x_wconf 84' lang='lat' dir='ltr'>solitudinis</span> <span class='ocrx_word' id='word_1_76' title='bbox 1200 879 1344 903; x_wconf 86' lang='lat' dir='ltr'>munus</span> <span class='ocrx_word' id='word_1_77' title='bbox 1365 875 1482 904; x_wconf 87' lang='lat' dir='ltr'>extat.</span> <span class='ocrx_word' id='word_1_78' title='bbox 1529 866 1592 903; x_wconf 82' lang='lat' dir='ltr'>Ex</span> <span class='ocrx_word' id='word_1_79' title='bbox 1610 879 1689 918; x_wconf 90' lang='lat' dir='ltr'>quo</span> <span class='ocrx_word' id='word_1_80' title='bbox 1722 866 1784 903; x_wconf 91' lang='lat' dir='ltr'>in-</span> 
     </span>
     <span class='ocr_line' id='line_1_10' title="bbox 376 929 1786 984; baseline 0.001 -16"><span class='ocrx_word' id='word_1_81' title='bbox 376 929 500 982; x_wconf 84' lang='lat' dir='ltr'>telligi</span> <span class='ocrx_word' id='word_1_82' title='bbox 520 929 646 974; x_wconf 87' lang='lat' dir='ltr'>debet,</span> <span class='ocrx_word' id='word_1_83' title='bbox 679 929 794 968; x_wconf 88' lang='lat' dir='ltr'>illum</span> <span class='ocrx_word' id='word_1_84' title='bbox 826 930 967 968; x_wconf 89' lang='lat' dir='ltr'>mentis</span> <span class='ocrx_word' id='word_1_85' title='bbox 1003 931 1224 984; x_wconf 79' lang='lat' dir='ltr'>agitatione,</span> <span class='ocrx_word' id='word_1_86' title='bbox 1255 930 1624 984; x_wconf 85' lang='lat' dir='ltr'>investigationeque</span> <span class='ocrx_word' id='word_1_87' title='bbox 1653 945 1786 970; x_wconf 87' lang='lat' dir='ltr'>earum</span> 
     </span>
     <span class='ocr_line' id='line_1_11' title="bbox 375 995 1785 1050; baseline 0.002 -17"><span class='ocrx_word' id='word_1_88' title='bbox 375 1009 518 1041; x_wconf 90' lang='lat' dir='ltr'>rerum,</span> <span class='ocrx_word' id='word_1_89' title='bbox 550 1009 643 1049; x_wconf 87' lang='lat' dir='ltr'>quas</span> <span class='ocrx_word' id='word_1_90' title='bbox 665 995 870 1049; x_wconf 83' lang='lat' dir='ltr'>cogitando</span> <span class='ocrx_word' id='word_1_91' title='bbox 901 996 1217 1050; x_wconf 84' lang='lat' dir='ltr'>consequebatur,</span> <span class='ocrx_word' id='word_1_92' title='bbox 1255 1011 1325 1036; x_wconf 89' lang='lat' dir='ltr'>nec</span> <span class='ocrx_word' id='word_1_93' title='bbox 1356 997 1538 1043; x_wconf 89' lang='lat' dir='ltr'>otiosum,</span> <span class='ocrx_word' id='word_1_94' title='bbox 1569 1011 1640 1036; x_wconf 89' lang='lat' dir='ltr'>nec</span> <span class='ocrx_word' id='word_1_95' title='bbox 1661 997 1785 1036; x_wconf 88' lang='lat' dir='ltr'>solum</span> 
     </span>
     <span class='ocr_line' id='line_1_12' title="bbox 375 1061 1786 1116; baseline 0.003 -17"><span class='ocrx_word' id='word_1_96' title='bbox 375 1075 549 1114; x_wconf 89' lang='lat' dir='ltr'>unquam</span> <span class='ocrx_word' id='word_1_97' title='bbox 570 1061 694 1101; x_wconf 73' lang='lat' dir='ltr'>fuisse.</span> <span class='ocrx_word' id='word_1_98' title='bbox 718 1062 804 1101; x_wconf 89' lang='lat' dir='ltr'>Nos</span> <span class='ocrx_word' id='word_1_99' title='bbox 825 1072 968 1109; x_wconf 83' lang='lat' dir='ltr'>autem,</span> <span class='ocrx_word' id='word_1_100' title='bbox 991 1064 1060 1116; x_wconf 88' lang='lat' dir='ltr'>qui</span> <span class='ocrx_word' id='word_1_101' title='bbox 1080 1078 1157 1102; x_wconf 90' lang='lat' dir='ltr'>non</span> <span class='ocrx_word' id='word_1_102' title='bbox 1176 1073 1328 1102; x_wconf 77' lang='lat' dir='ltr'>tantum</span> <span class='ocrx_word' id='word_1_103' title='bbox 1349 1063 1495 1103; x_wconf 84' lang='lat' dir='ltr'>roboris</span> <span class='ocrx_word' id='word_1_104' title='bbox 1516 1063 1720 1109; x_wconf 85' lang='lat' dir='ltr'>habemus,</span> <span class='ocrx_word' id='word_1_105' title='bbox 1743 1072 1786 1103; x_wconf 87' lang='lat' dir='ltr'>ut</span> 
     </span>
     <span class='ocr_line' id='line_1_13' title="bbox 375 1129 1785 1187; baseline 0.001 -21"><span class='ocrx_word' id='word_1_106' title='bbox 375 1129 609 1181; x_wconf 87' lang='lat' dir='ltr'>cogitatione</span> <span class='ocrx_word' id='word_1_107' title='bbox 642 1130 755 1167; x_wconf 81' lang='lat' dir='ltr'>tacita</span> <span class='ocrx_word' id='word_1_108' title='bbox 787 1142 807 1166; x_wconf 85' lang='lat' dir='ltr'>a</span> <span class='ocrx_word' id='word_1_109' title='bbox 838 1129 1044 1169; x_wconf 88' lang='lat' dir='ltr'>solitudine</span> <span class='ocrx_word' id='word_1_110' title='bbox 1075 1129 1351 1176; x_wconf 87' lang='lat' dir='ltr'>abstrahamur,</span> <span class='ocrx_word' id='word_1_111' title='bbox 1386 1131 1433 1169; x_wconf 91' lang='lat' dir='ltr'>ad</span> <span class='ocrx_word' id='word_1_112' title='bbox 1462 1129 1562 1169; x_wconf 90' lang='lat' dir='ltr'>hanc</span> <span class='ocrx_word' id='word_1_113' title='bbox 1595 1130 1785 1187; x_wconf 87' lang='lat' dir='ltr'>scribendi</span> 
     </span>
     <span class='ocr_line' id='line_1_14' title="bbox 374 1195 1786 1250; baseline 0.002 -17"><span class='ocrx_word' id='word_1_114' title='bbox 374 1208 529 1248; x_wconf 84' lang='lat' dir='ltr'>operam</span> <span class='ocrx_word' id='word_1_115' title='bbox 550 1209 666 1234; x_wconf 90' lang='lat' dir='ltr'>omne</span> <span class='ocrx_word' id='word_1_116' title='bbox 686 1195 856 1234; x_wconf 91' lang='lat' dir='ltr'>studium</span> <span class='ocrx_word' id='word_1_117' title='bbox 878 1210 1089 1250; x_wconf 85' lang='lat' dir='ltr'>curamque</span> <span class='ocrx_word' id='word_1_118' title='bbox 1105 1199 1381 1237; x_wconf 87' lang='lat' dir='ltr'>convertimus.</span> <span class='ocrx_word' id='word_1_119' title='bbox 1404 1199 1539 1250; x_wconf 89' lang='lat' dir='ltr'>Itaque</span> <span class='ocrx_word' id='word_1_120' title='bbox 1556 1197 1665 1250; x_wconf 86' lang='lat' dir='ltr'>plura</span> <span class='ocrx_word' id='word_1_121' title='bbox 1680 1197 1786 1236; x_wconf 85' lang='lat' dir='ltr'>brevi</span> 
     </span>
     <span class='ocr_line' id='line_1_15' title="bbox 374 1261 1784 1318; baseline 0.001 -19"><span class='ocrx_word' id='word_1_122' title='bbox 374 1271 560 1315; x_wconf 89' lang='lat' dir='ltr'>tempore,</span> <span class='ocrx_word' id='word_1_123' title='bbox 577 1261 716 1307; x_wconf 65' lang='lat' dir='ltr'>eversa,</span> <span class='ocrx_word' id='word_1_124' title='bbox 738 1276 857 1315; x_wconf 90' lang='lat' dir='ltr'>quam</span> <span class='ocrx_word' id='word_1_125' title='bbox 879 1263 1014 1301; x_wconf 91' lang='lat' dir='ltr'>multis</span> <span class='ocrx_word' id='word_1_126' title='bbox 1035 1264 1142 1302; x_wconf 86' lang='lat' dir='ltr'>annis</span> <span class='ocrx_word' id='word_1_127' title='bbox 1163 1264 1296 1310; x_wconf 89' lang='lat' dir='ltr'>stante,</span> <span class='ocrx_word' id='word_1_128' title='bbox 1318 1264 1530 1318; x_wconf 70' lang='lat' dir='ltr'>republica,</span> <span class='ocrx_word' id='word_1_129' title='bbox 1551 1263 1784 1317; x_wconf 81' lang='lat' dir='ltr'>scripsimus.</span> 
     </span>
    </p>

    <p class='ocr_par' dir='ltr' id='par_1_4' title="bbox 370 1328 1786 2708">
     <span class='ocr_line' id='line_1_16' title="bbox 416 1328 1784 1384; baseline 0.001 -17"><span class='ocrx_word' id='word_1_130' title='bbox 416 1329 470 1368; x_wconf 92' lang='lat'>11.</span> <span class='ocrx_word' id='word_1_131' title='bbox 493 1329 580 1375; x_wconf 91' lang='lat' dir='ltr'>Sed,</span> <span class='ocrx_word' id='word_1_132' title='bbox 602 1343 695 1368; x_wconf 91' lang='lat' dir='ltr'>cum</span> <span class='ocrx_word' id='word_1_133' title='bbox 716 1338 795 1368; x_wconf 86' lang='lat' dir='ltr'>tota</span> <span class='ocrx_word' id='word_1_134' title='bbox 810 1328 1068 1383; x_wconf 89' lang='lat' dir='ltr'>philosophia,</span> <span class='ocrx_word' id='word_1_135' title='bbox 1091 1330 1147 1369; x_wconf 90' lang='lat' dir='ltr'>mi</span> <span class='ocrx_word' id='word_1_136' title='bbox 1169 1332 1322 1377; x_wconf 89' lang='lat' dir='ltr'>Cicero,</span> <span class='ocrx_word' id='word_1_137' title='bbox 1343 1330 1529 1384; x_wconf 88' lang='lat' dir='ltr'>frugifera</span> <span class='ocrx_word' id='word_1_138' title='bbox 1549 1340 1586 1369; x_wconf 91' lang='lat' dir='ltr'>et</span> <span class='ocrx_word' id='word_1_139' title='bbox 1607 1330 1784 1369; x_wconf 61' lang='lat' dir='ltr'>fructuo-</span> 
     </span>
     <span class='ocr_line' id='line_1_17' title="bbox 373 1394 1785 1449; baseline 0.002 -16"><span class='ocrx_word' id='word_1_140' title='bbox 373 1394 422 1440; x_wconf 85' lang='lat' dir='ltr'>sa,</span> <span class='ocrx_word' id='word_1_141' title='bbox 454 1409 524 1434; x_wconf 91' lang='lat' dir='ltr'>nec</span> <span class='ocrx_word' id='word_1_142' title='bbox 546 1396 624 1434; x_wconf 88' lang='lat' dir='ltr'>ulla</span> <span class='ocrx_word' id='word_1_143' title='bbox 642 1409 727 1449; x_wconf 89' lang='lat' dir='ltr'>pars</span> <span class='ocrx_word' id='word_1_144' title='bbox 753 1396 835 1448; x_wconf 86' lang='lat' dir='ltr'>ejus</span> <span class='ocrx_word' id='word_1_145' title='bbox 863 1396 1012 1435; x_wconf 88' lang='lat' dir='ltr'>inculta</span> <span class='ocrx_word' id='word_1_146' title='bbox 1029 1409 1074 1434; x_wconf 85' lang='lat' dir='ltr'>ae</span> <span class='ocrx_word' id='word_1_147' title='bbox 1092 1396 1235 1435; x_wconf 87' lang='lat' dir='ltr'>deserta</span> <span class='ocrx_word' id='word_1_148' title='bbox 1254 1397 1323 1443; x_wconf 87' lang='lat' dir='ltr'>s1t;</span> <span class='ocrx_word' id='word_1_149' title='bbox 1356 1406 1443 1436; x_wconf 88' lang='lat' dir='ltr'>tum</span> <span class='ocrx_word' id='word_1_150' title='bbox 1475 1397 1605 1436; x_wconf 88' lang='lat' dir='ltr'>nullus</span> <span class='ocrx_word' id='word_1_151' title='bbox 1626 1396 1785 1436; x_wconf 83' lang='lat' dir='ltr'>feracior</span> 
     </span>
     <span class='ocr_line' id='line_1_18' title="bbox 372 1461 1785 1517; baseline 0.001 -17"><span class='ocrx_word' id='word_1_152' title='bbox 372 1461 413 1500; x_wconf 89' lang='lat' dir='ltr'>in</span> <span class='ocrx_word' id='word_1_153' title='bbox 434 1475 476 1500; x_wconf 89' lang='lat' dir='ltr'>ea</span> <span class='ocrx_word' id='word_1_154' title='bbox 497 1462 605 1502; x_wconf 85' lang='lat' dir='ltr'>locus</span> <span class='ocrx_word' id='word_1_155' title='bbox 631 1463 698 1508; x_wconf 90' lang='lat' dir='ltr'>est,</span> <span class='ocrx_word' id='word_1_156' title='bbox 722 1476 791 1502; x_wconf 89' lang='lat' dir='ltr'>nec</span> <span class='ocrx_word' id='word_1_157' title='bbox 813 1463 990 1509; x_wconf 87' lang='lat' dir='ltr'>uberior,</span> <span class='ocrx_word' id='word_1_158' title='bbox 1022 1477 1141 1516; x_wconf 89' lang='lat' dir='ltr'>quam</span> <span class='ocrx_word' id='word_1_159' title='bbox 1167 1463 1215 1502; x_wconf 90' lang='lat' dir='ltr'>de</span> <span class='ocrx_word' id='word_1_160' title='bbox 1233 1464 1386 1509; x_wconf 88' lang='lat' dir='ltr'>officiis,</span> <span class='ocrx_word' id='word_1_161' title='bbox 1403 1478 1424 1502; x_wconf 89' lang='lat' dir='ltr'>a</span> <span class='ocrx_word' id='word_1_162' title='bbox 1442 1464 1585 1517; x_wconf 89' lang='lat' dir='ltr'>quibus</span> <span class='ocrx_word' id='word_1_163' title='bbox 1605 1463 1785 1502; x_wconf 88' lang='lat' dir='ltr'>constan·-</span> 
     </span>
     <span class='ocr_line' id='line_1_19' title="bbox 372 1527 1785 1583; baseline 0.001 -17"><span class='ocrx_word' id='word_1_164' title='bbox 372 1536 429 1566; x_wconf 91' lang='lat' dir='ltr'>ter</span> <span class='ocrx_word' id='word_1_165' title='bbox 459 1527 693 1581; x_wconf 88' lang='lat' dir='ltr'>honesteque</span> <span class='ocrx_word' id='word_1_166' title='bbox 721 1530 877 1568; x_wconf 89' lang='lat' dir='ltr'>vivendi</span> <span class='ocrx_word' id='word_1_167' title='bbox 901 1539 1091 1583; x_wconf 87' lang='lat' dir='ltr'>praecepta</span> <span class='ocrx_word' id='word_1_168' title='bbox 1123 1530 1335 1569; x_wconf 88' lang='lat' dir='ltr'>ducuntur.</span> <span class='ocrx_word' id='word_1_169' title='bbox 1385 1532 1530 1582; x_wconf 85' lang='lat' dir='ltr'>Qare,</span> <span class='ocrx_word' id='word_1_170' title='bbox 1561 1543 1785 1583; x_wconf 88' lang='lat' dir='ltr'>quanquam</span> 
     </span>
     <span class='ocr_line' id='line_1_20' title="bbox 372 1594 1782 1650; baseline 0.002 -18"><span class='ocrx_word' id='word_1_171' title='bbox 372 1608 394 1632; x_wconf 87' lang='lat' dir='ltr'>a</span> <span class='ocrx_word' id='word_1_172' title='bbox 429 1596 616 1648; x_wconf 86' lang='lat' dir='ltr'>Cratippo</span> <span class='ocrx_word' id='word_1_173' title='bbox 650 1594 800 1641; x_wconf 89' lang='lat' dir='ltr'>nostr0,</span> <span class='ocrx_word' id='word_1_174' title='bbox 845 1596 1020 1650; x_wconf 88' lang='lat' dir='ltr'>principe</span> <span class='ocrx_word' id='word_1_175' title='bbox 1057 1595 1174 1649; x_wconf 88' lang='lat' dir='ltr'>hujus</span> <span class='ocrx_word' id='word_1_176' title='bbox 1213 1598 1410 1635; x_wconf 89' lang='lat' dir='ltr'>memoriae</span> <span class='ocrx_word' id='word_1_177' title='bbox 1443 1595 1782 1650; x_wconf 87' lang='lat' dir='ltr'>philosophorum,</span> 
     </span>
     <span class='ocr_line' id='line_1_21' title="bbox 372 1660 1782 1715; baseline 0.002 -16"><span class='ocrx_word' id='word_1_178' title='bbox 372 1660 454 1699; x_wconf 85' lang='lat' dir='ltr'>haec</span> <span class='ocrx_word' id='word_1_179' title='bbox 490 1671 527 1699; x_wconf 93' lang='lat' dir='ltr'>te</span> <span class='ocrx_word' id='word_1_180' title='bbox 559 1661 699 1700; x_wconf 85' lang='lat' dir='ltr'>aflidue</span> <span class='ocrx_word' id='word_1_181' title='bbox 730 1661 859 1700; x_wconf 91' lang='lat' dir='ltr'>audire</span> <span class='ocrx_word' id='word_1_182' title='bbox 893 1671 1008 1715; x_wconf 91' lang='lat' dir='ltr'>atque</span> <span class='ocrx_word' id='word_1_183' title='bbox 1041 1663 1212 1715; x_wconf 90' lang='lat' dir='ltr'>accipere</span> <span class='ocrx_word' id='word_1_184' title='bbox 1245 1662 1429 1707; x_wconf 90' lang='lat' dir='ltr'>confido,</span> <span class='ocrx_word' id='word_1_185' title='bbox 1472 1672 1601 1701; x_wconf 89' lang='lat' dir='ltr'>tamen</span> <span class='ocrx_word' id='word_1_186' title='bbox 1631 1663 1782 1702; x_wconf 90' lang='lat' dir='ltr'>condu-</span> 
     </span>
     <span class='ocr_line' id='line_1_22' title="bbox 372 1727 1783 1782; baseline 0.001 -16"><span class='ocrx_word' id='word_1_187' title='bbox 372 1741 457 1766; x_wconf 86' lang='lat' dir='ltr'>cere</span> <span class='ocrx_word' id='word_1_188' title='bbox 477 1727 654 1774; x_wconf 89' lang='lat' dir='ltr'>arbitror,</span> <span class='ocrx_word' id='word_1_189' title='bbox 686 1728 826 1767; x_wconf 85' lang='lat' dir='ltr'>talibus</span> <span class='ocrx_word' id='word_1_190' title='bbox 861 1742 968 1767; x_wconf 89' lang='lat' dir='ltr'>aures</span> <span class='ocrx_word' id='word_1_191' title='bbox 1001 1737 1084 1767; x_wconf 85' lang='lat' dir='ltr'>tuas</span> <span class='ocrx_word' id='word_1_192' title='bbox 1118 1728 1279 1767; x_wconf 87' lang='lat' dir='ltr'>vocibus</span> <span class='ocrx_word' id='word_1_193' title='bbox 1313 1729 1486 1782; x_wconf 87' lang='lat' dir='ltr'>undique</span> <span class='ocrx_word' id='word_1_194' title='bbox 1520 1729 1783 1769; x_wconf 89' lang='lat' dir='ltr'>circumsona-</span> 
     </span>
     <span class='ocr_line' id='line_1_23' title="bbox 373 1795 1784 1849; baseline 0.002 -16"><span class='ocrx_word' id='word_1_195' title='bbox 373 1809 435 1841; x_wconf 85' lang='lat' dir='ltr'>re;</span> <span class='ocrx_word' id='word_1_196' title='bbox 468 1809 538 1833; x_wconf 92' lang='lat' dir='ltr'>nec</span> <span class='ocrx_word' id='word_1_197' title='bbox 559 1809 634 1841; x_wconf 88' lang='lat' dir='ltr'>eas,</span> <span class='ocrx_word' id='word_1_198' title='bbox 665 1795 691 1834; x_wconf 91' lang='lat' dir='ltr'>fi</span> <span class='ocrx_word' id='word_1_199' title='bbox 713 1795 794 1833; x_wconf 88' lang='lat' dir='ltr'>fieri</span> <span class='ocrx_word' id='word_1_200' title='bbox 815 1795 941 1849; x_wconf 85' lang='lat' dir='ltr'>poffit,</span> <span class='ocrx_word' id='word_1_201' title='bbox 972 1795 1186 1849; x_wconf 85' lang='lat' dir='ltr'>quidquam</span> <span class='ocrx_word' id='word_1_202' title='bbox 1218 1796 1323 1834; x_wconf 85' lang='lat' dir='ltr'>aliud</span> <span class='ocrx_word' id='word_1_203' title='bbox 1349 1796 1491 1835; x_wconf 85' lang='lat' dir='ltr'>audire.</span> <span class='ocrx_word' id='word_1_204' title='bbox 1545 1796 1665 1848; x_wconf 85' lang='lat' dir='ltr'>Qod</span> <span class='ocrx_word' id='word_1_205' title='bbox 1690 1810 1784 1836; x_wconf 90' lang='lat' dir='ltr'>cum</span> 
     </span>
     <span class='ocr_line' id='line_1_24' title="bbox 371 1861 1783 1915; baseline 0.001 -15"><span class='ocrx_word' id='word_1_206' title='bbox 371 1863 558 1900; x_wconf 82' lang='lat' dir='ltr'>omnibus</span> <span class='ocrx_word' id='word_1_207' title='bbox 584 1862 638 1900; x_wconf 91' lang='lat' dir='ltr'>est</span> <span class='ocrx_word' id='word_1_208' title='bbox 667 1861 905 1908; x_wconf 89' lang='lat' dir='ltr'>faciendum,</span> <span class='ocrx_word' id='word_1_209' title='bbox 936 1863 1005 1915; x_wconf 90' lang='lat' dir='ltr'>qui</span> <span class='ocrx_word' id='word_1_210' title='bbox 1038 1863 1158 1900; x_wconf 92' lang='lat' dir='ltr'>vitam</span> <span class='ocrx_word' id='word_1_211' title='bbox 1189 1861 1387 1901; x_wconf 89' lang='lat' dir='ltr'>honestam</span> <span class='ocrx_word' id='word_1_212' title='bbox 1415 1862 1565 1915; x_wconf 87' lang='lat' dir='ltr'>ingredi</span> <span class='ocrx_word' id='word_1_213' title='bbox 1596 1863 1783 1915; x_wconf 86' lang='lat' dir='ltr'>cogitant,</span> 
     </span>
     <span class='ocr_line' id='line_1_25' title="bbox 372 1927 1786 1982; baseline 0.002 -16"><span class='ocrx_word' id='word_1_214' title='bbox 372 1937 458 1967; x_wconf 88' lang='lat' dir='ltr'>tum</span> <span class='ocrx_word' id='word_1_215' title='bbox 489 1927 593 1966; x_wconf 89' lang='lat' dir='ltr'>haud</span> <span class='ocrx_word' id='word_1_216' title='bbox 623 1929 714 1973; x_wconf 89' lang='lat' dir='ltr'>scio,</span> <span class='ocrx_word' id='word_1_217' title='bbox 746 1942 792 1967; x_wconf 89' lang='lat' dir='ltr'>an</span> <span class='ocrx_word' id='word_1_218' title='bbox 822 1929 972 1967; x_wconf 90' lang='lat' dir='ltr'>nemini</span> <span class='ocrx_word' id='word_1_219' title='bbox 1003 1929 1147 1982; x_wconf 88' lang='lat' dir='ltr'>potius,</span> <span class='ocrx_word' id='word_1_220' title='bbox 1178 1942 1298 1981; x_wconf 88' lang='lat' dir='ltr'>quam</span> <span class='ocrx_word' id='word_1_221' title='bbox 1328 1929 1416 1968; x_wconf 92' lang='lat' dir='ltr'>tibi.</span> <span class='ocrx_word' id='word_1_222' title='bbox 1477 1929 1644 1968; x_wconf 89' lang='lat' dir='ltr'>Sustines</span> <span class='ocrx_word' id='word_1_223' title='bbox 1678 1930 1786 1969; x_wconf 89' lang='lat' dir='ltr'>enim</span> 
     </span>
     <span class='ocr_line' id='line_1_26' title="bbox 370 1989 1785 2048; baseline 0.001 -15"><span class='ocrx_word' id='word_1_224' title='bbox 370 2008 449 2033; x_wconf 89' lang='lat' dir='ltr'>non</span> <span class='ocrx_word' id='word_1_225' title='bbox 469 1989 625 2047; x_wconf 75' lang='lat' dir='ltr'>parvam</span> <span class='ocrx_word' id='word_1_226' title='bbox 645 1995 951 2047; x_wconf 62' lang='lat' dir='ltr'>expectationem</span> <span class='ocrx_word' id='word_1_227' title='bbox 983 1994 1179 2033; x_wconf 82' lang='lat' dir='ltr'>imitandae</span> <span class='ocrx_word' id='word_1_228' title='bbox 1205 1994 1397 2033; x_wconf 83' lang='lat' dir='ltr'>industriae</span> <span class='ocrx_word' id='word_1_229' title='bbox 1419 1994 1565 2041; x_wconf 87' lang='lat' dir='ltr'>nostrae,</span> <span class='ocrx_word' id='word_1_230' title='bbox 1601 2008 1785 2048; x_wconf 88' lang='lat' dir='ltr'>magnam</span> 
     </span>
     <span class='ocr_line' id='line_1_27' title="bbox 370 2061 1786 2115; baseline 0.001 -16"><span class='ocrx_word' id='word_1_231' title='bbox 370 2061 582 2107; x_wconf 87' lang='lat' dir='ltr'>honorum,</span> <span class='ocrx_word' id='word_1_232' title='bbox 604 2062 836 2101; x_wconf 90' lang='lat' dir='ltr'>nonnullam</span> <span class='ocrx_word' id='word_1_233' title='bbox 854 2061 1006 2101; x_wconf 77' lang='lat' dir='ltr'>fortasse</span> <span class='ocrx_word' id='word_1_234' title='bbox 1038 2062 1224 2101; x_wconf 86' lang='lat' dir='ltr'>nominis.</span> <span class='ocrx_word' id='word_1_235' title='bbox 1268 2061 1468 2115; x_wconf 88' lang='lat' dir='ltr'>Suscepisti</span> <span class='ocrx_word' id='word_1_236' title='bbox 1488 2074 1586 2100; x_wconf 86' lang='lat' dir='ltr'>onus</span> <span class='ocrx_word' id='word_1_237' title='bbox 1606 2071 1786 2115; x_wconf 86' lang='lat' dir='ltr'>praeterea</span> 
     </span>
     <span class='ocr_line' id='line_1_28' title="bbox 371 2127 1785 2182; baseline 0.002 -18"><span class='ocrx_word' id='word_1_238' title='bbox 371 2140 483 2180; x_wconf 86' lang='lat' dir='ltr'>grave</span> <span class='ocrx_word' id='word_1_239' title='bbox 513 2137 551 2165; x_wconf 89' lang='lat' dir='ltr'>et</span> <span class='ocrx_word' id='word_1_240' title='bbox 582 2127 843 2174; x_wconf 88' lang='lat' dir='ltr'>Athenarum,</span> <span class='ocrx_word' id='word_1_241' title='bbox 873 2138 911 2167; x_wconf 92' lang='lat' dir='ltr'>et</span> <span class='ocrx_word' id='word_1_242' title='bbox 933 2129 1137 2182; x_wconf 72' lang='lat' dir='ltr'>Cratippi,</span> <span class='ocrx_word' id='word_1_243' title='bbox 1170 2128 1216 2165; x_wconf 88' lang='lat' dir='ltr'>ad</span> <span class='ocrx_word' id='word_1_244' title='bbox 1248 2141 1345 2180; x_wconf 85' lang='lat' dir='ltr'>quos</span> <span class='ocrx_word' id='word_1_245' title='bbox 1377 2141 1484 2172; x_wconf 91' lang='lat' dir='ltr'>cum,</span> <span class='ocrx_word' id='word_1_246' title='bbox 1521 2137 1706 2180; x_wconf 88' lang='lat' dir='ltr'>tanquam</span> <span class='ocrx_word' id='word_1_247' title='bbox 1737 2129 1785 2168; x_wconf 91' lang='lat' dir='ltr'>ad</span> 
     </span>
     <span class='ocr_line' id='line_1_29' title="bbox 372 2192 1784 2246; baseline 0.001 -14"><span class='ocrx_word' id='word_1_248' title='bbox 372 2202 630 2232; x_wconf 88' lang='lat' dir='ltr'>mercaturam</span> <span class='ocrx_word' id='word_1_249' title='bbox 651 2194 841 2233; x_wconf 90' lang='lat' dir='ltr'>bonarum</span> <span class='ocrx_word' id='word_1_250' title='bbox 861 2195 1018 2239; x_wconf 91' lang='lat' dir='ltr'>artium,</span> <span class='ocrx_word' id='word_1_251' title='bbox 1051 2195 1095 2232; x_wconf 87' lang='lat' dir='ltr'>fis</span> <span class='ocrx_word' id='word_1_252' title='bbox 1120 2192 1330 2246; x_wconf 58' lang='lat' dir='ltr'>profectus,</span> <span class='ocrx_word' id='word_1_253' title='bbox 1361 2194 1516 2232; x_wconf 87' lang='lat' dir='ltr'>inanem</span> <span class='ocrx_word' id='word_1_254' title='bbox 1547 2194 1668 2232; x_wconf 91' lang='lat' dir='ltr'>redire</span> <span class='ocrx_word' id='word_1_255' title='bbox 1699 2204 1784 2234; x_wconf 86' lang='lat' dir='ltr'>tur-</span> 
     </span>
     <span class='ocr_line' id='line_1_30' title="bbox 373 2259 1780 2314; baseline 0.002 -17"><span class='ocrx_word' id='word_1_256' title='bbox 373 2259 573 2313; x_wconf 85' lang='lat' dir='ltr'>piffimum</span> <span class='ocrx_word' id='word_1_257' title='bbox 593 2259 660 2304; x_wconf 89' lang='lat' dir='ltr'>est,</span> <span class='ocrx_word' id='word_1_258' title='bbox 692 2260 985 2298; x_wconf 85' lang='lat' dir='ltr'>dedecorantem</span> <span class='ocrx_word' id='word_1_259' title='bbox 1006 2269 1045 2296; x_wconf 92' lang='lat' dir='ltr'>et</span> <span class='ocrx_word' id='word_1_260' title='bbox 1078 2259 1184 2297; x_wconf 88' lang='lat' dir='ltr'>urbis</span> <span class='ocrx_word' id='word_1_261' title='bbox 1218 2259 1496 2305; x_wconf 61' lang='lat' dir='ltr'>auctoritatem,</span> <span class='ocrx_word' id='word_1_262' title='bbox 1528 2269 1566 2298; x_wconf 91' lang='lat' dir='ltr'>et</span> <span class='ocrx_word' id='word_1_263' title='bbox 1597 2261 1780 2314; x_wconf 87' lang='lat' dir='ltr'>magistri.</span> 
     </span>
     <span class='ocr_line' id='line_1_31' title="bbox 373 2325 1782 2379; baseline 0.003 -16"><span class='ocrx_word' id='word_1_264' title='bbox 373 2326 517 2378; x_wconf 85' lang='lat' dir='ltr'>Qare,</span> <span class='ocrx_word' id='word_1_265' title='bbox 551 2336 742 2379; x_wconf 87' lang='lat' dir='ltr'>quantum</span> <span class='ocrx_word' id='word_1_266' title='bbox 763 2326 911 2365; x_wconf 90' lang='lat' dir='ltr'>conniti</span> <span class='ocrx_word' id='word_1_267' title='bbox 931 2325 1062 2364; x_wconf 90' lang='lat' dir='ltr'>animo</span> <span class='ocrx_word' id='word_1_268' title='bbox 1089 2335 1212 2378; x_wconf 89' lang='lat' dir='ltr'>potes,</span> <span class='ocrx_word' id='word_1_269' title='bbox 1240 2335 1433 2378; x_wconf 88' lang='lat' dir='ltr'>quantum</span> <span class='ocrx_word' id='word_1_270' title='bbox 1459 2326 1588 2365; x_wconf 91' lang='lat' dir='ltr'>labore</span> <span class='ocrx_word' id='word_1_271' title='bbox 1618 2337 1782 2367; x_wconf 85' lang='lat' dir='ltr'>conten-</span> 
     </span>
     <span class='ocr_line' id='line_1_32' title="bbox 372 2391 1782 2446; baseline 0.003 -17"><span class='ocrx_word' id='word_1_272' title='bbox 372 2391 459 2430; x_wconf 89' lang='lat' dir='ltr'>dere</span> <span class='ocrx_word' id='word_1_273' title='bbox 481 2393 526 2444; x_wconf 86' lang='lat' dir='ltr'>(fi</span> <span class='ocrx_word' id='word_1_274' title='bbox 547 2393 716 2431; x_wconf 88' lang='lat' dir='ltr'>discendi</span> <span class='ocrx_word' id='word_1_275' title='bbox 737 2393 844 2432; x_wconf 89' lang='lat' dir='ltr'>labor</span> <span class='ocrx_word' id='word_1_276' title='bbox 859 2393 911 2431; x_wconf 89' lang='lat' dir='ltr'>est</span> <span class='ocrx_word' id='word_1_277' title='bbox 931 2393 1076 2446; x_wconf 89' lang='lat' dir='ltr'>potius,</span> <span class='ocrx_word' id='word_1_278' title='bbox 1104 2406 1223 2445; x_wconf 84' lang='lat' dir='ltr'>quam</span> <span class='ocrx_word' id='word_1_279' title='bbox 1243 2392 1436 2446; x_wconf 88' lang='lat' dir='ltr'>voluptas)</span> <span class='ocrx_word' id='word_1_280' title='bbox 1469 2403 1622 2433; x_wconf 88' lang='lat' dir='ltr'>tantum</span> <span class='ocrx_word' id='word_1_281' title='bbox 1642 2393 1717 2440; x_wconf 89' lang='lat' dir='ltr'>fac,</span> <span class='ocrx_word' id='word_1_282' title='bbox 1739 2404 1782 2433; x_wconf 90' lang='lat' dir='ltr'>ut</span> 
     </span>
     <span class='ocr_line' id='line_1_33' title="bbox 372 2457 1782 2513; baseline 0.004 -19"><span class='ocrx_word' id='word_1_283' title='bbox 372 2457 542 2504; x_wconf 72' lang='lat' dir='ltr'>efficias3</span> <span class='ocrx_word' id='word_1_284' title='bbox 574 2474 668 2498; x_wconf 80' lang='lat' dir='ltr'>neve</span> <span class='ocrx_word' id='word_1_285' title='bbox 689 2461 929 2506; x_wconf 83' lang='lat' dir='ltr'>committas,</span> <span class='ocrx_word' id='word_1_286' title='bbox 956 2469 1013 2504; x_wconf 87' lang='lat' dir='ltr'>ut,</span> <span class='ocrx_word' id='word_1_287' title='bbox 1046 2473 1138 2497; x_wconf 85' lang='lat' dir='ltr'>cum</span> <span class='ocrx_word' id='word_1_288' title='bbox 1159 2459 1289 2498; x_wconf 89' lang='lat' dir='ltr'>omnia</span> <span class='ocrx_word' id='word_1_289' title='bbox 1307 2459 1547 2513; x_wconf 89' lang='lat' dir='ltr'>suppeditata</span> <span class='ocrx_word' id='word_1_290' title='bbox 1577 2460 1649 2499; x_wconf 79' lang='lat' dir='ltr'>sint</span> <span class='ocrx_word' id='word_1_291' title='bbox 1670 2475 1690 2499; x_wconf 91' lang='lat' dir='ltr'>a</span> <span class='ocrx_word' id='word_1_292' title='bbox 1710 2475 1782 2500; x_wconf 89' lang='lat' dir='ltr'>no-</span> 
     </span>
     <span class='ocr_line' id='line_1_34' title="bbox 374 2523 1783 2567; baseline 0.004 -8"><span class='ocrx_word' id='word_1_293' title='bbox 374 2523 448 2567; x_wconf 84' lang='lat' dir='ltr'>bis,</span> <span class='ocrx_word' id='word_1_294' title='bbox 471 2533 553 2561; x_wconf 88' lang='lat' dir='ltr'>tute</span> <span class='ocrx_word' id='word_1_295' title='bbox 583 2526 656 2563; x_wconf 88' lang='lat' dir='ltr'>tibi</span> <span class='ocrx_word' id='word_1_296' title='bbox 677 2525 837 2565; x_wconf 82' lang='lat' dir='ltr'>defuisse</span> <span class='ocrx_word' id='word_1_297' title='bbox 856 2527 1018 2564; x_wconf 81' lang='lat' dir='ltr'>videare.</span> <span class='ocrx_word' id='word_1_298' title='bbox 1067 2526 1137 2564; x_wconf 84' lang='lat' dir='ltr'>Sed</span> <span class='ocrx_word' id='word_1_299' title='bbox 1169 2524 1249 2564; x_wconf 88' lang='lat' dir='ltr'>haec</span> <span class='ocrx_word' id='word_1_300' title='bbox 1280 2524 1488 2565; x_wconf 61' lang='lat' dir='ltr'>hactenus:</span> <span class='ocrx_word' id='word_1_301' title='bbox 1522 2527 1646 2565; x_wconf 89' lang='lat' dir='ltr'>multa</span> <span class='ocrx_word' id='word_1_302' title='bbox 1676 2527 1783 2564; x_wconf 89' lang='lat' dir='ltr'>enim</span> 
     </span>
     <span class='ocr_line' id='line_1_35' title="bbox 374 2588 1781 2646; baseline 0.003 -20"><span class='ocrx_word' id='word_1_303' title='bbox 374 2588 468 2641; x_wconf 84' lang='lat' dir='ltr'>saepe</span> <span class='ocrx_word' id='word_1_304' title='bbox 487 2589 533 2627; x_wconf 89' lang='lat' dir='ltr'>ad</span> <span class='ocrx_word' id='word_1_305' title='bbox 555 2599 591 2627; x_wconf 90' lang='lat' dir='ltr'>te</span> <span class='ocrx_word' id='word_1_306' title='bbox 611 2590 838 2631; x_wconf 85' lang='lat' dir='ltr'>cohortandi</span> <span class='ocrx_word' id='word_1_307' title='bbox 864 2594 984 2645; x_wconf 81' lang='lat' dir='ltr'>gratia</span> <span class='ocrx_word' id='word_1_308' title='bbox 1014 2592 1246 2645; x_wconf 76' lang='lat' dir='ltr'>scripsimus.</span> <span class='ocrx_word' id='word_1_309' title='bbox 1277 2593 1399 2631; x_wconf 91' lang='lat' dir='ltr'>Nunc</span> <span class='ocrx_word' id='word_1_310' title='bbox 1420 2593 1466 2631; x_wconf 87' lang='lat' dir='ltr'>ad</span> <span class='ocrx_word' id='word_1_311' title='bbox 1486 2594 1674 2646; x_wconf 83' lang='lat' dir='ltr'>reliquam</span> <span class='ocrx_word' id='word_1_312' title='bbox 1694 2605 1781 2646; x_wconf 85' lang='lat' dir='ltr'>par-</span> 
     </span>
     <span class='ocr_line' id='line_1_36' title="bbox 374 2656 1157 2708; baseline 0.006 -16"><span class='ocrx_word' id='word_1_313' title='bbox 374 2665 455 2693; x_wconf 86' lang='lat' dir='ltr'>tem</span> <span class='ocrx_word' id='word_1_314' title='bbox 479 2656 678 2708; x_wconf 76' lang='lat' dir='ltr'>propositae</span> <span class='ocrx_word' id='word_1_315' title='bbox 699 2657 891 2697; x_wconf 80' lang='lat' dir='ltr'>divifionis</span> <span class='ocrx_word' id='word_1_316' title='bbox 914 2669 1157 2697; x_wconf 80' lang='lat' dir='ltr'>revertamur.</span> 
     </span>
    </p>
   </div>
   <div class='ocr_carea' id='block_1_3' title="bbox 477 2723 1480 2764">
    <p class='ocr_par' dir='ltr' id='par_1_5' title="bbox 477 2723 1480 2764">
     <span class='ocr_line' id='line_1_37' title="bbox 477 2723 1480 2764; baseline 0.004 -4"><span class='ocrx_word' id='word_1_317' title='bbox 477 2723 622 2761; x_wconf 52' lang='lat' dir='ltr'>Toxi.</span> <span class='ocrx_word' id='word_1_318' title='bbox 655 2724 730 2762; x_wconf 84' lang='grc' dir='ltr'><strong>ΙΙΙ.</strong></span> <span class='ocrx_word' id='word_1_319' title='bbox 1388 2726 1424 2764; x_wconf 89' lang='lat' dir='ltr'>K</span> <span class='ocrx_word' id='word_1_320' title='bbox 1456 2725 1480 2763; x_wconf 83' lang='lat' dir='ltr'>k</span> 
     </span>
    </p>
   </div>
  </div>
 </body>
</html>
