2223 3003
527 232 603 286 318
854 228 958 267 DE
1016 224 1592 264 SENECTUTE.

522 330 612 370 finis
632 330 683 368 est
702 327 888 381 optimus,
921 338 1028 369 cum,
1052 324 1200 376 integra
1219 331 1364 369 mente,
1391 321 1608 376 caeterisque
1627 321 1808 369 senfibus,
1828 337 1925 378 opus
1988 343 1989 346 ¹

523 396 603 449 ipsa
622 394 730 432 suum
752 391 898 436 eadem,
915 404 1000 443 quae
1019 389 1318 442 coagmentavit,
1340 397 1474 427 natura
1493 387 1674 427 diffolvit.
1696 389 1754 427 Ut
1774 401 1925 435 navem,

524 470 569 499 ut
593 458 802 498 aedificium
832 456 938 494 idem
957 455 1116 494 destruit
1134 453 1336 500 facillime,
1367 454 1435 507 qui
1454 453 1668 493 construxit
1682 472 1695 499 5
1726 453 1776 492 fic
1794 453 1928 492 homi—

524 539 616 565 nem
646 524 780 563 eadem
811 523 973 576 optime,
1007 535 1093 575 quae
1123 521 1421 575 conglutinavit,
1457 530 1591 560 natura
1618 519 1798 559 diffolvit.
1840 521 1930 572 Jam

523 591 653 630 omnis
683 588 967 643 conglutinatio
999 601 1128 626 recens
1161 601 1270 641 aegre,
1316 587 1522 626 inveterata
1551 585 1677 632 facile,
1716 585 1927 624 divellitur.

525 658 584 696 Ita
602 655 662 702 fit,
683 665 728 695 ut
747 654 846 694 illud
866 654 980 693 breve
1002 654 1090 692 vitae
1109 654 1305 706 reliquum
1333 666 1404 691 nec
1423 653 1531 691 avide
1549 652 1808 706 appetendum
1830 650 1930 690 seni·

525 723 613 768 bus,
645 735 716 761 nec
736 721 813 760 fine
832 720 940 759 causa
969 719 1219 758 deserendum
1239 720 1284 757 s1t
1299 738 1311 764 ς
1342 728 1519 772 vetatque
1538 718 1773 771 Pythagoras
1793 715 1933 769 injuss‘u

526 788 782 842 imperatoris,
813 788 854 825 id
884 786 951 831 est,
973 784 1065 831 Dei,
1100 786 1146 824 de
1166 785 1336 839 praefidio
1359 794 1398 824 et
1429 785 1588 824 statione
1617 785 1706 823 vitae
1735 783 1930 822 decedere.

527 855 676 895 Solonis
697 853 858 907 quidem
877 852 1055 904 sapientis
1085 851 1259 903 elogium
1292 851 1359 896 est,
1394 864 1474 903 quo
1503 851 1539 890 se
1559 861 1671 905 negat
1705 851 1802 889 velle
1826 850 1932 888 suam

528 931 696 960 mortem
716 919 848 957 dolore
866 918 1083 956 amicorum
1103 926 1142 955 et
1161 917 1341 955 lamentis
1361 929 1490 955 vacare
1507 932 1516 955 ε
1539 918 1638 963 vult,
1659 917 1787 963 credo,
1808 916 1844 955 se
1863 915 1934 954 effe

528 999 661 1026 carum
678 986 768 1024 suis.
800 983 872 1023 Sed
891 982 996 1021 haud
1015 983 1106 1027 scio,
1129 995 1175 1020 an
1196 982 1337 1020 melius
1358 982 1525 1027 Ennius,

666 1054 782 1092 Nemo
800 1065 854 1090 me
872 1050 1038 1104 lacrymis
1054 1049 1205 1095 decoret,
1237 1063 1345 1104 neque
1349 1049 1494 1103 funera
1499 1049 1597 1103 fletu

665 1117 797 1158 Faxit.

520 1186 616 1226 Non
629 1185 756 1225 censet
767 1185 976 1239 lugendam
985 1185 1057 1225 esse
1066 1194 1248 1232 mortem,
1257 1199 1376 1239 quam
1389 1185 1658 1224 immortalitas
1667 1183 1934 1237 consequatur.

586 1254 675 1304 Jam
707 1252 830 1291 sensus
869 1252 1062 1291 moriendi
1094 1252 1233 1305 aliquis
1259 1251 1330 1290 effe
1368 1252 1504 1305 potest,
1535 1251 1641 1304 isque
1671 1250 1717 1288 ad
1750 1250 1938 1302 exiguum

529 1328 699 1372 tempus,
730 1319 937 1372 praesertim
958 1319 1036 1357 seni
1054 1333 1062 1357 ε
1095 1318 1179 1371 post
1199 1328 1368 1357 mortem
1389 1318 1547 1371 quidem
1569 1316 1693 1356 sensus
1714 1325 1779 1354 aut
1797 1325 1937 1369 optan-

530 1385 617 1430 dus,
655 1393 720 1423 aut
753 1384 884 1423 nullus
915 1384 981 1422 est.
1033 1384 1105 1422 Sed
1134 1383 1211 1423 hoc
1243 1385 1475 1423 meditatum
1509 1384 1556 1422 ab
1585 1382 1837 1422 adolescentia
1870 1382 1938 1420 de-

530 1451 598 1490 bet
626 1450 711 1495 effe,
742 1459 910 1488 mortem
943 1459 986 1488 ut
1019 1450 1262 1503 negligamus
1278 1468 1290 1495 5
1323 1450 1400 1488 fine
1434 1463 1511 1502 qua
1539 1449 1804 1492 meditatione,
1832 1457 1939 1486 tran-

530 1516 656 1569 quillo
687 1515 758 1553 effe
777 1516 908 1554 animo
928 1528 1044 1553 nemo
1075 1515 1224 1567 potest:
1258 1515 1506 1553 moriendum
1526 1514 1632 1552 enim
1660 1522 1762 1551 certe
1795 1512 1872 1558 est;
1902 1522 1941 1552 et

531 1582 572 1619 id
602 1581 811 1625 incertum,
848 1593 895 1618 an
926 1593 972 1618 eo
1000 1579 1082 1632 ipso
1121 1580 1197 1618 die.
1258 1581 1435 1618 Mortem
1464 1579 1584 1631 igitur
1617 1579 1801 1618 omnibus
1835 1577 1940 1618 horis

531 1648 824 1701 impendentem
856 1647 1012 1691 timens,
1054 1646 1124 1698 qui
1157 1646 1299 1698 poterit
1332 1646 1464 1684 animo
1497 1644 1725 1684 confistere?
1771 1645 1833 1683 De
1866 1658 1943 1698 qua

531 1728 609 1753 non
643 1715 696 1753 ita
728 1714 844 1766 longa
875 1712 1132 1766 disputatione
1165 1725 1262 1765 opus
1296 1711 1367 1751 effe
1408 1711 1573 1756 videtur,
1619 1725 1711 1750 cum
1752 1711 1939 1757 recorder,

533 1794 610 1819 non
632 1778 757 1819 solum
777 1781 826 1819 L.
851 1780 1032 1824 Brutum,
1064 1779 1133 1832 qui
1163 1779 1203 1817 in
1239 1777 1434 1817 liberanda
1464 1778 1584 1831 patria
1617 1777 1670 1816 est
1690 1776 1911 1816 interfectus
1927 1795 1940 1822 ς

533 1859 611 1884 non
632 1846 728 1884 duos
749 1846 909 1890 Decios,
936 1846 1004 1897 qui
1034 1845 1078 1882 ad
1111 1845 1364 1883 voluntariam
1386 1854 1555 1883 mortem
1575 1843 1731 1882 cursum
1751 1857 1942 1896 equorum

534 1912 819 1954 incitaverunt,
851 1924 928 1948 non
964 1910 1028 1948 M.
1051 1909 1237 1953 Atilium,
1275 1910 1343 1961 qui
1377 1910 1423 1947 ad
1444 1909 1677 1962 supplicium
1710 1909 1762 1947 est
1788 1907 1941 1961 profec-

535 1986 611 2022 tus,
644 1986 686 2015 ut
707 1976 823 2015 fidem
851 1975 950 2013 hosti
971 1975 1097 2013 datam
1118 1975 1379 2019 conservaret;
1413 1988 1491 2013 non
1516 1975 1611 2012 duos
1633 1974 1843 2027 Scipiones,
1875 1974 1943 2025 qui

534 2043 606 2081 iter
628 2043 758 2081 Pcenis
778 2042 838 2080 vel
870 2042 1095 2095 corporibus
1127 2040 1202 2079 suis
1230 2040 1423 2079 obstruere
1454 2040 1687 2084 voluerunt3
1720 2053 1797 2078 non
1828 2053 1942 2077 avum

535 2118 652 2148 tuum
684 2109 732 2147 L.
768 2107 947 2152 Paulum,
982 2108 1050 2160 qui
1087 2117 1211 2146 morte
1242 2107 1315 2145 luit
1350 2107 1506 2160 collegae
1541 2107 1581 2145 in
1609 2105 1795 2145 Cannensi
1831 2105 1944 2158 igno-

537 2175 657 2214 minia
689 2175 975 2218 temeritatem,
1009 2186 1086 2212 non
1123 2174 1185 2212 M.
1222 2173 1474 2217 Marcellum,
1515 2173 1625 2225 cujus
1661 2172 1864 2210 interitum
1899 2184 1945 2209 ne

537 2241 816 2280 crudeliffimus
849 2240 1008 2293 quidem
1029 2239 1147 2278 hostis
1175 2238 1322 2278 honore
1345 2239 1545 2293 sepulturae
1576 2252 1700 2277 carere
1721 2238 1843 2292 paffus
1863 2237 1942 2281 est,

539 2309 599 2347 sed
636 2308 802 2360 legiones
836 2307 976 2345 nostras
1013 2307 1136 2359 (quod
1168 2306 1292 2360 scripsi
1328 2307 1367 2345 in
1396 2305 1645 2358 Originibus)
1682 2306 1722 2343 in
1741 2317 1831 2343 eum
1855 2303 1945 2356 saepe

539 2376 670 2414 locum
695 2374 880 2426 profectas
908 2374 1019 2412 alacri
1042 2374 1172 2413 animo
1191 2383 1228 2411 et
1258 2375 1397 2417 erecto,
1429 2372 1530 2410 unde
1551 2371 1586 2410 se
1621 2384 1821 2423 nunquam
1843 2370 1944 2408 redi-

539 2451 641 2479 turas
663 2440 946 2478 arbitrarentur.
995 2440 1113 2491 Qod
1136 2440 1254 2493 igitur
1280 2437 1548 2482 adolescentes,
1580 2447 1616 2475 et
1639 2438 1663 2475 ii
1685 2437 1845 2489 quidem
1867 2449 1945 2474 non

540 2507 663 2545 solum
687 2507 844 2553 indocti,
868 2506 928 2545 sed
949 2507 1065 2546 etiam
1088 2506 1229 2552 rustici,
1260 2514 1532 2550 contemnunt,
1565 2504 1602 2542 id
1629 2504 1732 2542 docti
1754 2503 1855 2542 senes
1875 2516 1943 2541 ex-

539 2572 740 2613 timesccnt
758 2574 769 2612 ?
