2223 3003
645 283 920 321 LIBER
977 283 1474 322 SECUNDUS.
1708 298 1758 338 73

371 384 557 424 exercitu.
603 385 658 422 At
676 396 775 421 anno
806 382 887 436 post
914 382 1053 420 Paulus
1084 383 1232 435 paruit3
1264 396 1358 420 num
1386 383 1514 421 minus
1547 382 1685 420 cecidit
1720 382 1759 419 in

374 449 561 488 Cannensi
592 462 719 501 pugna
751 462 843 485 cum
877 447 1076 484 exercitu?
1109 449 1281 491 Etenim,
1314 457 1356 485 ut
1377 448 1449 486 sint
1468 448 1645 501 auspicia,
1676 461 1760 500 quae

372 517 478 554 nulla
497 516 601 559 sunt;
623 514 704 552 haec
724 521 837 556 certe,
858 512 999 562 quibus
1021 512 1181 556 utimur,
1201 513 1273 549 five
1294 514 1475 564 tripudio,
1496 515 1568 552 sive
1587 514 1633 552 de
1653 514 1759 558 caelo,

373 581 571 620 simulacra
590 581 675 618 sunt
694 577 964 629 auspiciorum,
983 575 1147 629 auspicia
1164 576 1273 614 nullo
1293 578 1423 615 modo.

428 645 619 684 XXXIV.
652 643 857 694 QFAm,
882 655 938 680 TE
964 654 1072 679 M1111
1098 655 1143 679 IN
1170 654 1380 680 AUSPICIO
1407 656 1502 680 ESSE
1529 656 1669 682 voro:
1702 658 1760 682 re-

373 711 545 764 spondet,
575 711 760 748 Aun1v1.
819 708 900 746 Hic
920 707 1020 760 apud
1051 708 1210 760 majores
1238 708 1381 746 nostros
1413 708 1664 746 adhibebatur
1693 724 1761 762 pe-

373 778 483 822 ritus,
514 789 617 814 nunc
636 775 815 827 quilibet.
858 774 1032 812 Peritum
1061 784 1190 812 autem
1210 774 1281 812 esse
1300 774 1441 812 necefi‘e
1463 775 1516 813 est
1544 789 1649 819 eum,
1680 776 1761 827 qui,

373 842 566 880 silentium
585 840 679 892 quid
697 840 754 884 fit,
778 839 980 891 intelligat.
1014 839 1058 878 Id
1076 840 1180 878 enim
1185 840 1370 891 silentium
1388 839 1554 878 dicimus
1575 840 1615 877 in
1636 839 1762 892 auspi-

372 908 456 952 ciis,
492 907 596 959 quod
621 906 730 944 omni
761 906 856 943 vitio
885 914 999 943 caret.
1045 906 1136 944 Hoc
1167 906 1394 958 intelligere,
1426 905 1581 958 perfecti
1612 906 1763 958 auguris

371 972 438 1010 est.
470 972 533 1010 Illi
553 981 697 1017 autem,
728 971 795 1023 qui
814 971 855 1008 in
883 971 1096 1024 auspicium
1117 970 1333 1016 adhibetur,
1365 985 1456 1010 cum
1483 972 1535 1009 ita
1563 971 1765 1024 imperavit

372 1039 418 1083 is,
454 1039 522 1090 qui
541 1038 769 1090 auspicatur,
802 1049 979 1082 chiTo,
1012 1050 1049 1075 ει
1075 1050 1333 1075 SILENTIUM
1358 1052 1455 1076 EssE
1480 1049 1762 1082 V1DE131TUR3

372 1117 443 1142 nec
474 1103 642 1157 suspicit,
673 1116 744 1141 nec
775 1102 1063 1155 circumspicit:
1096 1103 1223 1142 statim
1253 1103 1468 1156 respondet,
1500 1104 1761 1142 S1LENT11JM

374 1183 472 1208 ESSE
497 1183 671 1208 V1DER1.
703 1170 812 1206 Tum
832 1168 911 1212 ille,
932 1181 1110 1213 DICITO,
1135 1182 1171 1206 81
1198 1182 1469 1207 PASCUNTUR
1494 1182 1620 1207 AVEs.
1654 1170 1764 1207 PAS-

375 1247 577 1274 CUNTUR.
629 1236 726 1285 Qae
744 1234 757 1270 ?
788 1242 866 1278 aut,
899 1233 998 1271 ubi?
1029 1234 1190 1279 Attulit,
1219 1234 1362 1286 inquit,
1384 1234 1424 1271 in
1444 1247 1554 1272 cavea
1572 1234 1698 1286 pullos
1719 1235 1765 1278 is,

372 1301 442 1353 qui
461 1314 508 1339 ex
537 1314 582 1338 eo
611 1299 693 1353 ipso
721 1299 942 1337 nominatur
961 1299 1159 1351 pullarius.
1201 1300 1278 1337 Hae
1298 1298 1384 1337 sunt
1404 1299 1524 1351 igitur
1542 1312 1625 1338 aves
1646 1299 1765 1337 inter-

374 1367 519 1406 nuntiae
538 1366 645 1417 Jovis
665 1380 674 1404 ε
706 1378 790 1417 quae
809 1364 1022 1417 pascantur,
1045 1378 1177 1410 necue,
1198 1364 1293 1417 quid
1312 1364 1428 1403 refert
1445 1366 1457 1402 ?
1490 1363 1606 1404 Nihil
1625 1365 1670 1403 ad
1697 1378 1765 1403 au-

375 1432 517 1484 spicia:
550 1432 611 1470 sed
631 1431 734 1484 quia,
765 1444 858 1469 cum
879 1431 1096 1483 pascuntur,
1127 1430 1270 1469 neceffe
1300 1430 1354 1469 est
1372 1431 1517 1484 aliquid
1547 1444 1594 1470 ex
1613 1444 1677 1469 ore
1701 1443 1766 1469 ca-

377 1497 476 1541 dere,
519 1506 559 1535 et
600 1506 737 1536 terram
767 1497 921 1549 pavire;
963 1497 1203 1550 terripavium
1236 1497 1378 1550 primo,
1413 1496 1498 1549 pbst
1531 1496 1768 1550 terripudium

377 1563 524 1600 dictum
543 1563 609 1608 est,
639 1561 714 1600 hoc
733 1562 891 1614 quidem
910 1564 992 1615 jam
1013 1562 1208 1616 trijmdium
1228 1563 1382 1602 dicitur.
1430 1564 1533 1601 Cum
1554 1564 1672 1615 igitur
1691 1562 1768 1600 offa

376 1628 516 1667 cecidit
535 1641 582 1667 ex
601 1641 665 1667 ore
684 1627 796 1680 pulli,
828 1636 913 1666 tum
943 1628 1151 1680 auspicanti
1171 1628 1385 1679 tripudium
1414 1627 1642 1666 solistimum
1663 1641 1766 1666 nun-

376 1694 504 1732 tiatur.

431 1758 603 1797 XXXV.
635 1759 740 1811 Ergo
759 1758 834 1796 hoc
855 1757 1066 1810 auspicium
1094 1757 1214 1795 divini
1234 1756 1447 1808 quidquam
1473 1756 1612 1796 habere
1631 1757 1766 1811 potest,

375 1825 481 1878 quod
502 1834 580 1863 tam
601 1825 645 1863 fit
665 1827 840 1863 coactum
859 1834 896 1862 et
926 1822 1138 1875 expressum
1157 1823 1170 1859 ?
1202 1836 1280 1874 quo
1308 1822 1587 1875 antiquissimos
1608 1837 1766 1875 augures

377 1905 456 1930 non
476 1890 547 1929 effe
567 1891 665 1936 usos,
696 1899 922 1943 argumento
951 1889 1017 1934 est,
1048 1888 1154 1941 qubd
1174 1889 1371 1927 decretum
1391 1888 1546 1941 collegii
1571 1898 1678 1927 vetus
1698 1888 1768 1927 ha·

377 1957 528 2001 bemus,
559 1970 718 1995 omnem
737 1970 845 1995 avem
877 1955 1089 2009 tripudium
1109 1954 1232 1994 facere
1250 1954 1366 2008 poffe.
1409 1956 1518 1993 Tum
1538 1955 1658 2007 igitur
1682 1955 1770 1995 effet

377 2023 606 2075 auspicium,
637 2023 664 2061 fi
685 2023 802 2061 modo
821 2022 909 2060 effet
928 2022 962 2060 ei
993 2021 1160 2060 liberum
1180 2022 1216 2060 se
1245 2020 1441 2060 ostendiffe
1459 2036 1467 2059 :
1500 2030 1586 2059 tum
1606 2021 1682 2060 avis
1703 2021 1771 2060 illa

376 2088 497 2126 videri
527 2089 644 2141 poffet
676 2090 859 2142 interpres
890 2097 928 2126 et
952 2088 1094 2127 satelles
1115 2088 1235 2140 Jovis.
1282 2089 1403 2127 Nunc
1433 2100 1523 2126 vero
1552 2087 1697 2127 inclusa
1728 2088 1769 2126 in

375 2168 500 2200 cavea,
531 2165 567 2193 et
595 2155 697 2194 fame
716 2157 859 2201 enmsta,
889 2155 915 2194 fi
950 2155 989 2193 in
1016 2154 1134 2193 offam
1167 2155 1285 2208 pultis
1303 2154 1464 2198 invadit,
1495 2162 1533 2192 et
1566 2153 1592 2192 fi
1623 2153 1769 2206 aliquid

376 2235 424 2260 ex
457 2235 521 2260 ore
554 2223 707 2267 cecidit,
748 2221 823 2260 hoc
857 2231 899 2260 tu
933 2221 1161 2274 auspicium,
1193 2230 1256 2260 aut
1297 2220 1372 2259 hoc
1400 2221 1517 2259 modo
1551 2220 1769 2259 Romulum

377 2287 558 2340 auspicari
574 2289 744 2333 solitum,
759 2297 868 2341 putas
883 2288 896 2324 ?
913 2289 999 2339 Jam
1021 2288 1066 2326 de
1082 2288 1174 2326 caelo
1190 2287 1331 2326 servare
1350 2301 1426 2326 non
1448 2286 1545 2340 ipsos
1563 2286 1688 2324 censes
1709 2285 1769 2325 so-

381 2352 484 2398 litos,
515 2355 583 2407 qui
602 2355 922 2408 auspicabantur?
954 2354 1074 2392 Nunc
1106 2354 1297 2407 imperant
1317 2354 1509 2407 pullario:
1540 2353 1606 2391 ille
1626 2365 1768 2390 renun-

379 2425 462 2455 nat.

435 2483 601 2522 Fulmen
633 2487 836 2533 sinistrum,
868 2487 1082 2540 auspicium
1117 2487 1312 2540 optimum
1343 2484 1530 2524 habemus
1561 2485 1606 2522 ad
1637 2497 1769 2523 omnes

379 2559 450 2590 res,
479 2557 729 2600 praeterquam
759 2553 805 2589 ad
825 2553 1010 2590 comitia:
1042 2552 1146 2603 quod
1177 2552 1335 2603 quidem
1366 2550 1585 2588 institutum
1612 2548 1768 2600 reipub-

380 2612 462 2650 licae
482 2613 588 2651 causa
607 2614 672 2657 est,
706 2624 750 2653 ut
769 2617 1018 2655 comitiorum
1037 2617 1097 2654 vel
1118 2617 1156 2654 in
1177 2616 1335 2667 judiciis
1355 2615 1503 2667 populi,
1534 2614 1592 2652 vel
1623 2614 1663 2652 in
1684 2614 1770 2665 jure

480 2679 556 2717 To
573 2692 623 2718 M.
657 2680 730 2720 111.
1431 2681 1468 2717 K
