2223 3003
401 235 475 263 122
805 223 910 262 DE
981 221 1382 261 LEGIBUS

394 321 548 374 probas,
578 320 626 359 ab
645 332 690 359 eo
714 319 826 358 nobis
845 317 954 357 causa
982 317 1164 356 ordienda
1182 317 1236 356 est
1255 317 1509 371 potiffimum.
1558 321 1790 360 ATT1cus.

394 389 461 427 Do
480 387 578 432 sane,
611 386 636 424 fi
657 385 847 439 postulas:
877 383 1037 430 etenim,
1071 393 1226 438 propter
1255 382 1363 424 hunc
1393 393 1627 424 concentum
1646 387 1792 433 avium,

393 453 672 506 strepitumque
703 450 930 497 fluminum,
974 464 1052 490 non
1086 464 1232 496 vereor,
1270 451 1624 506 condiscipulorum
1657 453 1794 506 nequis

392 518 582 558 exaudiat.
613 517 831 557 MARcus.
853 517 979 571 Atqui
998 517 1211 557 cavendum
1230 518 1296 557 est.
1339 518 1471 558 Solent
1490 519 1611 565 enim,
1632 519 1673 558 id
1688 519 1794 572 quod

392 585 566 622 virorum
586 583 780 623 bonorum
798 583 865 629 est,
895 583 1108 623 admodum
1134 584 1240 623 irasci
1259 599 1268 623 :
1300 597 1371 623 nec
1392 598 1481 624 vero
1511 585 1648 630 ferent,
1670 585 1696 624 fi
1723 599 1793 623 au·

391 650 547 696 dierint‚
569 659 606 689 te
624 650 798 704 primum
818 660 934 704 caput
955 650 1046 689 libri
1066 651 1207 704 optimi
1226 651 1430 705 prodidisse
1442 670 1454 697 ς
1477 652 1517 690 in
1539 665 1618 705 quo
1633 651 1791 705 scripsit,

391 716 505 756 Nihil
516 731 648 756 curare
666 717 802 762 Deum,
822 730 885 756 nec
887 717 966 770 sui,
987 731 1049 756 nec
1067 717 1186 757 alieni.

446 783 676 822 ATTlcus.
714 784 848 836 Perge,
883 782 1010 835 quaeso
1043 796 1134 821 nam
1167 783 1222 829 id,
1257 783 1363 836 quod
1383 784 1456 822 tibi
1475 783 1652 829 conceffi,
1672 795 1793 836 quor·

392 848 477 887 sum
506 850 706 902 pertineat,
739 850 912 902 expecto.
962 849 1175 888 MARCUS.
1207 849 1303 888 Non
1328 849 1469 888 faciam
1499 850 1682 903 longius:
1714 847 1792 887 huc

390 915 497 953 enim
513 916 680 967 pertinet
695 932 707 959 ς
729 914 889 953 Animal
910 913 984 953 hoc
998 915 1218 967 providum,
1232 915 1356 968 sagax,
1377 915 1601 968 multiplex,
1616 924 1793 960 acutum,

392 992 555 1024 memor,
575 979 738 1032 plenum
758 979 915 1018 rationis
935 988 974 1017 et
993 979 1155 1025 confilii,
1188 993 1307 1033 quern
1331 993 1514 1019 vocamus
1536 981 1791 1025 HOM1NEM,

390 1046 568 1098 praeclara
586 1045 751 1098 quadam
782 1046 1005 1084 conditione
1024 1055 1247 1099 generatum
1273 1046 1344 1085 effe
1362 1060 1384 1085 a
1402 1047 1558 1086 summo
1577 1047 1679 1085 Deo.
1721 1047 1791 1084 So·

388 1111 474 1150 lum
495 1111 547 1150 est
566 1111 672 1150 enim
692 1125 738 1150 ex
759 1120 817 1150 tot
840 1112 1098 1151 animantium
1117 1113 1321 1165 generibus
1346 1122 1461 1166 atque
1481 1113 1642 1159 naturis,
1671 1112 1793 1165 parti-

388 1190 479 1230 ceps
511 1178 667 1216 rationis
701 1186 740 1216 et
773 1178 1032 1231 cogitationis,
1063 1192 1155 1216 cum
1187 1188 1318 1217 caetera
1343 1179 1416 1218 fint
1445 1180 1579 1218 omnia
1606 1178 1791 1231 expertia.

389 1243 499 1294 Qid
519 1243 572 1281 est
591 1252 735 1288 autem,
757 1256 836 1282 non
855 1243 984 1282 dicam
1003 1244 1044 1282 in
1066 1242 1237 1288 homine,
1273 1243 1335 1282 sed
1354 1244 1396 1282 in
1425 1244 1537 1283 omni
1562 1243 1656 1282 caelo
1675 1251 1793 1295 atque

388 1316 500 1355 terra,
531 1310 675 1348 ratione
705 1309 909 1348 divinius?
941 1323 1041 1362 quae,
1075 1323 1167 1348 cum
1198 1309 1363 1349 adolevit
1392 1319 1507 1363 atque
1536 1307 1703 1364 perfecta
1722 1308 1789 1353 est,

387 1375 613 1415 nominatur
632 1375 702 1414 rite
721 1375 924 1428 Sapientia.

442 1441 512 1480 Est
530 1442 650 1496 igitur
681 1443 885 1495 (quoniam
904 1440 1005 1481 nihil
1025 1442 1077 1480 est
1097 1441 1240 1481 ratione
1260 1442 1415 1488 mellus,
1444 1454 1564 1494 eaque
1588 1449 1627 1480 et
1646 1442 1688 1480 in
1714 1440 1790 1479 ho-

387 1507 508 1552 mine,
529 1517 568 1546 et
587 1509 627 1546 in
644 1508 747 1559 Deo)
771 1508 896 1560 prima
914 1506 1068 1545 homini
1088 1521 1181 1546 cum
1198 1509 1284 1546 Deo
1300 1508 1455 1546 rationis
1471 1506 1643 1545 societas.
1686 1506 1792 1545 Inter

386 1586 485 1625 quos
505 1582 633 1611 autem
654 1574 764 1618 ratio,
798 1573 898 1611 inter
917 1573 1069 1611 eosdem
1089 1574 1206 1611 etiam
1233 1575 1332 1611 recta
1357 1574 1452 1612 ratio
1476 1572 1700 1611 communis
1721 1571 1789 1610 est.

387 1639 486 1691 Qae
504 1653 596 1678 cum
616 1639 661 1678 fit
681 1639 757 1685 lex,
785 1639 869 1693 lege
889 1653 1045 1692 quoque
1065 1639 1271 1678 consociati
1290 1638 1468 1679 homines
1488 1652 1583 1679 cum
1605 1639 1694 1679 Diis
1712 1652 1789 1692 pu-

385 1705 491 1745 tandi
522 1705 668 1745 sumus.
715 1706 821 1745 Inter
846 1719 944 1759 quos
974 1719 1090 1759 porro
1119 1706 1172 1745 est
1201 1706 1430 1745 communio
1451 1706 1561 1758 legis,
1596 1706 1696 1743 inter
1725 1717 1788 1743 eos

384 1772 614 1811 communio
628 1771 727 1824 juris
746 1771 812 1809 est.
832 1771 988 1823 Qibus
1004 1779 1132 1810 autem
1147 1770 1230 1811 haec
1245 1771 1332 1810 sunt
1348 1771 1448 1810 inter
1465 1783 1528 1809 eos
1546 1769 1787 1815 communia.

384 1845 423 1874 et
442 1837 608 1874 civitatis
629 1835 799 1886 ejusdem
815 1835 983 1873 habendi
1001 1835 1104 1874 sunt.
1143 1837 1180 1875 Si
1200 1850 1290 1875 vero
1308 1836 1444 1875 iisdem
1463 1837 1636 1889 imperiis
1657 1845 1694 1875 et
1714 1849 1786 1889 po-

383 1901 581 1940 testatibus
602 1910 748 1953 parent,
769 1900 897 1939 multo
916 1901 1033 1939 etiam
1054 1902 1177 1954 magis
1192 1910 1329 1955 parent
1349 1900 1443 1939 huic
1463 1901 1600 1940 caelesti
1620 1900 1788 1953 descrip-

384 1968 498 2013 tioni,
521 1968 719 2020 mentique
738 1967 876 2005 divina:
895 1975 933 2005 et
947 1968 1180 2020 praepotenti
1201 1969 1301 2007 Deo.
1331 1968 1387 2006 Ut
1401 1969 1484 2019 jam
1505 1967 1699 2006 universus
1721 1966 1786 2004 hic

385 2035 570 2079 mundus,
602 2047 676 2071 una
696 2034 829 2072 civitas
849 2034 1072 2072 communis
1095 2035 1271 2073 Deorum
1291 2044 1406 2087 atque
1426 2033 1634 2073 hominum
1655 2033 1786 2072 existi-

384 2100 546 2138 manda:
578 2110 615 2138 et
636 2100 739 2153 quod
771 2100 811 2138 in
832 2100 1053 2139 civitatibus
1084 2102 1228 2140 ratione
1261 2101 1441 2153 quadam,
1473 2100 1519 2138 de
1541 2113 1618 2152 qua
1637 2100 1787 2138 dicetur

383 2167 524 2205 idoneo
544 2167 642 2212 loco,
674 2167 941 2221 agnationibus
958 2165 1195 2206 familiarum
1215 2167 1504 2221 distinguuntur
1525 2167 1653 2211 status,
1682 2166 1722 2204 id
1744 2166 1786 2204 in

385 2247 511 2271 rerum
536 2245 667 2272 natura
699 2244 804 2272 tanto
834 2235 886 2272 est
907 2234 1233 2287 magnificentius,
1265 2244 1451 2287 tantoque
1478 2233 1709 2287 praeclarius,
1741 2241 1784 2270 ut

384 2298 561 2337 homines
585 2301 758 2338 Deorum
780 2301 980 2353 agnatione
1001 2310 1038 2338 et
1058 2310 1172 2353 gente
1194 2310 1406 2340 teneantur.

442 2367 552 2404 V111.
587 2367 705 2411 Nam,
727 2381 818 2405 cum
839 2368 885 2405 de
909 2377 1038 2406 natura
1054 2369 1161 2407 omni
1183 2369 1379 2421 quaeritur,
1402 2367 1584 2420 disputari
1612 2365 1705 2405 solet
1729 2368 1782 2416 (ct

385 2432 571 2470 nimirum
594 2433 644 2470 ita
666 2432 764 2477 sunt,
798 2443 839 2471 ut
860 2433 1118 2486 disputantur)
1147 2434 1340 2488 perpetuis
1361 2433 1546 2477 cursibus,
1568 2431 1781 2471 convenio-

385 2499 499 2536 nibus
533 2500 743 2538 caelcstibus
777 2500 938 2539 extitiffe
958 2502 1150 2552 quandam
1183 2501 1444 2540 maturitatem
1471 2500 1612 2539 serendi
1633 2499 1782 2552 generis

383 2564 542 2604 humani
560 2585 570 2613 5
597 2566 701 2620 quod
721 2566 887 2621 sparsum
909 2567 947 2606 in
971 2577 1097 2614 terraS,
1119 2578 1232 2622 atquc
1254 2568 1390 2615 satum,
1413 2568 1543 2608 divino
1562 2569 1717 2607 auctum
1738 2565 1781 2604 sit
