2223 3003
416 234 490 271 142
823 220 927 258 DE
998 219 1399 258 LEG113us

411 320 484 359 fint
504 319 660 358 rationis
680 317 849 370 expertia
860 314 1074 368 rnefasq'ue
1091 316 1138 354 fit
1157 316 1295 361 dicere,
1313 316 1434 354 ullam
1455 329 1535 354 rem
1551 317 1719 369 praestare
1739 333 1807 358 na-

412 396 505 425 turae
538 385 716 423 omnium
748 395 875 420 rerum
888 400 901 426 5
932 381 1120 420 rationem
1150 381 1264 420 inesse
1292 382 1334 420 in
1367 395 1410 419 ea
1443 381 1708 421 confitendum
1741 384 1807 424 est.

412 452 538 490 Utiles
555 450 625 488 effe
647 458 776 486 autem
791 448 990 501 opiniones
1010 447 1093 494 has,
1110 449 1197 502 quis
1214 458 1340 502 neget,
1357 462 1447 487 cum
1469 449 1673 501 intelligat,
1691 463 1808 502 quam

411 516 535 555 multa
553 515 756 553 firmentur
778 514 1029 566 jurejurando
1043 533 1056 560 5
1087 523 1239 567 quantae
1258 514 1387 553 salutis
1409 514 1481 553 sint
1500 513 1692 553 foederum
1718 515 1808 553 reli-

408 584 541 635 giones
553 600 566 627 5
597 594 716 633 quarn
737 579 882 618 multos
901 580 1023 618 divini
1043 580 1221 634 supplicii
1242 590 1369 620 metus
1399 595 1420 618 a
1445 581 1581 619 scelere
1600 580 1782 620 revocarit
1794 599 1807 626 5

409 660 605 700 quamque
624 646 746 685 saneta
765 645 810 684 fit
825 645 982 685 societas
999 647 1147 685 civium
1164 647 1264 685 inter
1282 646 1396 700 ipsos,
1415 647 1502 686 Diis
1522 647 1810 692 immortalibus

407 714 639 768 interpositis
659 722 745 751 tum
759 713 975 765 judicibus,
998 722 1085 752 tum
1105 713 1262 752 testibus
1282 714 1295 751 ?

464 780 597 820 Habes
618 780 712 832 legis
731 779 992 832 prooemium:
1025 780 1075 818 fic
1094 780 1201 818 enim
1220 779 1296 818 hoc
1312 781 1476 834 appellat
1498 780 1620 819 Plato.
1659 781 1808 833 Qut-1-

409 859 512 888 Τυε.
536 846 674 885 Habeo
694 858 797 890 vero,
824 844 939 883 frater
949 863 962 890 5
994 854 1032 883 et
1052 845 1093 883 in
1112 843 1189 884 hoc
1209 846 1422 885 admodum
1442 847 1622 891 delector,
1643 845 1748 899 quod
1767 846 1809 884 in

408 913 492 951 aliis
513 912 625 950 rebus
645 909 802 962 aliisque
821 909 1016 948 sententiis
1037 909 1205 956 versaris,
1225 920 1339 963 atque
1358 911 1426 950 ille
1443 927 1452 950 :
1484 911 1584 950 nihil
1602 912 1709 950 enim
1728 920 1810 950 tam

407 976 587 1016 disiimile
607 975 672 1020 est,
693 988 811 1027 quam
831 974 891 1013 vel
911 988 966 1021 ea,
997 989 1083 1028 quae
1112 984 1200 1014 ante
1220 975 1361 1021 dixisti,
1393 977 1453 1015 vel
1472 975 1547 1015 hoc
1567 976 1694 1029 ipsum
1713 975 1808 1028 legis

405 1041 625 1081 exordium.
675 1040 815 1078 Unum
848 1039 946 1078 illud
975 1039 1077 1078 mihi
1105 1040 1244 1079 videris
1273 1041 1431 1086 imitari,
1459 1041 1640 1080 orationis
1669 1053 1807 1094 genus.

406 1108 625 1146 MARCUS.
647 1105 803 1143 Vellem
836 1104 986 1144 fortaffe
1004 1120 1014 1144 ε
1046 1106 1134 1158 quis
1154 1107 1259 1145 enim
1289 1106 1329 1144 id
1363 1107 1498 1160 potest,
1541 1115 1607 1144 aut
1636 1119 1809 1158 unquam

404 1172 560 1226 poterit,
578 1171 723 1210 imitari
739 1171 752 1208 ?
788 1171 894 1210 Nam
913 1171 1115 1210 sententias
1135 1172 1373 1225 interpretari
1392 1171 1573 1225 perfacile
1591 1171 1657 1209 est.
1690 1169 1810 1223 Qod

405 1237 569 1291 quidem
587 1249 659 1289 ego
677 1235 858 1280 facerem,
875 1236 945 1274 nisi
961 1236 1075 1289 plane
1091 1235 1163 1274 effe
1182 1236 1324 1274 vellem
1342 1249 1465 1274 meus.
1489 1236 1599 1286 Qid
1614 1235 1721 1272 enim
1736 1248 1807 1272 ne-

404 1302 504 1356 gotii
524 1302 590 1347 est,
607 1301 738 1339 eadem
758 1315 877 1354 prope
897 1301 1021 1340 verbis
1040 1301 1176 1339 iisdem
1195 1301 1372 1339 conversa
1392 1301 1544 1339 dicere?
1573 1301 1806 1352 QmTus.

405 1367 562 1407 Prorsus
578 1366 765 1406 assentior.
783 1367 947 1412 Verum,
962 1376 1006 1405 ut
1026 1367 1144 1406 modo
1160 1376 1242 1405 tute
1256 1367 1399 1412 dixisti,
1414 1376 1451 1405 te
1471 1366 1542 1406 effe
1557 1367 1660 1406 malo
1675 1375 1804 1406 tuum.

406 1434 478 1473 Sed
491 1435 575 1486 jam
595 1446 793 1486 exprome,
815 1433 841 1471 fi
862 1433 1002 1486 placet,
1023 1433 1107 1471 istas
1127 1432 1230 1485 leges
1250 1433 1297 1471 de
1317 1433 1516 1486 religione.

460 1501 679 1539 MARCUS.
713 1499 954 1552 Expromam
985 1499 1182 1551 equidem,
1214 1507 1258 1537 ut
1287 1508 1420 1551 potero
1435 1517 1447 1544 ;
1479 1507 1531 1543 et,
1552 1497 1739 1550 quoniam
1769 1505 1809 1534 et

403 1566 512 1604 locus
533 1575 571 1604 et
591 1566 713 1604 sermo
732 1564 930 1604 familiaris
947 1565 1012 1610 est,
1027 1565 1159 1618 legum
1176 1565 1276 1618 leges
1293 1578 1386 1603 voce
1403 1577 1633 1618 proponam.
1656 1564 1808 1616 Qm·

407 1645 435 1672 T
446 1645 509 1671 us·
571 1631 728 1670 uidnam
744 1631 784 1669 id
795 1631 870 1669 est?
893 1632 1110 1670 MARCUS.
1130 1632 1226 1670 Sunt
1243 1640 1344 1669 certa
1354 1631 1488 1684 legum
1500 1631 1628 1676 verba,
1643 1630 1806 1681 Qiute,

404 1712 528 1751 neque
548 1699 601 1737 ita
619 1698 754 1752 prisca,
770 1698 867 1736 utin
884 1698 1074 1736 veteribus
1093 1711 1159 1736 xn
1177 1697 1399 1750 sacratisque
1415 1698 1565 1751 legibus
1572 1716 1585 1742 5
1607 1706 1645 1735 et
1661 1706 1804 1741 tamen,

404 1778 483 1817 quo
503 1765 589 1818 plus
611 1765 843 1803 austeritatis
864 1763 1041 1809 habeant,
1063 1764 1178 1817 paulo
1198 1764 1427 1816 antiquiora,
1458 1777 1578 1816 quam
1596 1761 1662 1801 hic
1683 1761 1806 1800 sermo

404 1832 470 1870 est.
504 1832 610 1869 Eum
632 1844 779 1869 morem
800 1830 920 1881 igitur
939 1844 1030 1868 cum
1053 1830 1249 1875 brevitate,
1266 1830 1292 1868 si
1311 1839 1457 1882 potero,
1476 1829 1696 1882 consequar.
1725 1829 1804 1867 Le-

403 1909 469 1949 ges
490 1905 620 1934 autem
641 1909 661 1932 a
681 1909 743 1933 me
764 1895 923 1933 edentur
943 1909 1020 1933 non
1040 1894 1239 1947 perfectam
1272 1908 1361 1932 nam
1381 1895 1470 1932 esset
1488 1895 1709 1933 infinitum:
1742 1895 1804 1932 sed

403 1962 491 2015 ipsae
513 1962 671 2001 summa:
693 1975 819 2000 rerum
840 1971 953 2015 atque
973 1961 1179 2000 sententiae.
1218 1961 1453 2012 QmTUs.
1477 1961 1534 2000 Ita
1554 1974 1640 1999 vero
1660 1960 1804 1999 neceffc

403 2028 469 2066 est.
505 2026 633 2080 Qare
655 2028 868 2066 audiamus.

460 2095 573 2132 VIII.
609 2095 824 2132 MARCUS.
848 2094 917 2133 Ad
928 2094 1051 2133 Divos
1070 2093 1220 2133 adeunto
1239 2099 1299 2148 ay
1311 2110 1328 2134 ι’
1343 2111 1357 2133 .-
1384 2095 1556 2147 pli-tatem
1585 2093 1771 2133 adhibento
1789 2109 1803 2132 .·

404 2170 480 2213 opvs
504 2171 702 2199 amovento.
751 2161 827 2212 Qti
839 2162 944 2214 stcus
991 2161 1084 2204 axit,
1107 2162 1211 2200 Deus
1229 2161 1299 2214 ipſs
1317 2160 1449 2200 ‘vindat
1467 2162 1550 2200 crit.
1602 2161 1806 2213 Separatim

403 2240 497 2264 mmo
516 2226 659 2277 habff?
680 2227 776 2265 Deos
792 2243 804 2264 :
827 2241 915 2266 neve
933 2241 1052 2271 novos,
1060 2226 1132 2279 fid
1149 2241 1191 2264 nc
1209 2226 1380 2271 advenas,
1403 2228 1469 2280 ¹1!st
1484 2227 1624 2280 publice·
1641 2226 1801 2280 adst-itas,

396 2292 580 2344 privatim
600 2293 750 2331 colunto.
799 2293 1009 2347 Cotgslruela
1028 2308 1052 2330 a
1064 2292 1236 2346 patribus
1256 2292 1402 2332 dclubra
1420 2293 1583 2332 habento.
1630 2294 1748 2331 Lucos
1768 2292 1804 2329 in

402 2358 503 2410 agris
523 2358 686 2403 habento,
718 2369 751 2396 ιτ
772 2360 889 2397 larum
908 2359 1022 2412 fides.
1067 2360 1177 2398 Ritus
1194 2360 1356 2411 Jimu'liae
1384 2360 1801 2412 patrumthst·m·antc.

404 2425 540 2467 Divos,
563 2435 595 2462 rt
616 2439 680 2469 cos,
715 2425 777 2477 qm'
793 2425 1084 2478 ‹nrhsscsstvnpcr
1103 2425 1232 2469 hahiti,
1264 2425 1414 2468 colunto,
1437 2435 1470 2463 ct
1491 2426 1583 2469 ellos,
1621 2439 1701 2477 qun
1721 2424 1804 2463 cudo

403 2490 485 2528 calo
504 2491 633 2529 merita
654 2492 879 2535 vor-aversus,
908 2492 1108 2535 lla-sulm,
1131 2491 1317 2534 Liberum,
1338 2491 1592 2544 Ἀξχὶτιίαρὶιιηι,
1613 2490 1802 2544 (Γιζκίςιϊηι,

404 2558 426 2596 I
431 2557 594 2604 ’ollm-cw,
626 2559 830 2610 Qn'rimms.
892 2558 959 2610 Ast
990 2559 1068 2604 olla,
1089 2567 1243 2613 prop-‘cr
1264 2573 1341 2611 qmc
1361 2557 1472 2597 datm·
1502 2558 1633 2597 homs'm'
1648 2559 1746 2611 afim
1764 2558 1803 2595 its
