2223 3003
401 290 446 316 12
681 273 783 312 DE
841 265 1490 311 DIVINATIONE

395 371 555 426 perspici
589 371 753 425 poflint?
790 369 946 409 Nescire
980 381 1043 406 me
1072 366 1219 412 fateor;
1249 366 1397 404 evenire
1420 373 1550 403 autem
1582 371 1620 401 te
1651 362 1779 416 ipsum

395 439 483 476 dico
502 438 640 476 videre.
690 435 804 479 Casu,
833 434 976 486 inquis.
1021 433 1127 469 Itane
1145 431 1263 467 vero?
1294 429 1521 480 Qidquam
1541 427 1661 480 potest
1693 427 1781 465 casu

395 504 468 542 effe
487 503 645 546 factum,
662 501 766 553 quod
785 510 919 536 omnes
938 496 1053 534 habet
1073 495 1113 533 in
1133 495 1169 533 se
1188 507 1368 532 numeros
1388 493 1552 531 veritatis
1569 493 1583 530 ?
1604 493 1781 543 Qatuor

395 569 463 607 tali
477 569 569 619 jacti
588 565 674 604 casu
693 565 911 602 Venereum
929 562 1103 599 efficiunt
1115 578 1128 605 ς
1149 574 1245 598 num
1258 559 1377 597 etiam
1396 567 1555 597 centum
1575 558 1783 602 Venereos,

397 633 424 671 fi
454 644 544 669 cccc
574 629 669 668 talos
684 628 836 681 jeceris,
865 626 952 664 casu
970 624 1120 663 futuros
1152 624 1293 677 putas?
1323 623 1507 676 Adspersa
1532 631 1673 661 temere
1692 622 1784 674 pig-

396 707 526 735 menta
550 696 590 734 in
620 692 763 739 tabula,
792 692 867 730 oris
897 691 1127 729 lineamenta
1144 689 1323 742 effingere
1342 689 1493 742 poss'unt
1507 707 1523 734 ς
1551 701 1647 726 num
1665 687 1784 725 etiam

396 762 556 800 Veneris
588 761 679 799 Coae
711 756 1040 811 pulchritudinem
1073 755 1205 808 effingi
1236 754 1336 808 poffe
1368 754 1598 807 adsperfione
1626 752 1785 791 fortuita

397 837 509 882 putas
527 828 540 864 ?
571 828 640 866 Sus
660 825 777 865 rostro
795 824 822 863 s1
841 823 955 862 humi
975 825 1012 861 A
1031 823 1182 861 literam
1200 821 1424 875 imprefl'erit
1438 839 1451 866 3
1475 834 1570 859 num
1589 828 1787 873 propterea

399 894 577 947 suspicari
607 892 763 946 poteris,
803 887 1118 929 Andromacham
1151 888 1272 927 Ennii
1306 887 1353 926 ab
1388 900 1431 925 ea
1460 886 1560 940 pofl‘e
1593 885 1784 924 describi?

400 960 591 1013 Fingebat
620 956 844 1001 Carneades,
874 955 915 993 in
946 953 1138 993 Chiorum
1163 952 1488 1006 lapicidinisfaxo
1517 951 1654 990 diffiffo
1672 959 1788 1004 caput

400 1025 562 1065 extitiffe
589 1023 749 1064 Panisci.
799 1021 939 1066 Credo,
973 1020 1141 1073 aliquam
1161 1032 1238 1058 non
1267 1019 1488 1058 diffimilem
1518 1018 1695 1071 figuram,
1726 1017 1788 1055 sed

400 1101 504 1132 certe
533 1104 610 1130 non
639 1089 770 1134 talem,
801 1096 844 1125 ut
875 1100 960 1124 eam
989 1085 1128 1124 faetam
1158 1098 1180 1121 a
1199 1086 1319 1136 Scopa
1336 1086 1492 1123 diceres.
1538 1085 1599 1122 Sic
1626 1083 1732 1121 enim
1752 1081 1790 1120 se

402 1157 573 1211 profecto
591 1169 648 1195 res
667 1154 797 1199 habet,
824 1160 868 1191 ut
892 1163 1092 1204 nunquam
1117 1147 1282 1203 perfeete
1301 1149 1499 1188 veritatem
1523 1149 1633 1187 casus
1654 1149 1787 1188 imite-

403 1232 480 1262 tur.

459 1289 571 1327 XIV.
602 1289 657 1326 At
686 1299 968 1340 nonnunquam
997 1297 1053 1331 ea,
1083 1296 1169 1338 quae
1187 1282 1364 1338 praediffl
1382 1281 1483 1328 sunt,
1513 1281 1643 1320 minus
1661 1279 1791 1319 eveni-

404 1364 490 1393 unt.
535 1354 634 1406 Qae
653 1352 807 1392 tandem
837 1353 877 1391 id
907 1366 964 1391 ars
995 1364 1072 1390 non
1092 1349 1238 1389 habet?
1267 1363 1397 1388 earum
1417 1349 1504 1387 dico
1523 1347 1677 1392 artium,
1707 1360 1792 1398 quae

405 1421 620 1473 conjectura
637 1419 897 1464 continentur,
927 1427 965 1457 et
984 1417 1071 1456 sunt
1089 1416 1314 1470 opinabiles.
1345 1417 1409 1454 An
1429 1413 1619 1453 medicina
1637 1426 1694 1451 ars
1715 1426 1793 1451 non

407 1487 574 1540 putanda
601 1485 684 1524 est?
715 1498 833 1538 quam
864 1494 992 1523 tamen
1022 1483 1147 1522 multa
1164 1482 1318 1521 fallunt.
1350 1480 1490 1532 Qid?
1525 1480 1794 1533 gubernatores

408 1566 534 1590 nonne
553 1550 739 1590 falluntur
757 1551 770 1587 ?
802 1552 865 1589 An
886 1548 1129 1589 Achivorum
1159 1548 1362 1592 exercitus,
1392 1555 1430 1585 et
1456 1554 1513 1585 tot
1533 1545 1688 1584 navium
1710 1556 1793 1581 rec-

408 1626 519 1663 tores,
541 1631 617 1656 non
637 1616 690 1654 ita
709 1615 868 1669 profesti
887 1615 974 1654 sunt
993 1614 1040 1653 ab
1060 1615 1148 1659 Ilio,

544 1684 595 1722 Ut
603 1682 820 1734 prefi'bi'ione
838 1680 1070 1733 laetipgscium
1084 1679 1265 1733 lcfiiviam

543 1748 794 1789 Intuerentur,
808 1754 851 1782 ut
866 1745 918 1782 ait
931 1745 1134 1789 Pacuvius,
1155 1757 1217 1782 nec
1231 1741 1354 1781 tuendi
1353 1741 1512 1794 st1tietas
1525 1748 1650 1792 capere
1655 1737 1764 1791 pqffct
1776 1738 1797 1776 ,Ρ

545 1812 689 1848 Interea
703 1818 814 1860 prope
820 1808 902 1858 jam
920 1807 1102 1856 occidente.
1103 1809 1172 1856 sole
1186 1803 1392 1856 inhorrescit
1411 1817 1521 1846 mare,

546 1872 716 1913 ‘Tenebrae
729 1871 1036 1924 conduplicantur,
1066 1870 1237 1923 nofiffque
1251 1877 1285 1907 et
1300 1867 1452 1906 nimbtim
1466 1876 1615 1906 occaecat
1630 1867 1768 1920 mgr-or.

412 1943 524 1981 Num
555 1940 674 1993 igitur
707 1947 764 1976 tot
797 1936 1096 1976 clariffimorum
1130 1935 1275 1973 ducum
1311 1946 1523 1987 regumque
1557 1933 1797 1986 naufragium

413 2006 559 2045 sustulit
586 2013 707 2043 artem
733 2002 998 2056 gubernandi?
1042 2003 1123 2039 Aut
1149 2014 1244 2040 num
1269 1999 1717 2052 imperatorum'scimitia
1738 1999 1799 2037 ni-

413 2073 469 2111 hil
504 2071 569 2116 est,
600 2070 690 2123 quia
710 2070 882 2108 summus
914 2069 1116 2121 imperator
1148 2080 1268 2119 nuper
1288 2065 1402 2119 fugit,
1436 2064 1566 2104 amiffo
1596 2066 1797 2103 exercitu?

416 2140 497 2176 Aut
527 2149 622 2175 num
655 2145 848 2188 propterea
879 2134 985 2172 nulla
1016 2133 1068 2171 est
1096 2133 1315 2186 reipublicae
1348 2131 1520 2184 gerendae
1562 2132 1656 2169 ratio
1689 2140 1802 2182 atque

416 2203 627 2256 prudentia,
658 2201 748 2254 quia
783 2199 906 2239 multa
936 2202 1010 2238 Cn.
1036 2199 1279 2252 Pompeium,
1311 2197 1483 2250 quaedam
1512 2197 1573 2235 M.
1598 2199 1801 2241 Catonem,

417 2268 600 2307 nonnulla
629 2267 744 2305 ctiam
780 2265 966 2318 teipsum
1002 2263 1249 2303 fefellerunt?
1296 2263 1440 2302 Similis
1474 2263 1525 2301 est
1560 2261 1802 2315 haruspicum

418 2334 617 2387 responsio,
647 2332 847 2384 omnisque
880 2331 1083 2384 opinabilis
1113 2331 1310 2369 divinatio.
1355 2329 1583 2381 Conjecturai
1616 2329 1720 2366 enim
1742 2329 1803 2366 ni-

418 2401 526 2444 titur,
558 2399 656 2438 ultra
676 2412 792 2451 quam
815 2397 988 2451 progredi
1023 2411 1096 2435 non
1126 2397 1258 2449 potest.
1305 2397 1361 2434 Ea
1394 2394 1492 2433 fallit
1524 2394 1669 2433 fortasse
1706 2409 1803 2432 non-

421 2479 645 2517 nunquam;
680 2465 738 2502 sed
761 2474 886 2502 tamen
922 2463 967 2500 ad
999 2463 1197 2501 veritatem
1223 2461 1415 2515 saepiffimc
1435 2461 1593 2514 dirigit:
1625 2460 1675 2497 cst
1701 2461 1805 2497 enim

420 2531 466 2569 ab
486 2531 594 2571 omni
620 2531 826 2571 ,eternitate
858 2529 1044 2581 repetita,
1077 2531 1114 2568 in
1146 2542 1220 2581 qua
1249 2541 1341 2568 cum
1372 2541 1476 2581 paenc
1510 2525 1806 2566 innumerabiloe
