<?xml version="1.0" encoding="UTF-8"?>
<!DOCTYPE html PUBLIC "-//W3C//DTD XHTML 1.0 Transitional//EN"
    "http://www.w3.org/TR/xhtml1/DTD/xhtml1-transitional.dtd">
<html xmlns="http://www.w3.org/1999/xhtml" xml:lang="en" lang="en">
 <head>
  <title>
</title>
<meta http-equiv="Content-Type" content="text/html;charset=utf-8" />
  <meta name='ocr-system' content='tesseract 3.04.00' />
  <meta name='ocr-capabilities' content='ocr_page ocr_carea ocr_par ocr_line ocrx_word'/>
</head>
<body>
  <div class='ocr_page' id='page_1' title='image "./operacumindicibu03ciceuoft_0387.png"; bbox 0 0 2223 3003; ppageno 0'>
   <div class='ocr_carea' id='block_1_1' title="bbox 720 233 1734 294">
    <p class='ocr_par' dir='ltr' id='par_1_1' title="bbox 720 233 1734 294">
     <span class='ocr_line' id='line_1_1' title="bbox 720 233 1734 294; baseline 0.008 -21"><span class='ocrx_word' id='word_1_1' title='bbox 720 233 1324 275; x_wconf 81' lang='lat' dir='ltr'><strong>FRAGMENTA.</strong></span> <span class='ocrx_word' id='word_1_2' title='bbox 1660 242 1734 294; x_wconf 78' lang='lat'>381</span> 
     </span>
    </p>
   </div>
   <div class='ocr_carea' id='block_1_2' title="bbox 333 331 1739 2628">
    <p class='ocr_par' dir='ltr' id='par_1_2' title="bbox 338 331 1736 454">
     <span class='ocr_line' id='line_1_2' title="bbox 338 331 1736 390; baseline 0.005 -20"><span class='ocrx_word' id='word_1_3' title='bbox 338 331 381 371; x_wconf 96' lang='lat' dir='ltr'>N</span> <span class='ocrx_word' id='word_1_4' title='bbox 383 344 453 370; x_wconf 82' lang='grc' dir='ltr'>οΝ.</span> <span class='ocrx_word' id='word_1_5' title='bbox 478 331 550 372; x_wconf 80' lang='lat' dir='ltr'>Ubi</span> <span class='ocrx_word' id='word_1_6' title='bbox 559 332 675 386; x_wconf 85' lang='lat' dir='ltr'>genit.</span> <span class='ocrx_word' id='word_1_7' title='bbox 690 342 762 386; x_wconf 87' lang='lat' dir='ltr'>pro</span> <span class='ocrx_word' id='word_1_8' title='bbox 780 332 976 387; x_wconf 61' lang='lat' dir='ltr'>ablativa]</span> <span class='ocrx_word' id='word_1_9' title='bbox 1018 334 1159 374; x_wconf 89' lang='lat' dir='ltr'>Noster</span> <span class='ocrx_word' id='word_1_10' title='bbox 1179 344 1309 374; x_wconf 85' lang='lat' dir='ltr'>autem</span> <span class='ocrx_word' id='word_1_11' title='bbox 1328 336 1509 390; x_wconf 88' lang='lat' dir='ltr'>populus,</span> <span class='ocrx_word' id='word_1_12' title='bbox 1537 337 1646 377; x_wconf 88' lang='lat' dir='ltr'>sociis</span> <span class='ocrx_word' id='word_1_13' title='bbox 1668 340 1736 377; x_wconf 85' lang='lat' dir='ltr'>de·-</span> 
     </span>
     <span class='ocr_line' id='line_1_3' title="bbox 390 397 1359 454; baseline 0.004 -18"><span class='ocrx_word' id='word_1_14' title='bbox 390 397 616 445; x_wconf 87' lang='lat' dir='ltr'>fendendis‚.</span> <span class='ocrx_word' id='word_1_15' title='bbox 627 408 811 438; x_wconf 87' lang='lat' dir='ltr'>terrarum</span> <span class='ocrx_word' id='word_1_16' title='bbox 825 400 909 451; x_wconf 90' lang='lat' dir='ltr'>jam</span> <span class='ocrx_word' id='word_1_17' title='bbox 928 401 1108 438; x_wconf 90' lang='lat' dir='ltr'>omnium</span> <span class='ocrx_word' id='word_1_18' title='bbox 1128 401 1274 454; x_wconf 87' lang='lat' dir='ltr'>potitus</span> <span class='ocrx_word' id='word_1_19' title='bbox 1294 401 1359 440; x_wconf 91' lang='lat' dir='ltr'>est.</span> 
     </span>
    </p>

    <p class='ocr_par' dir='ltr' id='par_1_3' title="bbox 338 464 1736 584">
     <span class='ocr_line' id='line_1_4' title="bbox 338 464 1736 519; baseline 0.005 -16"><span class='ocrx_word' id='word_1_20' title='bbox 338 464 453 503; x_wconf 83' lang='grc' dir='ltr'>ΝοΝ.</span> <span class='ocrx_word' id='word_1_21' title='bbox 476 464 692 518; x_wconf 84' lang='lat' dir='ltr'>Largitas.]</span> <span class='ocrx_word' id='word_1_22' title='bbox 724 464 861 516; x_wconf 91' lang='lat' dir='ltr'>Pyrrhi</span> <span class='ocrx_word' id='word_1_23' title='bbox 892 465 1038 504; x_wconf 85' lang='lat' dir='ltr'>ridetur</span> <span class='ocrx_word' id='word_1_24' title='bbox 1067 466 1219 519; x_wconf 86' lang='lat' dir='ltr'>largitas</span> <span class='ocrx_word' id='word_1_25' title='bbox 1246 481 1266 505; x_wconf 85' lang='lat' dir='ltr'>a</span> <span class='ocrx_word' id='word_1_26' title='bbox 1286 468 1466 514; x_wconf 86' lang='lat' dir='ltr'>Consule,</span> <span class='ocrx_word' id='word_1_27' title='bbox 1499 478 1563 508; x_wconf 90' lang='lat' dir='ltr'>aut</span> <span class='ocrx_word' id='word_1_28' title='bbox 1584 471 1736 510; x_wconf 87' lang='lat' dir='ltr'>Samni·</span> 
     </span>
     <span class='ocr_line' id='line_1_5' title="bbox 392 529 1011 584; baseline 0 -16"><span class='ocrx_word' id='word_1_29' title='bbox 392 531 492 568; x_wconf 88' lang='lat' dir='ltr'>tium</span> <span class='ocrx_word' id='word_1_30' title='bbox 513 532 633 584; x_wconf 84' lang='lat' dir='ltr'>copiae</span> <span class='ocrx_word' id='word_1_31' title='bbox 651 531 772 569; x_wconf 91' lang='lat' dir='ltr'>Curio</span> <span class='ocrx_word' id='word_1_32' title='bbox 791 529 1011 569; x_wconf 89' lang='lat' dir='ltr'>defuerunt.</span> 
     </span>
    </p>

    <p class='ocr_par' dir='ltr' id='par_1_4' title="bbox 337 596 1738 847">
     <span class='ocr_line' id='line_1_6' title="bbox 337 596 1738 650; baseline 0.004 -15"><span class='ocrx_word' id='word_1_33' title='bbox 337 597 452 635; x_wconf 79' lang='lat' dir='ltr'>NoN.</span> <span class='ocrx_word' id='word_1_34' title='bbox 474 597 620 650; x_wconf 58' lang='lat' dir='ltr'><em>Apud]</em></span> <span class='ocrx_word' id='word_1_35' title='bbox 652 598 775 648; x_wconf 88' lang='lat' dir='ltr'>Cujus</span> <span class='ocrx_word' id='word_1_36' title='bbox 795 597 910 634; x_wconf 84' lang='lat' dir='ltr'>etiam</span> <span class='ocrx_word' id='word_1_37' title='bbox 931 596 1068 635; x_wconf 90' lang='lat' dir='ltr'>focum</span> <span class='ocrx_word' id='word_1_38' title='bbox 1090 598 1187 635; x_wconf 87' lang='lat' dir='ltr'>Cato</span> <span class='ocrx_word' id='word_1_39' title='bbox 1217 598 1283 636; x_wconf 91' lang='lat' dir='ltr'>ille</span> <span class='ocrx_word' id='word_1_40' title='bbox 1303 600 1440 644; x_wconf 85' lang='lat' dir='ltr'>noster,</span> <span class='ocrx_word' id='word_1_41' title='bbox 1474 615 1566 640; x_wconf 89' lang='lat' dir='ltr'>cum</span> <span class='ocrx_word' id='word_1_42' title='bbox 1586 611 1738 641; x_wconf 89' lang='lat' dir='ltr'>venerat</span> 
     </span>
     <span class='ocr_line' id='line_1_7' title="bbox 390 663 1738 721; baseline 0.004 -20"><span class='ocrx_word' id='word_1_43' title='bbox 390 664 436 702; x_wconf 91' lang='lat' dir='ltr'>ad</span> <span class='ocrx_word' id='word_1_44' title='bbox 455 663 492 701; x_wconf 87' lang='lat' dir='ltr'>se</span> <span class='ocrx_word' id='word_1_45' title='bbox 510 665 552 701; x_wconf 88' lang='lat' dir='ltr'>in</span> <span class='ocrx_word' id='word_1_46' title='bbox 573 663 746 707; x_wconf 85' lang='lat' dir='ltr'>Sabinos,</span> <span class='ocrx_word' id='word_1_47' title='bbox 774 671 818 700; x_wconf 92' lang='lat' dir='ltr'>ut</span> <span class='ocrx_word' id='word_1_48' title='bbox 837 675 884 700; x_wconf 82' lang='lat' dir='ltr'>ex</span> <span class='ocrx_word' id='word_1_49' title='bbox 904 663 984 715; x_wconf 86' lang='lat' dir='ltr'>ipso</span> <span class='ocrx_word' id='word_1_50' title='bbox 1003 663 1268 709; x_wconf 83' lang='lat' dir='ltr'>audiebamus,</span> <span class='ocrx_word' id='word_1_51' title='bbox 1300 665 1414 703; x_wconf 90' lang='lat' dir='ltr'>visere</span> <span class='ocrx_word' id='word_1_52' title='bbox 1435 666 1598 712; x_wconf 83' lang='lat' dir='ltr'>solebat3</span> <span class='ocrx_word' id='word_1_53' title='bbox 1635 669 1738 721; x_wconf 91' lang='lat' dir='ltr'>apud</span> 
     </span>
     <span class='ocr_line' id='line_1_8' title="bbox 389 727 1736 783; baseline 0.004 -17"><span class='ocrx_word' id='word_1_54' title='bbox 389 742 509 781; x_wconf 89' lang='lat' dir='ltr'>quem</span> <span class='ocrx_word' id='word_1_55' title='bbox 529 728 672 773; x_wconf 87' lang='lat' dir='ltr'>sedens,</span> <span class='ocrx_word' id='word_1_56' title='bbox 705 727 954 773; x_wconf 86' lang='lat' dir='ltr'>Samnitium,</span> <span class='ocrx_word' id='word_1_57' title='bbox 987 729 1184 781; x_wconf 81' lang='lat' dir='ltr'>quondam</span> <span class='ocrx_word' id='word_1_58' title='bbox 1204 729 1389 776; x_wconf 88' lang='lat' dir='ltr'>hostium,</span> <span class='ocrx_word' id='word_1_59' title='bbox 1411 740 1497 768; x_wconf 89' lang='lat' dir='ltr'>tum</span> <span class='ocrx_word' id='word_1_60' title='bbox 1512 733 1594 783; x_wconf 85' lang='lat' dir='ltr'>jam</span> <span class='ocrx_word' id='word_1_61' title='bbox 1613 734 1736 772; x_wconf 90' lang='lat' dir='ltr'>clien-</span> 
     </span>
     <span class='ocr_line' id='line_1_9' title="bbox 390 794 1095 847; baseline 0 -15"><span class='ocrx_word' id='word_1_62' title='bbox 390 796 490 833; x_wconf 90' lang='lat' dir='ltr'><strong>tium</strong></span> <span class='ocrx_word' id='word_1_63' title='bbox 510 795 680 839; x_wconf 82' lang='lat' dir='ltr'>suorum,</span> <span class='ocrx_word' id='word_1_64' title='bbox 703 794 801 833; x_wconf 85' lang='lat' dir='ltr'>dona</span> <span class='ocrx_word' id='word_1_65' title='bbox 821 795 1095 847; x_wconf 86' lang='lat' dir='ltr'>repudiaverat.</span> 
     </span>
    </p>

    <p class='ocr_par' dir='ltr' id='par_1_5' title="bbox 334 860 1738 980">
     <span class='ocr_line' id='line_1_10' title="bbox 334 860 1738 915; baseline 0.002 -17"><span class='ocrx_word' id='word_1_66' title='bbox 334 860 388 898; x_wconf 88' lang='lat' dir='ltr'>D.</span> <span class='ocrx_word' id='word_1_67' title='bbox 409 861 526 899; x_wconf 77' lang='lat' dir='ltr'>Auo.</span> <span class='ocrx_word' id='word_1_68' title='bbox 549 861 610 899; x_wconf 84' lang='lat' dir='ltr'>lib.</span> <span class='ocrx_word' id='word_1_69' title='bbox 634 874 750 899; x_wconf 81' lang='lat' dir='ltr'>xxn.</span> <span class='ocrx_word' id='word_1_70' title='bbox 772 869 851 913; x_wconf 84' lang='lat' dir='ltr'>cap.</span> <span class='ocrx_word' id='word_1_71' title='bbox 876 861 934 914; x_wconf 88' lang='grc'>6.]</span> <span class='ocrx_word' id='word_1_72' title='bbox 957 860 1129 899; x_wconf 91' lang='lat' dir='ltr'>Nullum</span> <span class='ocrx_word' id='word_1_73' title='bbox 1151 861 1301 900; x_wconf 90' lang='lat' dir='ltr'>bellum</span> <span class='ocrx_word' id='word_1_74' title='bbox 1322 861 1525 915; x_wconf 87' lang='lat' dir='ltr'>suscipitur</span> <span class='ocrx_word' id='word_1_75' title='bbox 1545 876 1565 900; x_wconf 86' lang='lat' dir='ltr'>a</span> <span class='ocrx_word' id='word_1_76' title='bbox 1583 862 1738 902; x_wconf 87' lang='lat' dir='ltr'>civitate</span> 
     </span>
     <span class='ocr_line' id='line_1_11' title="bbox 389 927 1249 980; baseline 0 -16"><span class='ocrx_word' id='word_1_77' title='bbox 389 927 551 979; x_wconf 88' lang='lat' dir='ltr'>optima,</span> <span class='ocrx_word' id='word_1_78' title='bbox 573 927 641 965; x_wconf 86' lang='lat' dir='ltr'>nifi</span> <span class='ocrx_word' id='word_1_79' title='bbox 662 935 727 964; x_wconf 88' lang='lat' dir='ltr'>aut</span> <span class='ocrx_word' id='word_1_80' title='bbox 747 941 816 979; x_wconf 85' lang='lat' dir='ltr'>pro</span> <span class='ocrx_word' id='word_1_81' title='bbox 835 927 923 972; x_wconf 87' lang='lat' dir='ltr'>fide,</span> <span class='ocrx_word' id='word_1_82' title='bbox 945 937 1009 964; x_wconf 91' lang='lat' dir='ltr'>aut</span> <span class='ocrx_word' id='word_1_83' title='bbox 1030 941 1098 980; x_wconf 92' lang='lat' dir='ltr'>pro</span> <span class='ocrx_word' id='word_1_84' title='bbox 1119 927 1249 965; x_wconf 87' lang='lat' dir='ltr'>salute.</span> 
     </span>
    </p>

    <p class='ocr_par' dir='ltr' id='par_1_6' title="bbox 335 992 1738 1433">
     <span class='ocr_line' id='line_1_12' title="bbox 335 992 1736 1046; baseline 0.001 -15"><span class='ocrx_word' id='word_1_85' title='bbox 335 992 390 1030; x_wconf 87' lang='lat' dir='ltr'>D.</span> <span class='ocrx_word' id='word_1_86' title='bbox 412 995 530 1031; x_wconf 79' lang='lat' dir='ltr'>Auo.</span> <span class='ocrx_word' id='word_1_87' title='bbox 552 992 613 1031; x_wconf 85' lang='lat' dir='ltr'>lib.</span> <span class='ocrx_word' id='word_1_88' title='bbox 639 1005 753 1031; x_wconf 74' lang='lat' dir='ltr'>xxm.</span> <span class='ocrx_word' id='word_1_89' title='bbox 775 1001 854 1046; x_wconf 88' lang='lat' dir='ltr'>cap.</span> <span class='ocrx_word' id='word_1_90' title='bbox 877 1006 916 1043; x_wconf 90' lang='lat'>4.</span> <span class='ocrx_word' id='word_1_91' title='bbox 941 993 1079 1046; x_wconf 76' lang='lat' dir='ltr'>Civit.]</span> <span class='ocrx_word' id='word_1_92' title='bbox 1113 993 1243 1045; x_wconf 84' lang='lat' dir='ltr'>Magis</span> <span class='ocrx_word' id='word_1_93' title='bbox 1275 993 1327 1030; x_wconf 89' lang='lat' dir='ltr'>est</span> <span class='ocrx_word' id='word_1_94' title='bbox 1347 993 1387 1030; x_wconf 91' lang='lat' dir='ltr'>in</span> <span class='ocrx_word' id='word_1_95' title='bbox 1409 994 1583 1032; x_wconf 90' lang='lat' dir='ltr'>Romulo</span> <span class='ocrx_word' id='word_1_96' title='bbox 1609 995 1736 1033; x_wconf 88' lang='lat' dir='ltr'>admi-</span> 
     </span>
     <span class='ocr_line' id='line_1_13' title="bbox 391 1057 1736 1111; baseline 0.001 -15"><span class='ocrx_word' id='word_1_97' title='bbox 391 1058 568 1104; x_wconf 89' lang='lat' dir='ltr'>randum,</span> <span class='ocrx_word' id='word_1_98' title='bbox 590 1058 694 1110; x_wconf 93' lang='lat' dir='ltr'>quod</span> <span class='ocrx_word' id='word_1_99' title='bbox 713 1058 852 1103; x_wconf 86' lang='lat' dir='ltr'>caeteri,</span> <span class='ocrx_word' id='word_1_100' title='bbox 888 1059 956 1111; x_wconf 92' lang='lat' dir='ltr'>qui</span> <span class='ocrx_word' id='word_1_101' title='bbox 978 1059 1046 1096; x_wconf 88' lang='lat' dir='ltr'>Dii</span> <span class='ocrx_word' id='word_1_102' title='bbox 1077 1072 1123 1096; x_wconf 84' lang='lat' dir='ltr'>ex</span> <span class='ocrx_word' id='word_1_103' title='bbox 1143 1057 1370 1096; x_wconf 89' lang='lat' dir='ltr'>hominibus</span> <span class='ocrx_word' id='word_1_104' title='bbox 1391 1058 1482 1096; x_wconf 66' lang='lat' dir='ltr'>fasti</span> <span class='ocrx_word' id='word_1_105' title='bbox 1505 1059 1575 1097; x_wconf 80' lang='lat' dir='ltr'>effe</span> <span class='ocrx_word' id='word_1_106' title='bbox 1595 1060 1736 1098; x_wconf 90' lang='lat' dir='ltr'>dicun-</span> 
     </span>
     <span class='ocr_line' id='line_1_14' title="bbox 390 1123 1738 1178; baseline 0.001 -16"><span class='ocrx_word' id='word_1_107' title='bbox 390 1133 466 1170; x_wconf 88' lang='lat' dir='ltr'><strong>tur,</strong></span> <span class='ocrx_word' id='word_1_108' title='bbox 497 1125 628 1163; x_wconf 89' lang='lat' dir='ltr'>minus</span> <span class='ocrx_word' id='word_1_109' title='bbox 662 1125 820 1163; x_wconf 90' lang='lat' dir='ltr'>eruditis</span> <span class='ocrx_word' id='word_1_110' title='bbox 851 1123 1060 1163; x_wconf 90' lang='lat' dir='ltr'>hominum</span> <span class='ocrx_word' id='word_1_111' title='bbox 1095 1124 1228 1163; x_wconf 87' lang='lat' dir='ltr'>seculis</span> <span class='ocrx_word' id='word_1_112' title='bbox 1260 1123 1444 1170; x_wconf 86' lang='lat' dir='ltr'>fuerunt;</span> <span class='ocrx_word' id='word_1_113' title='bbox 1492 1135 1534 1163; x_wconf 89' lang='lat' dir='ltr'>ut</span> <span class='ocrx_word' id='word_1_114' title='bbox 1566 1125 1738 1178; x_wconf 83' lang='lat' dir='ltr'>fingendi</span> 
     </span>
     <span class='ocr_line' id='line_1_15' title="bbox 388 1190 1736 1244; baseline 0 -15"><span class='ocrx_word' id='word_1_115' title='bbox 388 1191 598 1244; x_wconf 88' lang='lat' dir='ltr'>proclivior</span> <span class='ocrx_word' id='word_1_116' title='bbox 628 1190 718 1229; x_wconf 85' lang='lat' dir='ltr'>effet</span> <span class='ocrx_word' id='word_1_117' title='bbox 750 1191 860 1236; x_wconf 85' lang='lat' dir='ltr'>ratio,</span> <span class='ocrx_word' id='word_1_118' title='bbox 896 1205 987 1229; x_wconf 92' lang='lat' dir='ltr'>cum</span> <span class='ocrx_word' id='word_1_119' title='bbox 1008 1191 1179 1244; x_wconf 88' lang='lat' dir='ltr'>imperiti</span> <span class='ocrx_word' id='word_1_120' title='bbox 1198 1190 1312 1229; x_wconf 88' lang='lat' dir='ltr'>facile</span> <span class='ocrx_word' id='word_1_121' title='bbox 1332 1192 1377 1229; x_wconf 86' lang='lat' dir='ltr'>ad</span> <span class='ocrx_word' id='word_1_122' title='bbox 1401 1191 1636 1229; x_wconf 88' lang='lat' dir='ltr'>credendum</span> <span class='ocrx_word' id='word_1_123' title='bbox 1657 1193 1736 1230; x_wconf 90' lang='lat' dir='ltr'>im-</span> 
     </span>
     <span class='ocr_line' id='line_1_16' title="bbox 387 1256 1735 1309; baseline 0.001 -15"><span class='ocrx_word' id='word_1_124' title='bbox 387 1256 634 1309; x_wconf 86' lang='lat' dir='ltr'>pellerentur.</span> <span class='ocrx_word' id='word_1_125' title='bbox 666 1257 831 1295; x_wconf 89' lang='lat' dir='ltr'>Romuli</span> <span class='ocrx_word' id='word_1_126' title='bbox 850 1265 980 1295; x_wconf 86' lang='lat' dir='ltr'>autem</span> <span class='ocrx_word' id='word_1_127' title='bbox 1001 1265 1151 1295; x_wconf 85' lang='lat' dir='ltr'>aetatem</span> <span class='ocrx_word' id='word_1_128' title='bbox 1171 1257 1302 1295; x_wconf 84' lang='lat' dir='ltr'>minus</span> <span class='ocrx_word' id='word_1_129' title='bbox 1325 1256 1386 1295; x_wconf 89' lang='lat' dir='ltr'>his</span> <span class='ocrx_word' id='word_1_130' title='bbox 1407 1258 1592 1295; x_wconf 85' lang='lat' dir='ltr'>sexcentis</span> <span class='ocrx_word' id='word_1_131' title='bbox 1613 1258 1735 1302; x_wconf 83' lang='lat' dir='ltr'>annis,</span> 
     </span>
     <span class='ocr_line' id='line_1_17' title="bbox 381 1323 1737 1376; baseline 0.001 -15"><span class='ocrx_word' id='word_1_132' title='bbox 381 1324 466 1376; x_wconf 86' lang='lat' dir='ltr'>jam</span> <span class='ocrx_word' id='word_1_133' title='bbox 486 1323 705 1362; x_wconf 88' lang='lat' dir='ltr'>inveteratis</span> <span class='ocrx_word' id='word_1_134' title='bbox 725 1323 845 1361; x_wconf 83' lang='lat' dir='ltr'>literis</span> <span class='ocrx_word' id='word_1_135' title='bbox 865 1332 980 1375; x_wconf 87' lang='lat' dir='ltr'>atque</span> <span class='ocrx_word' id='word_1_136' title='bbox 999 1323 1195 1367; x_wconf 61' lang='lat' dir='ltr'>doctrinis,</span> <span class='ocrx_word' id='word_1_137' title='bbox 1218 1323 1405 1375; x_wconf 89' lang='lat' dir='ltr'>omnique</span> <span class='ocrx_word' id='word_1_138' title='bbox 1424 1323 1494 1361; x_wconf 88' lang='lat' dir='ltr'>illo</span> <span class='ocrx_word' id='word_1_139' title='bbox 1513 1324 1674 1375; x_wconf 85' lang='lat' dir='ltr'>antiquo</span> <span class='ocrx_word' id='word_1_140' title='bbox 1690 1337 1737 1362; x_wconf 82' lang='lat' dir='ltr'>ex</span> 
     </span>
     <span class='ocr_line' id='line_1_18' title="bbox 387 1386 1550 1433; baseline -0.003 -5"><span class='ocrx_word' id='word_1_141' title='bbox 387 1389 536 1428; x_wconf 88' lang='lat' dir='ltr'>inculta</span> <span class='ocrx_word' id='word_1_142' title='bbox 554 1388 766 1427; x_wconf 91' lang='lat' dir='ltr'>hominum</span> <span class='ocrx_word' id='word_1_143' title='bbox 785 1388 864 1426; x_wconf 87' lang='lat' dir='ltr'>vita</span> <span class='ocrx_word' id='word_1_144' title='bbox 882 1401 1006 1426; x_wconf 85' lang='lat' dir='ltr'>errore</span> <span class='ocrx_word' id='word_1_145' title='bbox 1026 1387 1190 1433; x_wconf 89' lang='lat' dir='ltr'>sublato,</span> <span class='ocrx_word' id='word_1_146' title='bbox 1211 1386 1322 1426; x_wconf 84' lang='lat' dir='ltr'>fuiffe</span> <span class='ocrx_word' id='word_1_147' title='bbox 1341 1388 1550 1425; x_wconf 86' lang='lat' dir='ltr'>cernimus.</span> 
     </span>
    </p>

    <p class='ocr_par' dir='ltr' id='par_1_7' title="bbox 333 1453 1739 1837">
     <span class='ocr_line' id='line_1_19' title="bbox 333 1453 1739 1507; baseline -0.001 -14"><span class='ocrx_word' id='word_1_148' title='bbox 333 1455 387 1493; x_wconf 92' lang='lat' dir='ltr'>D.</span> <span class='ocrx_word' id='word_1_149' title='bbox 409 1457 528 1493; x_wconf 79' lang='lat' dir='ltr'>Auo.</span> <span class='ocrx_word' id='word_1_150' title='bbox 550 1454 708 1507; x_wconf 66' lang='lat' dir='ltr'>ibidem]</span> <span class='ocrx_word' id='word_1_151' title='bbox 738 1455 800 1493; x_wconf 90' lang='lat' dir='ltr'>Ex</span> <span class='ocrx_word' id='word_1_152' title='bbox 819 1468 899 1506; x_wconf 90' lang='lat' dir='ltr'>quo</span> <span class='ocrx_word' id='word_1_153' title='bbox 928 1454 1096 1506; x_wconf 87' lang='lat' dir='ltr'>intelligi</span> <span class='ocrx_word' id='word_1_154' title='bbox 1115 1453 1252 1506; x_wconf 89' lang='lat' dir='ltr'>potest,</span> <span class='ocrx_word' id='word_1_155' title='bbox 1284 1453 1487 1506; x_wconf 87' lang='lat' dir='ltr'>permultis</span> <span class='ocrx_word' id='word_1_156' title='bbox 1518 1453 1626 1492; x_wconf 88' lang='lat' dir='ltr'>annis</span> <span class='ocrx_word' id='word_1_157' title='bbox 1652 1462 1739 1492; x_wconf 89' lang='lat' dir='ltr'>ante</span> 
     </span>
     <span class='ocr_line' id='line_1_20' title="bbox 390 1519 1735 1572; baseline -0.001 -12"><span class='ocrx_word' id='word_1_158' title='bbox 390 1523 615 1560; x_wconf 88' lang='lat' dir='ltr'>Homerum</span> <span class='ocrx_word' id='word_1_159' title='bbox 634 1519 758 1564; x_wconf 84' lang='lat' dir='ltr'>fuiffe,</span> <span class='ocrx_word' id='word_1_160' title='bbox 781 1533 898 1572; x_wconf 89' lang='lat' dir='ltr'>quam</span> <span class='ocrx_word' id='word_1_161' title='bbox 919 1520 1164 1557; x_wconf 89' lang='lat' dir='ltr'>Romulum:</span> <span class='ocrx_word' id='word_1_162' title='bbox 1197 1528 1241 1556; x_wconf 91' lang='lat' dir='ltr'>ut</span> <span class='ocrx_word' id='word_1_163' title='bbox 1254 1521 1337 1571; x_wconf 89' lang='lat' dir='ltr'>jam</span> <span class='ocrx_word' id='word_1_164' title='bbox 1358 1520 1478 1558; x_wconf 64' lang='lat' dir='ltr'>doctis</span> <span class='ocrx_word' id='word_1_165' title='bbox 1494 1520 1735 1566; x_wconf 89' lang='lat' dir='ltr'>hominibus,</span> 
     </span>
     <span class='ocr_line' id='line_1_21' title="bbox 388 1584 1737 1639; baseline -0.001 -14"><span class='ocrx_word' id='word_1_166' title='bbox 388 1601 431 1625; x_wconf 89' lang='lat' dir='ltr'>ac</span> <span class='ocrx_word' id='word_1_167' title='bbox 453 1586 692 1639; x_wconf 87' lang='lat' dir='ltr'>temporibus</span> <span class='ocrx_word' id='word_1_168' title='bbox 714 1585 800 1638; x_wconf 78' lang='lat' dir='ltr'>ipsis</span> <span class='ocrx_word' id='word_1_169' title='bbox 821 1585 993 1630; x_wconf 87' lang='lat' dir='ltr'>eruditis,</span> <span class='ocrx_word' id='word_1_170' title='bbox 1016 1584 1061 1622; x_wconf 85' lang='lat' dir='ltr'>ad</span> <span class='ocrx_word' id='word_1_171' title='bbox 1079 1584 1307 1637; x_wconf 86' lang='lat' dir='ltr'>fingendum</span> <span class='ocrx_word' id='word_1_172' title='bbox 1332 1586 1396 1623; x_wconf 88' lang='lat' dir='ltr'>vix</span> <span class='ocrx_word' id='word_1_173' title='bbox 1418 1585 1629 1637; x_wconf 84' lang='lat' dir='ltr'>quicquam</span> <span class='ocrx_word' id='word_1_174' title='bbox 1649 1586 1737 1624; x_wconf 83' lang='lat' dir='ltr'>effet</span> 
     </span>
     <span class='ocr_line' id='line_1_22' title="bbox 389 1649 1736 1704; baseline -0.001 -13"><span class='ocrx_word' id='word_1_175' title='bbox 389 1653 478 1692; x_wconf 91' lang='lat' dir='ltr'>loci.</span> <span class='ocrx_word' id='word_1_176' title='bbox 511 1652 736 1704; x_wconf 88' lang='lat' dir='ltr'>Antiquitas</span> <span class='ocrx_word' id='word_1_177' title='bbox 767 1652 874 1689; x_wconf 91' lang='lat' dir='ltr'>enim</span> <span class='ocrx_word' id='word_1_178' title='bbox 907 1651 1049 1704; x_wconf 88' lang='lat' dir='ltr'>recepit</span> <span class='ocrx_word' id='word_1_179' title='bbox 1079 1649 1241 1695; x_wconf 86' lang='lat' dir='ltr'>fabulas,</span> <span class='ocrx_word' id='word_1_180' title='bbox 1276 1650 1381 1689; x_wconf 63' lang='lat' dir='ltr'>fictas</span> <span class='ocrx_word' id='word_1_181' title='bbox 1405 1651 1521 1688; x_wconf 84' lang='lat' dir='ltr'>etiam</span> <span class='ocrx_word' id='word_1_182' title='bbox 1553 1665 1736 1689; x_wconf 85' lang='lat' dir='ltr'>nonnun-</span> 
     </span>
     <span class='ocr_line' id='line_1_23' title="bbox 389 1716 1739 1772; baseline -0.002 -15"><span class='ocrx_word' id='word_1_183' title='bbox 389 1733 508 1772; x_wconf 90' lang='lat' dir='ltr'>quam</span> <span class='ocrx_word' id='word_1_184' title='bbox 528 1718 739 1756; x_wconf 89' lang='lat' dir='ltr'>incondite.</span> <span class='ocrx_word' id='word_1_185' title='bbox 782 1718 880 1756; x_wconf 85' lang='lat' dir='ltr'>Haec</span> <span class='ocrx_word' id='word_1_186' title='bbox 901 1727 987 1755; x_wconf 85' lang='lat' dir='ltr'>aetas</span> <span class='ocrx_word' id='word_1_187' title='bbox 1008 1725 1151 1762; x_wconf 91' lang='lat' dir='ltr'>autem,</span> <span class='ocrx_word' id='word_1_188' title='bbox 1177 1718 1260 1769; x_wconf 85' lang='lat' dir='ltr'>jam</span> <span class='ocrx_word' id='word_1_189' title='bbox 1280 1717 1432 1755; x_wconf 84' lang='lat' dir='ltr'>exculta</span> <span class='ocrx_word' id='word_1_190' title='bbox 1449 1716 1670 1770; x_wconf 84' lang='lat' dir='ltr'>praesertim,</span> <span class='ocrx_word' id='word_1_191' title='bbox 1700 1726 1739 1755; x_wconf 90' lang='lat' dir='ltr'>et</span> 
     </span>
     <span class='ocr_line' id='line_1_24' title="bbox 387 1782 1357 1837; baseline -0.003 -14"><span class='ocrx_word' id='word_1_192' title='bbox 387 1786 548 1830; x_wconf 89' lang='lat' dir='ltr'>erudita,</span> <span class='ocrx_word' id='word_1_193' title='bbox 570 1797 700 1829; x_wconf 89' lang='lat' dir='ltr'>omne,</span> <span class='ocrx_word' id='word_1_194' title='bbox 722 1783 827 1837; x_wconf 91' lang='lat' dir='ltr'>quod</span> <span class='ocrx_word' id='word_1_195' title='bbox 846 1783 929 1822; x_wconf 87' lang='lat' dir='ltr'>fieri</span> <span class='ocrx_word' id='word_1_196' title='bbox 950 1797 1026 1821; x_wconf 89' lang='lat' dir='ltr'>non</span> <span class='ocrx_word' id='word_1_197' title='bbox 1046 1782 1181 1836; x_wconf 90' lang='lat' dir='ltr'>potest,</span> <span class='ocrx_word' id='word_1_198' title='bbox 1203 1782 1357 1836; x_wconf 89' lang='lat' dir='ltr'>respuit.</span> 
     </span>
    </p>

    <p class='ocr_par' dir='ltr' id='par_1_8' title="bbox 335 1848 1736 1968">
     <span class='ocr_line' id='line_1_25' title="bbox 335 1848 1736 1903; baseline -0.002 -14"><span class='ocrx_word' id='word_1_199' title='bbox 335 1852 589 1890; x_wconf 80' lang='lat' dir='ltr'>LACTANT.</span> <span class='ocrx_word' id='word_1_200' title='bbox 611 1850 671 1889; x_wconf 83' lang='lat' dir='ltr'>lib.</span> <span class='ocrx_word' id='word_1_201' title='bbox 697 1864 735 1888; x_wconf 91' lang='lat' dir='ltr'>v.</span> <span class='ocrx_word' id='word_1_202' title='bbox 758 1859 837 1903; x_wconf 82' lang='lat' dir='ltr'>cap.</span> <span class='ocrx_word' id='word_1_203' title='bbox 866 1863 927 1901; x_wconf 89' lang='lat'>19.</span> <span class='ocrx_word' id='word_1_204' title='bbox 961 1852 1138 1888; x_wconf 80' lang='lat' dir='ltr'>SENECA</span> <span class='ocrx_word' id='word_1_205' title='bbox 1159 1848 1220 1887; x_wconf 70' lang='lat' dir='ltr'>lib.</span> <span class='ocrx_word' id='word_1_206' title='bbox 1245 1862 1339 1887; x_wconf 78' lang='lat' dir='ltr'>X1x.</span> <span class='ocrx_word' id='word_1_207' title='bbox 1361 1848 1476 1902; x_wconf 71' lang='lat' dir='ltr'>epss.]</span> <span class='ocrx_word' id='word_1_208' title='bbox 1512 1848 1632 1901; x_wconf 90' lang='lat' dir='ltr'>Apud</span> <span class='ocrx_word' id='word_1_209' title='bbox 1650 1849 1736 1887; x_wconf 90' lang='lat' dir='ltr'>En-</span> 
     </span>
     <span class='ocr_line' id='line_1_26' title="bbox 389 1915 1525 1968; baseline -0.004 -13"><span class='ocrx_word' id='word_1_210' title='bbox 389 1917 499 1955; x_wconf 87' lang='lat' dir='ltr'>nium</span> <span class='ocrx_word' id='word_1_211' title='bbox 519 1917 569 1955; x_wconf 89' lang='lat' dir='ltr'>fic</span> <span class='ocrx_word' id='word_1_212' title='bbox 589 1916 764 1968; x_wconf 90' lang='lat' dir='ltr'>loquitur</span> <span class='ocrx_word' id='word_1_213' title='bbox 784 1915 989 1954; x_wconf 86' lang='lat' dir='ltr'>Africanus</span> <span class='ocrx_word' id='word_1_214' title='bbox 1006 1933 1017 1959; x_wconf 90' lang='lat'>;</span> <span class='ocrx_word' id='word_1_215' title='bbox 1521 1961 1525 1964; x_wconf 16' lang='grc' dir='ltr'><strong>ν</strong></span> 
     </span>
    </p>

    <p class='ocr_par' dir='ltr' id='par_1_9' title="bbox 335 1980 1739 2364">
     <span class='ocr_line' id='line_1_27' title="bbox 526 1980 1530 2036; baseline -0.003 -15"><span class='ocrx_word' id='word_1_216' title='bbox 526 1983 569 2022; x_wconf 85' lang='lat' dir='ltr'>Si</span> <span class='ocrx_word' id='word_1_217' title='bbox 569 1983 641 2036; x_wconf 82' lang='lat' dir='ltr'>sas</span> <span class='ocrx_word' id='word_1_218' title='bbox 660 1982 743 2021; x_wconf 80' lang='lat' dir='ltr'><em>endo</em></span> <span class='ocrx_word' id='word_1_219' title='bbox 755 1983 887 2035; x_wconf 85' lang='lat' dir='ltr'>plagas</span> <span class='ocrx_word' id='word_1_220' title='bbox 906 1981 1073 2034; x_wconf 67' lang='lat' dir='ltr'>caelestum</span> <span class='ocrx_word' id='word_1_221' title='bbox 1093 1980 1271 2035; x_wconf 57' lang='lat' dir='ltr'>ascendere</span> <span class='ocrx_word' id='word_1_222' title='bbox 1289 1980 1453 2033; x_wconf 80' lang='lat' dir='ltr'>cuiquam</span> <span class='ocrx_word' id='word_1_223' title='bbox 1472 1980 1530 2033; x_wconf 68' lang='lat' dir='ltr'>est,</span> 
     </span>
     <span class='ocr_line' id='line_1_28' title="bbox 580 2049 1248 2103; baseline -0.004 -15"><span class='ocrx_word' id='word_1_224' title='bbox 580 2050 646 2088; x_wconf 86' lang='lat' dir='ltr'>Mi</span> <span class='ocrx_word' id='word_1_225' title='bbox 648 2050 722 2103; x_wconf 78' lang='lat' dir='ltr'>soli</span> <span class='ocrx_word' id='word_1_226' title='bbox 737 2050 818 2088; x_wconf 80' lang='lat' dir='ltr'>caeli</span> <span class='ocrx_word' id='word_1_227' title='bbox 833 2049 987 2087; x_wconf 80' lang='lat' dir='ltr'>maxima</span> <span class='ocrx_word' id='word_1_228' title='bbox 1000 2057 1113 2101; x_wconf 88' lang='lat' dir='ltr'>porta</span> <span class='ocrx_word' id='word_1_229' title='bbox 1125 2057 1248 2100; x_wconf 72' lang='lat' dir='ltr'>patet.</span> 
     </span>
     <span class='ocr_line' id='line_1_29' title="bbox 389 2111 1739 2167; baseline -0.003 -14"><span class='ocrx_word' id='word_1_230' title='bbox 389 2114 456 2153; x_wconf 90' lang='lat' dir='ltr'>Est</span> <span class='ocrx_word' id='word_1_231' title='bbox 474 2129 576 2160; x_wconf 88' lang='lat' dir='ltr'>vero,</span> <span class='ocrx_word' id='word_1_232' title='bbox 595 2116 738 2167; x_wconf 83' lang='lat' dir='ltr'>inquit,</span> <span class='ocrx_word' id='word_1_233' title='bbox 761 2114 956 2153; x_wconf 80' lang='lat' dir='ltr'>Africane.</span> <span class='ocrx_word' id='word_1_234' title='bbox 989 2114 1094 2153; x_wconf 84' lang='lat' dir='ltr'>Nam</span> <span class='ocrx_word' id='word_1_235' title='bbox 1117 2123 1155 2151; x_wconf 92' lang='lat' dir='ltr'>et</span> <span class='ocrx_word' id='word_1_236' title='bbox 1183 2112 1350 2150; x_wconf 88' lang='lat' dir='ltr'>Herculi</span> <span class='ocrx_word' id='word_1_237' title='bbox 1370 2112 1503 2149; x_wconf 88' lang='lat' dir='ltr'>eadem</span> <span class='ocrx_word' id='word_1_238' title='bbox 1533 2111 1610 2164; x_wconf 90' lang='lat' dir='ltr'>ipsa</span> <span class='ocrx_word' id='word_1_239' title='bbox 1630 2121 1739 2164; x_wconf 89' lang='lat' dir='ltr'>porta</span> 
     </span>
     <span class='ocr_line' id='line_1_30' title="bbox 389 2181 526 2234; baseline 0 -16"><span class='ocrx_word' id='word_1_240' title='bbox 389 2181 526 2234; x_wconf 85' lang='lat' dir='ltr'>patuit.</span> 
     </span>
     <span class='ocr_line' id='line_1_31' title="bbox 335 2243 1573 2299; baseline -0.004 -13"><span class='ocrx_word' id='word_1_241' title='bbox 335 2249 529 2286; x_wconf 78' lang='lat' dir='ltr'>SENECA.</span> <span class='ocrx_word' id='word_1_242' title='bbox 552 2245 656 2299; x_wconf 63' lang='lat' dir='ltr'>ibid]</span> <span class='ocrx_word' id='word_1_243' title='bbox 687 2246 764 2284; x_wconf 86' lang='lat' dir='ltr'>Hic</span> <span class='ocrx_word' id='word_1_244' title='bbox 782 2245 826 2297; x_wconf 75' lang='lat' dir='ltr'><em>ss</em></span> <span class='ocrx_word' id='word_1_245' title='bbox 846 2245 1017 2296; x_wconf 81' lang='lat' dir='ltr'>illesttus,</span> <span class='ocrx_word' id='word_1_246' title='bbox 1038 2243 1098 2282; x_wconf 85' lang='lat' dir='ltr'>cui</span> <span class='ocrx_word' id='word_1_247' title='bbox 1114 2257 1208 2282; x_wconf 82' lang='lat' dir='ltr'>nemo</span> <span class='ocrx_word' id='word_1_248' title='bbox 1227 2243 1326 2288; x_wconf 86' lang='lat' dir='ltr'>civi&#39;,</span> <span class='ocrx_word' id='word_1_249' title='bbox 1348 2257 1455 2297; x_wconf 82' lang='lat' dir='ltr'><em>neque</em></span> <span class='ocrx_word' id='word_1_250' title='bbox 1471 2243 1573 2296; x_wconf 65' lang='lat' dir='ltr'>hzstis</span> 
     </span>
     <span class='ocr_line' id='line_1_32' title="bbox 747 2309 1564 2364; baseline -0.004 -14"><span class='ocrx_word' id='word_1_251' title='bbox 747 2312 878 2363; x_wconf 71' lang='lat' dir='ltr'>init</span> <span class='ocrx_word' id='word_1_252' title='bbox 890 2320 961 2364; x_wconf 80' lang='lat' dir='ltr'>pro</span> <span class='ocrx_word' id='word_1_253' title='bbox 968 2311 1086 2364; x_wconf 61' lang='lat' dir='ltr'>faft‘is</span> <span class='ocrx_word' id='word_1_254' title='bbox 1104 2309 1246 2348; x_wconf 86' lang='lat' dir='ltr'>reddere</span> <span class='ocrx_word' id='word_1_255' title='bbox 1265 2319 1378 2362; x_wconf 81' lang='lat' dir='ltr'>operae</span> <span class='ocrx_word' id='word_1_256' title='bbox 1390 2311 1564 2363; x_wconf 80' lang='lat' dir='ltr'>pretium.</span> 
     </span>
    </p>

    <p class='ocr_par' dir='ltr' id='par_1_10' title="bbox 337 2376 1735 2628">
     <span class='ocr_line' id='line_1_33' title="bbox 337 2376 1733 2431; baseline -0.003 -14"><span class='ocrx_word' id='word_1_257' title='bbox 337 2380 390 2417; x_wconf 94' lang='lat' dir='ltr'>D.</span> <span class='ocrx_word' id='word_1_258' title='bbox 414 2381 530 2417; x_wconf 78' lang='lat' dir='ltr'>Auo.</span> <span class='ocrx_word' id='word_1_259' title='bbox 552 2379 613 2418; x_wconf 82' lang='lat' dir='ltr'>lib.</span> <span class='ocrx_word' id='word_1_260' title='bbox 639 2391 712 2417; x_wconf 89' lang='lat'>111.</span> <span class='ocrx_word' id='word_1_261' title='bbox 740 2387 819 2431; x_wconf 86' lang='lat' dir='ltr'>cap.</span> <span class='ocrx_word' id='word_1_262' title='bbox 848 2392 908 2430; x_wconf 85' lang='lat'>¹5·</span> <span class='ocrx_word' id='word_1_263' title='bbox 943 2377 1082 2429; x_wconf 80' lang='lat' dir='ltr'>Civit.]</span> <span class='ocrx_word' id='word_1_264' title='bbox 1115 2378 1291 2414; x_wconf 90' lang='lat' dir='ltr'>Tantum</span> <span class='ocrx_word' id='word_1_265' title='bbox 1321 2377 1374 2414; x_wconf 87' lang='lat' dir='ltr'>est</span> <span class='ocrx_word' id='word_1_266' title='bbox 1404 2376 1644 2419; x_wconf 89' lang='lat' dir='ltr'>consecutus,</span> <span class='ocrx_word' id='word_1_267' title='bbox 1677 2384 1733 2419; x_wconf 90' lang='lat' dir='ltr'>ut,</span> 
     </span>
     <span class='ocr_line' id='line_1_34' title="bbox 391 2441 1735 2495; baseline -0.004 -13"><span class='ocrx_word' id='word_1_268' title='bbox 391 2457 483 2481; x_wconf 87' lang='lat' dir='ltr'>cum</span> <span class='ocrx_word' id='word_1_269' title='bbox 504 2444 630 2482; x_wconf 78' lang='lat' dir='ltr'>subito</span> <span class='ocrx_word' id='word_1_270' title='bbox 652 2443 726 2482; x_wconf 88' lang='lat' dir='ltr'>sole</span> <span class='ocrx_word' id='word_1_271' title='bbox 746 2444 946 2482; x_wconf 86' lang='lat' dir='ltr'>obscurato</span> <span class='ocrx_word' id='word_1_272' title='bbox 977 2456 1055 2480; x_wconf 90' lang='lat' dir='ltr'>non</span> <span class='ocrx_word' id='word_1_273' title='bbox 1084 2441 1364 2495; x_wconf 83' lang='lat' dir='ltr'>comparuisset,</span> <span class='ocrx_word' id='word_1_274' title='bbox 1397 2442 1572 2479; x_wconf 88' lang='lat' dir='ltr'>Deorum</span> <span class='ocrx_word' id='word_1_275' title='bbox 1592 2442 1632 2478; x_wconf 88' lang='lat' dir='ltr'>in</span> <span class='ocrx_word' id='word_1_276' title='bbox 1660 2454 1735 2477; x_wconf 89' lang='lat' dir='ltr'>nu-</span> 
     </span>
     <span class='ocr_line' id='line_1_35' title="bbox 392 2509 1735 2561; baseline -0.002 -15"><span class='ocrx_word' id='word_1_277' title='bbox 392 2523 498 2546; x_wconf 86' lang='lat' dir='ltr'>mero</span> <span class='ocrx_word' id='word_1_278' title='bbox 530 2510 738 2548; x_wconf 86' lang='lat' dir='ltr'>collocatus</span> <span class='ocrx_word' id='word_1_279' title='bbox 770 2519 993 2561; x_wconf 86' lang='lat' dir='ltr'>putaretur:</span> <span class='ocrx_word' id='word_1_280' title='bbox 1026 2522 1144 2560; x_wconf 85' lang='lat' dir='ltr'>quam</span> <span class='ocrx_word' id='word_1_281' title='bbox 1171 2509 1395 2560; x_wconf 84' lang='lat' dir='ltr'>opinionem</span> <span class='ocrx_word' id='word_1_282' title='bbox 1416 2522 1531 2545; x_wconf 90' lang='lat' dir='ltr'>nemo</span> <span class='ocrx_word' id='word_1_283' title='bbox 1562 2520 1735 2558; x_wconf 79' lang='lat' dir='ltr'>unquam</span> 
     </span>
     <span class='ocr_line' id='line_1_36' title="bbox 392 2574 1445 2628; baseline -0.002 -15"><span class='ocrx_word' id='word_1_284' title='bbox 392 2576 564 2614; x_wconf 79' lang='lat' dir='ltr'>mortalis</span> <span class='ocrx_word' id='word_1_285' title='bbox 585 2575 723 2628; x_wconf 82' lang='lat' dir='ltr'>affequi</span> <span class='ocrx_word' id='word_1_286' title='bbox 741 2577 869 2628; x_wconf 88' lang='lat' dir='ltr'>potuit</span> <span class='ocrx_word' id='word_1_287' title='bbox 889 2575 964 2613; x_wconf 84' lang='lat' dir='ltr'>fine</span> <span class='ocrx_word' id='word_1_288' title='bbox 979 2575 1121 2613; x_wconf 82' lang='lat' dir='ltr'>eximia</span> <span class='ocrx_word' id='word_1_289' title='bbox 1141 2575 1292 2613; x_wconf 82' lang='lat' dir='ltr'>virtutis</span> <span class='ocrx_word' id='word_1_290' title='bbox 1312 2574 1445 2627; x_wconf 85' lang='lat' dir='ltr'>gloria.</span> 
     </span>
    </p>
   </div>
  </div>
 </body>
</html>
