2223 3003
449 246 526 298 164
854 242 958 282 DE
1028 241 1431 283 LEGIBUS

443 343 644 383 admonitu
664 352 701 381 et
717 350 850 394 rogatu
868 354 971 386 meo,
986 340 1036 378 fic
1055 340 1103 378 de
1123 341 1421 393 magistratibus,
1444 350 1485 380 ut
1501 341 1683 396 disputes,
1700 345 1843 397 quibus

442 411 489 448 de
509 409 626 448 caufis
646 408 816 446 maxime
836 407 983 459 placeat
1002 406 1069 445 ista
1088 406 1305 460 descriptio.
1324 408 1487 446 MARc.
1505 409 1675 455 Faciam,
1694 411 1845 456 Attice,

441 486 484 513 ut
504 476 584 519 vis;
606 483 644 512 et
663 474 796 511 locum
816 473 931 511 istum
952 482 1096 519 totum,
1117 482 1161 511 ut
1180 486 1200 510 a
1219 474 1443 513 doetiffimis
1465 476 1624 514 Graeciae
1639 477 1843 528 quaefitum

439 550 477 578 et
497 540 732 592 disputatum
752 539 818 585 est,
838 539 1069 593 explicab03
1091 548 1142 584 et,
1158 549 1200 578 ut
1213 540 1376 586 institui,
1397 541 1520 579 nostra
1534 542 1622 594 jura
1636 543 1843 595 attingam,

439 607 668 644 ATT1cus.
701 603 806 644 Istud
826 605 996 643 maxime
1022 607 1182 658 expecto
1213 605 1411 644 differendi
1443 620 1576 659 genus.
1627 608 1844 648 MARcus.

438 672 563 724 Atqui
582 671 766 725 pleraque
783 670 872 709 sunt
890 671 992 710 dicta
1009 671 1050 709 in
1071 671 1148 709 illis
1169 671 1293 717 libris,
1309 686 1401 710 curn
1419 673 1464 710 de
1481 673 1630 726 optima
1644 674 1846 726 republica

437 747 683 790 quaereretur.
707 737 779 776 Sed
798 735 915 789 hujus
936 737 1012 775 loci
1033 737 1079 775 de
1094 737 1377 790 magistratibus
1394 738 1479 776 sunt
1495 739 1649 791 propria
1665 740 1844 791 quaedam

437 817 458 841 a
478 802 746 857 Theophrasto
765 803 955 856 primum,
976 803 1114 841 deinde
1139 817 1159 840 a
1179 804 1308 842 Dione
1327 805 1458 843 Stoico
1475 805 1627 857 quaefita
1646 805 1845 845 subtilius.

492 871 565 908 VI.
588 872 816 908 ATT1cus.
837 869 917 906 Ain
938 869 1115 907 tandem?
1136 869 1254 907 etiam
1275 883 1296 907 a
1315 870 1454 908 Stoicis
1473 871 1541 908 ista
1560 873 1714 909 tractata
1728 871 1842 910 sunt?

437 937 654 975 MARCUS.
676 935 771 973 Non
792 933 891 980 sane,
914 934 983 973 nis1
1003 935 1050 973 ab
1070 948 1129 980 eo,
1146 948 1266 987 quern
1286 935 1405 974 modo
1424 937 1637 982 nominavi,
1657 946 1696 976 et
1714 937 1844 990 postea

436 1016 456 1040 a
476 1016 618 1055 magno
637 1000 813 1047 homine,
841 1010 881 1039 et
910 1001 951 1039 in
972 1001 1109 1054 primis
1129 1002 1294 1047 erudito,
1327 1003 1510 1042 Panaetio.
1560 1004 1668 1042 Nam
1699 1013 1845 1042 veteres

435 1069 553 1109 verbo
574 1079 698 1115 tenus,
720 1077 832 1107 acute
850 1067 910 1106 illi
930 1067 1105 1121 quidem,
1127 1068 1189 1106 sed
1205 1082 1283 1106 non
1301 1068 1346 1106 ad
1363 1068 1468 1107 hunc
1482 1069 1594 1108 usum
1613 1070 1842 1123 popularem

435 1145 550 1189 atque
579 1135 751 1181 civilem,
784 1134 831 1173 de
860 1133 1058 1187 republica
1087 1133 1324 1173 differebant.
1372 1134 1437 1173 Ab
1457 1133 1530 1173 hac
1549 1134 1700 1173 familia
1719 1136 1844 1189 magis

434 1203 502 1242 ista
521 1211 740 1246 manarunt,
762 1200 923 1240 Platone
943 1200 1131 1253 principe.
1182 1200 1270 1239 Post
1289 1200 1512 1239 Aristoteles
1532 1201 1734 1240 illustravit
1751 1215 1842 1240 orn-

434 1283 524 1309 nem
545 1269 652 1308 hunc
682 1268 840 1307 civilem
872 1267 913 1305 in
944 1266 1174 1319 disputando
1205 1266 1352 1311 locum,
1382 1267 1680 1320 Heraclidesque
1701 1268 1840 1306 Ponti-

434 1351 517 1383 cus,
548 1335 742 1391 profectus
768 1334 816 1372 ab
835 1333 973 1372 eodem
994 1333 1168 1372 Platone.
1218 1332 1508 1387 Theophrastus
1536 1347 1625 1373 vero
1644 1333 1841 1372 institutus

433 1405 481 1443 ab
501 1401 719 1447 Aristotele,
733 1399 934 1445 habitavit,
953 1408 996 1437 ut
1016 1399 1134 1444 scitis,
1156 1399 1195 1437 in
1217 1413 1262 1437 eo
1280 1413 1417 1452 genere
1438 1413 1590 1438 rerum:
1614 1400 1661 1438 ab
1681 1401 1839 1438 eodem-

431 1483 508 1522 que
528 1467 732 1507 Aristotele
765 1466 899 1504 doctus
931 1463 1196 1509 Dicaearchus,
1231 1464 1324 1502 huic
1359 1465 1497 1502 rationi
1527 1464 1729 1516 studioque
1762 1478 1841 1503 non

431 1533 571 1573 defuit.
595 1533 683 1572 Post
703 1546 723 1570 a
743 1529 1013 1584 Theophrasto
1033 1529 1236 1568 Phalereus
1256 1530 1324 1568 ille
1344 1529 1583 1574 Demetrius,
1602 1529 1649 1567 de
1669 1543 1748 1582 quo
1764 1529 1842 1568 feci

432 1599 543 1653 supra
563 1598 819 1641 mentionem,
852 1595 1082 1634 mirabiliter
1109 1595 1324 1633 doctrinam
1340 1608 1388 1634 ex
1407 1593 1645 1633 umbraculis
1666 1595 1841 1634 erudito-

432 1679 520 1704 rum
548 1665 722 1717 otioque,
763 1675 842 1701 non
871 1662 990 1700 modo
1021 1661 1062 1700 in
1096 1660 1215 1699 solem
1247 1670 1362 1714 atque
1392 1661 1433 1699 in
1462 1661 1675 1714 pulverem,
1708 1661 1770 1700 sed
1798 1663 1841 1701 in

430 1731 557 1785 ipsum
579 1730 786 1769 discrimen
805 1728 1007 1780 aciemque
1027 1727 1223 1780 produxit.
1258 1728 1365 1766 Nam
1386 1737 1424 1765 et
1443 1727 1690 1765 mediocriter
1706 1727 1838 1766 doctos

432 1810 593 1850 magnos
613 1797 654 1834 in
675 1794 872 1849 republica
892 1794 1007 1839 viros,
1037 1802 1075 1831 et
1095 1793 1328 1832 doctiffimos
1360 1791 1538 1831 homines
1560 1806 1637 1831 non
1659 1793 1777 1832 nimis
1799 1794 1838 1832 in

432 1863 629 1916 republica
659 1860 837 1903 versatos,
866 1859 1013 1896 multos
1044 1872 1348 1897 commemorare
1382 1858 1594 1910 possumus.
1636 1860 1718 1911 Qi
1750 1872 1839 1898 vero

432 1938 593 1981 utraque
627 1940 666 1964 re
697 1924 913 1968 excelleret,
945 1934 988 1962 ut
1013 1933 1051 1961 et
1071 1923 1252 1961 doctrinm
1271 1923 1402 1960 studiis
1433 1933 1471 1961 et
1503 1924 1664 1976 regenda
1683 1924 1838 1963 civitate

431 1995 610 2048 princeps
631 1991 733 2036 effet,
756 1990 842 2043 quis
862 1988 987 2035 facile,
1010 1999 1143 2042 praeter
1164 1988 1284 2033 hunc,
1307 1989 1468 2027 inveniri
1491 1989 1641 2042 potest?

480 2061 570 2099 VII.
589 2061 820 2098 Armcus.
839 2056 941 2094 Puto
962 2055 1074 2109 posse,
1088 2066 1126 2094 et
1146 2056 1303 2108 quidem
1318 2055 1488 2108 aliquem
1507 2056 1554 2093 de
1571 2055 1691 2094 tribus
1711 2055 1835 2095 nobis.

432 2127 504 2165 Sed
525 2139 653 2179 perge,
677 2133 720 2163 ut
751 2135 934 2176 coeperas.
978 2119 1186 2160 MARcus.
1211 2122 1428 2173 Qtesitum
1456 2123 1573 2175 igitur
1593 2123 1639 2160 ab
1661 2123 1738 2160 illis
1769 2122 1836 2167 est,

431 2193 645 2245 placeretne
668 2203 791 2228 unum
812 2190 851 2227 in
883 2189 1037 2227 civitate
1067 2187 1138 2226 ess'e
1161 2188 1440 2241 magistratum,
1470 2188 1534 2226 cui
1568 2189 1706 2240 reliqui
1728 2201 1835 2241 pare-

431 2270 540 2303 rent;
565 2258 683 2310 quod,
706 2256 846 2294 exactis
868 2255 1036 2308 regibus,
1059 2254 1236 2307 intelligo
1257 2254 1434 2307 placuill‘e
1457 2254 1588 2293 nostris
1609 2254 1834 2306 majoribus

431 2325 502 2364 Sed
524 2324 710 2377 quoniam
732 2321 856 2375 regale
875 2321 1039 2359 civitatis
1060 2335 1195 2374 genus,
1229 2321 1435 2373 probatum
1467 2321 1679 2373 quondam,
1712 2319 1837 2372 postea

430 2405 508 2430 non
531 2400 608 2428 tarn
632 2389 750 2442 regni,
784 2401 901 2440 quam
933 2387 1030 2440 regis
1053 2388 1170 2432 vitiis,
1205 2387 1446 2439 repudiatum
1468 2386 1518 2424 est
1539 2405 1547 2431 ;
1585 2400 1724 2424 nomen
1748 2397 1835 2423 tan-

430 2457 515 2496 tum
537 2456 729 2495 videbitur
762 2454 858 2507 regis
892 2454 1149 2507 repudiatum,
1188 2466 1243 2491 res
1265 2453 1452 2496 manebit,
1486 2453 1508 2490 fi
1532 2467 1630 2490 unus
1651 2452 1835 2490 omnibus

429 2523 587 2576 reliquis
619 2521 900 2575 magistratibus
935 2521 1156 2574 imperabit.
1208 2522 1336 2571 Qarc
1366 2533 1433 2557 nce
1471 2518 1618 2573 Ephori
1654 2518 1834 2557 Lacedae-

428 2603 544 2629 mone
565 2589 641 2629 sine
671 2587 779 2627 causa
812 2601 833 2626 a
852 2585 1115 2640 Theopompo
1144 2585 1308 2640 oppofiti
1330 2586 1500 2639 regibuS,
1536 2599 1606 2624 nec
1637 2584 1737 2639 apud
1765 2597 1834 2622 nos
