2223 3003
634 264 925 304 VARIAE
990 264 1544 307 LECTIONES.

346 373 407 441 ἔῃ
452 412 468 432 2
491 402 539 432 usu
556 403 585 432 U
600 404 626 433 d.

425 458 467 465 -
487 443 646 473 bonitatem
662 443 692 472 U
703 443 859 481 probitatem

424 497 466 505 —
486 483 643 521 perspicere
657 483 681 511 E
691 484 831 522 prospicere

450 532 464 560 3
488 531 517 551 et
533 537 545 553 η
556 524 582 551 d.
597 523 623 556 ψ
637 534 670 551 ex

445 573 466 598 4
487 562 630 600 perspeflto
645 563 668 590 E
683 576 696 593 η
706 566 832 601 prqspello
847 577 866 596 r,
883 562 910 600 ψ
919 566 1032 602 petfiHo

446 601 465 630 6
485 602 640 630 exardescit
654 616 663 629 ι
677 603 702 631 d.

449 649 467 678 7
489 651 574 679 quem
597 641 716 680 quisque
734 645 757 672 E
774 644 788 672 1
806 657 829 679 η,
850 657 877 678 κ,
899 642 926 678 ψ
950 654 1026 681 quam
1047 657 1059 671 ο

553 693 606 710 uem

449 721 466 748 8
488 693 646 758 ass'eqquatur
659 722 682 750 E
698 722 723 756 ψ
737 733 754 749 a
775 729 882 760 equatur
895 724 928 750 id

427 774 468 782 —
487 760 624 789 desideret
638 761 660 788 E
676 762 691 789 Ι
705 762 807 800 quisque
820 763 935 800 dgfideret

429 808 466 827 ιο
487 808 582 828 natam
598 814 614 828 κ
628 809 717 829 natam
729 803 771 838 ‘ffl

430 847 462 867 11
487 839 517 868 in
533 840 559 868 se
577 840 628 868 effe
650 840 834 870 arbitraretur
855 842 878 870 E
896 845 996 871 virium
1015 842 1060 880 ‘ffi

533 880 679 909 arbitretur

429 928 440 948 1
450 928 464 957 3
487 919 563 948 enim
579 934 592 950 η
606 920 633 948 d.

425 974 467 981 -—
487 959 537 987 fibi
554 961 577 988 E
593 960 642 988 vel

425 1014 465 1020 —
485 999 602 1037 quisque
617 1014 638 1034 r,
653 1013 671 1029 σ-
684 1001 711 1032 d.

429 1047 465 1075 14
487 1040 523 1066 est
539 1053 553 1067 x
565 1041 594 1068 d.

430 1087 463 1116 ¹5
487 1079 575 1116 posna
589 1079 612 1108 E
626 1093 639 1110 η
654 1081 770 1117 ψρψια
784 1081 826 1117 ‘ffi

429 1120 465 1146 16
485 1119 616 1158 indtgens
631 1133 655 1153 η,
670 1134 685 1148 ιι
700 1129 756 1148 erat
769 1122 883 1159 indigens

428 1167 438 1186 1
447 1167 463 1194 7
487 1158 531 1186 sed
547 1169 601 1198 ego
612 1160 635 1187 Ε
641 1161 694 1196 ſsd

427 1206 465 1227 20
486 1198 658 1228 consuetudo
673 1213 685 1230 η
699 1200 727 1228 d.

427 1247 459 1266 21
485 1238 554 1267 sicut
567 1252 576 1266 r
590 1240 617 1267 d.

426 1287 443 1306 2
450 1287 463 1315 3
487 1287 541 1305 non
557 1293 569 1306 ο
581 1281 609 1306 d.

427 1327 466 1354 24
486 1317 562 1346 enim
578 1318 608 1347 U
622 1320 649 1348 d.

423 1372 466 1380 —
485 1365 586 1386 natura
597 1359 621 1387 E
637 1370 656 1386 a
670 1367 768 1388 natura

427 1397 466 1426 26
487 1397 548 1433 ejus
564 1411 576 1428 n
588 1399 614 1426 d.

429 1439 464 1465 28
487 1436 534 1464 Ab
549 1437 584 1465 iis
599 1438 623 1466 E
636 1437 680 1466 Ab
694 1439 734 1466 hi,
747 1439 762 1466 I
776 1438 814 1466 At
827 1438 869 1465 hii
882 1440 927 1475 qui

427 1485 466 1513 29
486 1475 660 1505 dissentimus
676 1477 689 1505 Ι
703 1479 845 1515 dfflntiunt
864 1490 882 1505 σ
895 1477 1058 1513 diffintimm

428 1524 467 1554 30
487 1515 622 1554 suspicere
643 1518 665 1545 E
678 1518 809 1556 staespicari
828 1531 852 1551 n,
871 1530 882 1545 ο
898 1516 1026 1554 suscipere
1047 1528 1057 1544 r

530 1557 672 1595 perspicere

428 1605 461 1634 3¹
487 1603 601 1634 tamque
614 1597 637 1625 E
652 1606 675 1625 et
688 1605 743 1625 tam

428 1645 465 1674 32
487 1636 603 1673 quidem
619 1651 637 1665 0·
649 1638 675 1664 d.

429 1685 465 1713 33
489 1676 632 1714 diligendi
647 1676 674 1712 ψ
688 1676 845 1715 intelligendi

427 1725 467 1754 34
486 1717 632 1753 applicant
643 1731 656 1747 n
668 1724 791 1755 appetant

430 1765 465 1794 35
488 1754 542 1783 sese
557 1756 579 1783 E
595 1756 610 1784 I
622 1757 651 1786 U
656 1759 689 1793 fi

426 1810 467 1817 —
487 1797 604 1834 propius
618 1799 715 1834 ,prim

350 1844 408 1875 334
453 1845 462 1863 1
488 1844 636 1874 coeperunt
651 1850 660 1864 ι
674 1839 784 1874 ceperint

447 1885 464 1904 2
485 1876 650 1904 merendum
673 1876 686 1904 Ι
707 1876 854 1904 vivendum
872 1883 949 1914 atque
962 1885 1057 1905 meren-

533 1917 593 1945 dum
606 1917 632 1950 ψ
642 1917 831 1954 promerendum

447 1964 463 1992 3
486 1964 570 1992 quam
589 1955 617 1984 U
631 1969 647 1984 κ
661 1967 789 1994 nunquam

424 2008 465 2016 —-
484 1995 544 2023 haec
560 1995 589 2024 U
601 1997 627 2024 d.

424 2047 465 2057 --
483 2035 602 2064 certatio
617 2035 630 2063 Ι
644 2050 654 2063 ι
667 2039 817 2065 concertatio

446 2082 466 2109 4
487 2074 534 2102 Sic
548 2083 577 2103 et
590 2076 706 2113 Eficque

425 2127 467 2135 —-
486 2114 631 2152 capientur
640 2115 667 2147 ψ
680 2123 829 2153 caperentur

447 2163 463 2190 ς
486 2161 514 2182 et
528 2155 642 2192 gravior
655 2155 678 2183 E
694 2168 717 2188 a,
733 2168 755 2188 r,
770 2168 792 2187 o,
804 2155 948 2192 ogravior

425 2207 470 2217 —-
489 2193 508 2222 fi
523 2194 546 2222 E
560 2195 608 2231 ‘fi

447 2244 465 2270 7
488 2241 586 2262 natura
600 2234 626 2268 ψ
639 2235 666 2263 d.

447 2276 464 2302 8
485 2273 555 2312 quid
571 2274 605 2302 ad
624 2274 683 2302 haec
699 2274 722 2302 E
738 2287 750 2304 ιι
765 2272 868 2311 aliquid
878 2273 962 2302 adbuc

431 2323 441 2342 ι
451 2323 462 2342 1
488 2322 552 2341 meo
565 2327 578 2344 η
591 2315 618 2342 d.

431 2363 465 2391 ¹3
486 2363 555 2391 ergo
568 2353 582 2381 1
594 2354 624 2382 U
639 2367 665 2387 ι,
681 2367 701 2387 ι,
714 2367 741 2388 a,
756 2352 857 2388 «lavero

425 2408 466 2417 -—-
485 2393 626 2431 saepiffime
639 2393 756 2432 Isaepius
770 2392 797 2429 ψ
809 2395 837 2422 d.

430 2442 467 2470 14
487 2433 602 2471 quidem
617 2446 631 2464 n
642 2435 670 2462 d.

429 2481 463 2511 ις
487 2472 601 2501 dicebat
617 2473 629 2501 l
643 2473 731 2502 aiebat

430 2513 466 2541 16
486 2512 552 2543 vitae
565 2526 589 2548 q,
603 2526 628 2548 ιι,
644 2527 666 2548 ι,
679 2526 702 2549 ο,
716 2513 742 2549 ψ
755 2515 826 2544 vitae
837 2513 902 2543 dim

1113 414 1171 443 334
1196 405 1231 433 16
1254 406 1296 433 vel
1313 413 1342 435 ut
1358 415 1412 434 non
1425 407 1447 435 E
1461 415 1488 434 ut
1504 407 1655 446 nonfimpcr

1191 460 1234 467 —
1256 446 1378 483 utrique,
1400 446 1525 475 incidere
1549 448 1571 475 E
1593 449 1712 478 incideret
1727 449 1741 478 Ι
1755 453 1823 479 utri·

1300 496 1346 523 que
1361 488 1480 514 invidere
1494 501 1514 520 ι,
1530 500 1552 520 ο,
1565 488 1590 521 ψ
1605 490 1714 517 ineidm

1197 533 1230 560 ¹7
1253 523 1384 554 sentirent
1400 526 1422 553 E
1440 527 1450 553 1
1464 526 1493 554 U
1509 541 1533 560 a,
1544 541 1563 560 v,
1580 540 1602 561 ο,
1613 540 1640 561 e,
1651 529 1823 565 spsentimus-

1196 566 1229 592 18
1251 564 1336 592 etiam
1353 564 1381 593 U
1396 573 1420 592 et

1192 618 1232 624 —
1253 603 1321 631 alias
1336 617 1348 634 η
1363 603 1428 632 alios
1441 618 1452 632 ο
1463 607 1488 633 d.

1195 651 1226 671 21
1251 651 1422 681 ponerentur
1436 645 1459 672 E
1475 658 1501 678 x,
1516 659 1538 678 ο,
1558 646 1584 680 ψ
1597 654 1620 675 et
1633 655 1692 685 toga
1702 655 1823 685 poneren-

1301 692 1345 711 tur
1356 683 1369 710 I
1383 692 1443 721 toga
1452 691 1602 721 ponerentur
1624 687 1653 715 U
1674 700 1686 717 η
1698 689 1825 725 affiampta

1194 770 1230 789 22
1252 762 1286 790 ad
1297 731 1520 799 Zgglgsggrrietialg
1536 764 1557 792 E
1575 777 1583 792 ι
1595 764 1665 793 adole
1676 768 1783 794 centiam

1191 816 1233 823 —
1253 809 1346 830 tamen
1361 816 1369 829 ι
1384 804 1411 830 d.

1193 851 1228 878 23
1251 841 1357 870 uxoriae
1373 843 1395 870 E
1411 842 1422 869 Ι
1438 842 1467 870 U
1480 856 1503 876 η,
1519 856 1539 877 r,
1555 856 1577 876 ο,
1591 856 1619 877 e,
1631 844 1655 878 ψ
1669 844 1783 874 luxuriae

1189 895 1230 903 ——
1251 882 1423 910 conditionis
1437 882 1461 910 E
1473 885 1623 912 condictione
1634 884 1663 912 U
1675 886 1703 914 d.

1193 930 1232 957 24
1253 921 1339 959 poss'et
1350 920 1364 949 Ι
1372 924 1464 959 pffnt

1191 970 1225 999 ²5
1249 961 1374 989 amicitia
1388 962 1413 996 ψ
1427 964 1569 991 amicitiam

1191 1016 1233 1023 —-
1252 1000 1322 1038 saepe
1338 1002 1360 1029 E
1378 1015 1402 1034 n,
1417 1000 1444 1036 ψ
1458 1003 1484 1031 d.

1190 1054 1231 1061 —
1251 1040 1414 1069 iabefafilari
1428 1055 1437 1068 r
1451 1041 1607 1080 labefac'Iati
1618 1043 1692 1080 effint

1193 1088 1232 1116 30
1253 1089 1337 1108 enam
1354 1094 1366 1111 η
1379 1084 1443 1109 enim

1194 1128 1228 1156 31
1255 1128 1286 1148 ut
1303 1120 1317 1148 Ῑ
1332 1122 1400 1158 quod
1409 1130 1438 1148 ut

1193 1174 1234 1180 —
1254 1160 1373 1188 ministri
1389 1161 1412 1188 E
1426 1163 1537 1198 ministri
1549 1163 1620 1200 ffnt

1197 1208 1230 1235 33
1253 1199 1282 1227 id
1299 1213 1315 1227 x
1329 1201 1356 1228 d.

1193 1247 1232 1275 34
1251 1239 1365 1277 quidvis
1381 1254 1404 1274 η,
1420 1239 1446 1275 ψ
1458 1242 1569 1278 quodvis

1195 1287 1230 1316 35
1254 1279 1389 1308 auderent
1405 1281 1426 1308 E
1441 1280 1467 1315 ψ
1481 1282 1574 1309 audent

1115 1326 1129 1356 3
1135 1327 1170 1356 35
1218 1326 1227 1344 1
1252 1318 1303 1346 esse
1319 1319 1340 1347 E
1355 1322 1384 1348 d.

1189 1372 1231 1379 —
1251 1357 1419 1388 inveteratas
1435 1373 1460 1392 η,
1476 1373 1500 1394 κ,
1516 1374 1536 1394 r,
1551 1372 1570 1392 o,
1585 1373 1613 1394 e,
1627 1360 1653 1395 ψ
1663 1363 1813 1392 inveterata

1212 1406 1228 1425 2
1251 1397 1337 1426 solere
1352 1399 1374 1427 E
1386 1401 1413 1427 d.

1191 1451 1232 1459 —
1252 1437 1336 1465 etiam
1353 1440 1375 1466 E
1390 1438 1416 1474 ψ
1428 1439 1454 1466 a'.

1213 1486 1228 1513 3
1251 1477 1290 1505 ita
1305 1478 1327 1505 E
1343 1478 1373 1507 U
1388 1492 1415 1512 z,
1429 1491 1456 1512 σ,
1472 1478 1496 1513 ψ
1512 1480 1598 1517 itaque

1210 1525 1230 1552 4
1251 1517 1336 1545 modo
1351 1516 1378 1552 ψ
1389 1520 1456 1546 modo
1467 1529 1498 1546 ea
1510 1520 1553 1556 sse

1188 1571 1230 1578 —-
1250 1556 1356 1585 diceret
1371 1558 1393 1585 E
1404 1560 1491 1586 dicunt

1213 1606 1229 1633 7
1253 1596 1332 1625 Num
1356 1597 1379 1625 E
1403 1598 1431 1626 U
1454 1611 1479 1629 κ,
1504 1598 1530 1633 ψ
1552 1609 1640 1628 numne
1667 1612 1680 1630 η
1702 1601 1790 1630 Nonne
1812 1614 1823 1630 ν

1298 1638 1404 1674 Namfi

1213 1676 1228 1704 8
1251 1684 1348 1705 contra
1363 1677 1385 1704 E
1396 1680 1466 1705 circa

1192 1729 1234 1737 —
1253 1716 1297 1744 illi
1313 1729 1325 1746 n
1339 1719 1366 1744 d.

1192 1770 1234 1778 —
1254 1756 1376 1784 debuere
1392 1758 1414 1785 E
1429 1757 1443 1785 1
1457 1756 1486 1785 U
1499 1756 1638 1786 debuerunt

1211 1806 1230 1835 9
1251 1795 1438 1825 Viscellinum
1461 1798 1523 1837 1⁴:³2,
1538 1811 1549 1826 ο
1564 1797 1729 1827 Beccillinum
1742 1797 1757 1827 I
1770 1798 1821 1828 Be-

1288 1836 1408 1873 sillinum

1190 1889 1231 1897 -
1253 1876 1301 1913 Sp.
1320 1876 1449 1904 Maelium
1466 1878 1489 1905 E
1505 1879 1562 1906 Au.
1576 1877 1682 1906 Milium

1195 1923 1231 1943 10
1248 1916 1348 1953 juvare
1363 1929 1375 1946 η
1389 1919 1522 1952 adjuvare

1196 1963 1226 1982 11
1252 1956 1458 1993 rempublicam
1474 1957 1496 1984 F.
1511 1968 1640 1986 romanum
1649 1957 1769 1995 populum

1195 2003 1231 2023 12
1251 1995 1462 2034 aequalibusque
1484 1996 1507 2023 E
1521 1996 1630 2035 aliisque
1647 2001 1689 2032 (et
1700 1998 1736 2033 fic
1751 1997 1780 2026 U
1793 2000 1823 2027 in

1189 2089 1232 2098 —-
1252 2037 1399 2103 Blgfiaursgg
1412 2074 1424 2102 Ῑ
1439 2088 1462 2107 n.
1477 2088 1487 2102 ι
1501 2076 1593 2112 Biffi‘us
1605 2075 1632 2112 ψ
1646 2076 1682 2104 Be
1701 2088 1730 2106 us

1196 2125 1205 2143 ι
1214 2126 1228 2153 3
1253 2115 1346 2142 vestrae
1361 2115 1384 2142 E
1399 2117 1490 2152 nostrae

1196 2165 1231 2192 14
1251 2155 1300 2191 qui
1315 2155 1337 2182 E
1353 2168 1366 2182 κ
1381 2166 1427 2192 quo
1440 2168 1461 2187 ι,
1474 2156 1568 2193 equod

1190 2210 1231 2218 —
1252 2194 1363 2222 Laenati
1379 2196 1400 2221 E
1417 2208 1440 2227 η,
1451 2196 1475 2229 ψ
1489 2206 1543 2224 cum
1554 2195 1662 2225 Laenate
1673 2197 1702 2225 U
1715 2195 1822 2227 Laenate

1190 2250 1230 2257 —
1251 2235 1370 2272 Rupilio
1383 2234 1405 2263 E
1420 2234 1518 2263 Ruttlt'o

1195 2284 1231 2343 :g
1250 2273 1326 2342 giiii:
1343 2315 1365 2342 E
1372 2274 1434 2352 fi'bfte
1437 2275 1542 2344 ciui-1:²³5
1552 2277 1608 2353 >di-‘bi
1621 2314 1727 2346 Tit-reni
1748 2329 1772 2351 κ,
1794 2329 1808 2346 ο

1297 2362 1375 2382 tanta
1386 2354 1437 2388 fibi

1189 2407 1231 2416 —
1250 2393 1303 2421 fibi
1318 2393 1341 2421 E
1357 2396 1384 2421 d.

1194 2441 1229 2470 ¹7
1249 2442 1304 2471 ego
1320 2434 1342 2461 E
1353 2445 1396 2471 ego
1408 2435 1466 2462 dixi

1190 2488 1230 2497 -
1251 2473 1426 2510 Capitolium
1437 2487 1458 2508 n,
1472 2486 1490 2502 σ
1501 2473 1630 2512 Capitalis

1197 2514 1230 2542 18
1252 2512 1410 2552 Nunquam
1422 2515 1446 2544 E
1460 2517 1567 2553 orsam
1580 2525 1710 2553 nunquan
