2223 3003
421 192 496 248 156
827 192 930 233 DE
1001 190 1402 232 LEG1BUS

413 305 532 346 porco
554 290 716 331 foeminfi
742 288 942 343 piaculum
960 287 1064 342 pati:
1095 287 1123 326 fi
1153 288 1194 327 in
1215 288 1312 327 mari
1339 297 1516 329 mortuus
1536 289 1642 338 effet‚
1663 293 1810 341 eadem,

413 369 549 413 praeter
566 357 763 411 piaculum
783 365 821 394 et
839 354 966 393 ferias.
1848 394 1851 396 .

455 425 610 464 XXIII.
633 424 860 461 A‘r'rrcus.
879 420 1018 466 Video,
1035 433 1120 473 quae
1135 419 1209 460 fint
1228 420 1269 459 in
1285 421 1487 474 pontificio
1500 424 1600 475 jure.
1623 423 1694 462 Sed
1705 437 1812 477 quae-

413 503 468 535 ro,
490 489 677 541 quidnam
698 487 742 525 fit
767 486 808 524 in
828 485 994 538 legibuS.
1038 486 1254 526 MARCUS.
1288 487 1414 526 Pauca
1433 487 1530 533 sane,
1552 489 1659 535 Tite,
1680 498 1733 535 et,
1754 490 1812 529 uti

411 555 586 599 arbitror,
602 566 680 592 non
696 553 827 606 ignota
841 553 964 592 vobis.
988 552 1060 592 Sed
1075 565 1116 591 ea
1133 566 1210 592 non
1223 562 1302 592 tam
1319 553 1365 592 ad
1381 554 1610 608 religionem
1630 555 1811 608 spectant,

410 633 531 674 quam
551 620 597 658 ad
611 620 675 672 jus
696 619 973 673 sepulcrorum.
1019 619 1206 658 Hominem
1226 629 1418 666 mortuum,
1440 621 1569 673 inquit
1598 622 1659 660 lex
1679 622 1720 660 in
1742 634 1810 660 xn

410 687 567 732 tabulis,
589 686 626 724 in
645 685 733 725 urbe
751 699 794 724 ne
798 685 960 739 sepelito‚
975 699 1063 724 neve
1081 686 1191 724 urito.
1217 686 1357 731 Credo,
1375 687 1434 724 vel
1454 696 1609 740 propter
1628 688 1728 740 ignis
1742 700 1812 741 pe-

410 752 594 791 riculum.
619 751 738 804 Qod
757 761 886 790 autem
905 751 1024 796 addit,
1044 765 1134 791 neve
1152 751 1262 796 mito,
1283 751 1441 798 indicat,
1463 766 1556 798 non,
1577 753 1647 806 qui
1667 762 1811 798 uratur,

410 818 576 873 sepeliri,
593 818 655 857 sed
676 819 744 871 qui
762 817 961 857 humetur.
994 819 1216 856 ATTrcus.
1236 818 1359 869 Qid,
1380 819 1448 871 qui
1467 819 1551 872 post
1569 833 1634 858 xri
1658 820 1699 857 in
1718 819 1815 858 urbe

410 885 551 939 sepulti
571 885 670 930 sunt,
703 884 795 922 clari
816 884 914 922 viri?
960 884 1174 922 MARcus.
1209 884 1350 930 Credo,
1371 885 1479 930 Tite,
1499 885 1622 932 fuiffe,
1644 895 1710 924 aut
1732 899 1811 930 eOS,

409 952 553 1005 quibus
573 950 649 989 hoc
669 958 756 987 ante
774 948 874 987 hanc
894 950 1023 1003 legem
1042 950 1196 988 virtutis
1217 949 1326 988 causi
1347 950 1540 990 tributum
1559 952 1627 997 est,
1644 961 1688 990 ut
1703 951 1812 990 Pub·

409 1017 548 1062 licolae,
571 1025 614 1055 ut
633 1015 826 1061 Tuberto,
847 1016 954 1068 quod
973 1029 1108 1055 eorum
1126 1015 1267 1069 posteri
1280 1017 1368 1068 jure
1386 1026 1614 1063 tenuerunt,
1648 1027 1713 1056 aut
1732 1031 1813 1062 eos,

409 1083 436 1122 si
457 1083 527 1137 qui
545 1081 636 1129 hoc,
658 1091 702 1121 ut
721 1083 769 1121 C.
792 1082 1008 1128 Fabricius,
1028 1082 1182 1121 virtutis
1202 1082 1324 1128 causa,
1352 1083 1466 1121 soluti
1484 1084 1649 1137 legibus,
1677 1083 1813 1122 conse·

409 1150 494 1189 cuti
510 1149 610 1189 sunt.
644 1149 715 1188 Sed
735 1149 775 1187 in
795 1149 888 1187 urbe
908 1148 1057 1201 sepeliri
1076 1148 1139 1187 lex
1158 1157 1271 1187 vetat.
1304 1149 1365 1187 Sic
1385 1149 1581 1188 decretum
1601 1163 1624 1188 a
1645 1149 1812 1189 Pontifi-

410 1229 503 1255 cum
524 1216 704 1269 collegio,
718 1229 797 1254 non
817 1215 888 1254 effe
902 1216 966 1267 jus
987 1215 1028 1253 in
1048 1215 1135 1254 loco
1154 1215 1314 1268 publico
1329 1215 1412 1253 fieri
1426 1215 1662 1268 sepulcrum.
1679 1216 1811 1254 Nostis

409 1290 516 1321 extra
534 1291 687 1335 portam
703 1281 915 1326 Collinam,
930 1280 1050 1319 aedem
1067 1281 1239 1319 Honoris
1255 1296 1264 1319 ε
1287 1289 1324 1318 et
1345 1294 1446 1319 aram
1466 1281 1507 1319 in
1525 1295 1570 1320 eo
1585 1281 1671 1320 loco
1686 1280 1810 1326 fuisse,

410 1349 608 1387 memoriae
627 1347 825 1401 proditum
844 1347 910 1385 est.
950 1347 1014 1385 Ad
1031 1360 1115 1385 eam
1135 1360 1228 1385 cum
1249 1347 1391 1385 lamina
1411 1346 1499 1385 effet
1519 1348 1686 1393 inventa,
1713 1357 1751 1386 et
1772 1348 1813 1385 in

409 1427 452 1453 ea
479 1415 679 1468 scriptum,
714 1427 900 1453 DOMINA
925 1426 1145 1458 H0N0R155
1177 1427 1218 1452 ea
1236 1413 1343 1452 causa
1361 1413 1437 1451 fuit
1457 1414 1545 1452 aedis
1566 1413 1681 1466 hujus
1701 1414 1812 1452 dedi-

408 1481 553 1520 candae.
573 1481 658 1526 Sed,
677 1494 769 1519 cum
789 1480 914 1519 multa
933 1480 973 1517 in
993 1493 1039 1517 eo
1058 1479 1146 1518 loco
1166 1479 1336 1531 sepulcra
1354 1479 1522 1523 fuiss‘ent,
1544 1489 1691 1517 exarata
1708 1480 1810 1518 sunt.

410 1548 552 1586 Statuit
570 1548 676 1586 enim
696 1546 921 1600 collegium,
942 1545 1074 1584 locum
1093 1545 1297 1598 publicum
1317 1557 1395 1583 non
1413 1543 1574 1597 potuiffe
1592 1545 1738 1599 privata
1750 1559 1811 1584 re·

408 1613 554 1668 ligione
574 1614 750 1666 obligari.

464 1681 554 1731 Jam
574 1691 708 1719 caetera
737 1680 778 1718 in
800 1693 866 1719 ΧΠ
896 1679 1096 1720 minuendi
1118 1680 1292 1735 sumptus
1314 1680 1676 1734 lamentationesque
1695 1679 1810 1719 fune-

409 1747 474 1792 ris,
497 1746 668 1785 transsata
687 1746 733 1784 de
754 1747 904 1785 Solonis
926 1746 1002 1786 fere
1022 1747 1186 1800 legibus.
1233 1749 1314 1786 Hoc
1324 1748 1422 1800 plus,
1444 1748 1586 1799 inquit,
1618 1747 1801 1798 nasia-ito.

409 1813 549 1865 Rogum
567 1812 662 1865 (ψί’ιί
679 1826 721 1850 ne
733 1813 856 1864 polito.
890 1812 1038 1857 Nostis,
1061 1827 1144 1864 quae
1165 1813 1387 1865 sequuntur.
1434 1812 1686 1851 Discebamus
1703 1813 1809 1850 enim

409 1878 519 1930 pueri
541 1890 624 1920 χιι,
645 1886 690 1914 ut
708 1889 862 1914 carmen
884 1875 1130 1913 necessarium
1149 1895 1160 1920 ;
1183 1890 1274 1928 quas
1290 1880 1371 1927 jam
1393 1891 1508 1916 nemo
1528 1878 1652 1915 discit.
1686 1879 1809 1916 Exte-

409 1953 567 1982 tenuato
587 1943 705 1994 igitur
727 1941 896 1994 sumptu,
915 1941 1035 1979 tribus
1057 1941 1216 1986 ricinus,
1234 1951 1271 1979 et
1292 1942 1456 1979 vinculis
1478 1956 1667 1995 purpurae,
1688 1952 1725 1980 et
1739 1943 1807 1981 de-

409 2023 495 2047 cem
517 2008 759 2052 tibicinibus,
794 2007 896 2046 tollit
927 2007 1044 2045 etiam
1070 2007 1399 2046 lamentationem.
1447 2010 1621 2047 Alaliercs
1636 2023 1748 2061 genas
1767 2024 1809 2048 ne

410 2076 579 2120 radunto,
602 2090 689 2114 neve
708 2074 978 2128 lssiaemfimeris
997 2089 1080 2127 crgo
1099 2074 1263 2113 habento.
1297 2075 1387 2112 Hoc
1407 2085 1548 2113 veteres
1571 2075 1808 2128 interpretes,

410 2143 497 2179 Sex.
521 2141 660 2184 AElius,
685 2141 731 2178 L.
752 2139 916 2184 Acilius,
939 2153 1015 2178 non
1040 2139 1124 2177 satis
1147 2139 1179 2177 sc
1196 2140 1407 2192 intelligere
1428 2140 1620 2182 dixerunt,
1648 2140 1708 2178 scd
1728 2140 1808 2179 sus-

411 2208 526 2259 picari
549 2206 763 2244 vestimenti
784 2205 939 2258 aliquod
955 2219 1074 2258 genus
1095 2204 1291 2243 funebris:
1316 2206 1362 2243 L.
1380 2206 1504 2243 AElius
1527 2206 1674 2250 lcffum,
1704 2206 1807 2258 quafi

410 2274 614 2326 lugubrem
635 2272 897 2324 ejulationem,
921 2282 962 2310 ut
983 2286 1056 2310 vox
1079 2271 1154 2325 ipsa
1175 2271 1383 2323 significat:
1408 2273 1511 2324 quod
1537 2273 1581 2310 cb
1603 2272 1722 2324 magis
1738 2272 1807 2323 ju-

410 2339 497 2376 dico
518 2352 648 2377 verum
668 2338 750 2382 effe,
766 2338 855 2390 quia
875 2337 935 2376 lex
959 2338 1108 2375 Solonis
1130 2338 1168 2375 id
1191 2337 1314 2389 ipsum
1337 2347 1449 2375 vetat.
1476 2338 1569 2375 Hace
1588 2337 1805 2382 laudabilia,

410 2414 447 2443 ct
468 2405 726 2456 locupletibus
748 2403 823 2442 fcrc
844 2418 933 2442 cum
954 2404 1063 2457 plcbc
1084 2404 1321 2442 communia.
1355 2404 1471 2454 Qod
1492 2405 1652 2455 quidem
1679 2404 1806 2442 maxi·

412 2485 473 2510 mc
493 2486 511 2509 c
535 2482 664 2509 natura
684 2471 749 2514 cst,
773 2471 857 2509 tolli
877 2470 1038 2509 fortuna:
1060 2471 1261 2509 discrimen
1284 2471 1322 2508 in
1341 2480 1476 2508 morte.

438 2538 588 2577 XXIV.
608 2540 753 2578 Caetcra
771 2538 867 2577 item
885 2537 1074 2584 funebria,
1088 2537 1228 2590 quibus
1251 2536 1375 2576 Iustus
1396 2546 1568 2591 augetur,
1585 2536 1805 2577 Duodecim
