2223 3003
403 197 478 237 180
796 193 899 232 DE
971 191 1400 229 OFFICIIS

397 292 666 332 similitudines
697 297 907 341 comparat,
952 296 990 325 et
1024 287 1137 325 rebus
1172 286 1420 339 praesentibus
1453 285 1643 339 adjungit,
1683 296 1800 341 atque

397 360 564 398 annectit
584 357 748 406 futuras)
771 353 883 392 facile
903 354 1023 392 totius
1044 353 1130 391 vitae
1157 352 1312 391 cursum
1338 352 1460 398 videt,
1482 351 1529 390 ad
1549 365 1710 405 eamque
1730 352 1800 390 de·-

396 425 561 477 gendam
593 429 773 474 praeparat
804 432 860 457 res
882 418 1112 458 neceffarias.
1158 419 1384 471 Eademque
1415 427 1549 457 natura
1578 419 1617 456 vi
1643 418 1802 457 rationis

398 489 601 527 hominem
621 485 802 524 conciliat
822 483 990 530 homini,
1006 494 1043 523 ct
1060 485 1105 523 ad
1125 485 1321 529 orationis,
1338 494 1376 522 et
1392 484 1437 522 ad
1454 484 1541 522 vitae
1555 483 1773 522 societatem
1785 501 1800 528 ;

399 556 674 606 ingeneratque
693 552 735 590 in
755 551 891 605 primis
907 552 1146 605 praecipuum
1164 551 1358 604 quendam
1376 564 1548 589 amorem
1566 551 1605 589 'm
1626 563 1705 594 eos,
1733 549 1803 602 qui

397 619 583 673 procreati
603 618 690 657 sunt
702 637 714 664 ς
746 617 1010 671 impellitque,
1044 627 1086 656 ut
1107 616 1317 656 hominum
1337 626 1462 656 coetus
1493 616 1676 656 celebrari
1701 615 1805 654 inter

398 687 447 732 se,
475 696 513 725 et
533 700 554 724 a
572 686 608 724 se
627 685 727 724 obiri
747 684 863 729 velit;
894 684 944 723 ob
973 684 1109 737 easque
1139 685 1266 723 causas
1295 685 1442 724 studeat
1471 697 1600 737 parare
1629 696 1685 727 ea,
1717 695 1804 734 quae

398 753 641 806 suppeditent
660 760 698 790 et
717 751 764 790 ad
783 751 952 796 cultum,
965 760 1003 789 et
1023 752 1070 789 ad
1090 751 1255 796 vietum,
1271 765 1343 790 nec
1363 751 1431 790 fibi
1447 751 1532 795 soli,
1548 749 1609 789 sed
1627 748 1803 801 conjugi,

397 820 544 865 liberis,
565 818 800 871 caeterisque,
822 830 919 870 quos
939 830 1044 856 caros
1065 816 1216 862 habeat,
1233 819 1410 871 tuerique
1429 818 1588 857 debeat:
1611 830 1697 870 quae
1711 827 1805 854 cura

397 886 600 925 exsuscitat
619 885 737 923 edam
756 884 922 928 animos,
943 892 982 921 et
1000 884 1162 935 majores
1182 883 1229 922 ad
1248 897 1331 922 rem
1350 883 1559 936 gerendam
1577 882 1685 922 facit.

452 953 499 990 In
519 950 730 1005 primisque
749 948 922 988 hominis
942 949 994 988 est
1014 950 1167 1003 propria
1186 950 1264 988 veri
1283 950 1483 1003 inquisitio
1501 960 1617 1003 atque
1646 947 1806 987 investi-

397 1019 515 1072 gatio.
547 1019 683 1071 Itaque
702 1031 796 1056 curn
816 1016 948 1055 sumus
969 1017 1178 1055 necessariis
1197 1017 1360 1069 negotiis
1381 1017 1557 1069 curisque
1572 1015 1696 1060 vacui,
1718 1024 1806 1053 tum

398 1098 553 1124 avemus
573 1083 722 1137 aliquid
741 1083 884 1129 videre,
904 1083 1049 1129 audire,
1068 1082 1259 1121 addiscere
1273 1100 1287 1127 ;
1313 1083 1659 1136 cognitionemque
1678 1093 1808 1119 rerum

398 1161 464 1190 aut
483 1151 740 1197 occultarum,
756 1159 822 1188 aut
841 1150 1131 1188 admirabilium
1150 1149 1197 1187 ad
1217 1150 1323 1188 beate
1338 1149 1546 1188 vivendum
1568 1147 1808 1187 necefl‘ariam

400 1218 594 1256 ducimus.
640 1218 702 1255 Ex
723 1230 802 1269 quo
821 1215 1068 1269 intelligitur,
1089 1216 1194 1268 quod
1213 1212 1364 1261 verum,
1384 1215 1561 1269 fimplex,
1593 1215 1806 1253 fincerum-

401 1297 478 1337 que
496 1283 555 1329 sit,
577 1283 617 1322 id
636 1281 707 1321 effe
726 1291 870 1321 naturae
889 1281 1062 1321 hominis
1082 1281 1335 1335 aptissimum.

455 1350 566 1389 Huic
595 1349 676 1387 veri
706 1348 862 1387 videndi
892 1348 1096 1401 cupiditati
1127 1347 1306 1400 adjunsta
1336 1347 1389 1385 est
1419 1346 1605 1400 appetitio
1631 1345 1807 1399 quaedam

402 1414 654 1469 principatus,
686 1423 729 1453 ut
761 1414 907 1453 nemini
938 1427 1066 1466 parere
1091 1414 1243 1452 animus
1265 1414 1362 1452 bene
1383 1426 1403 1451 a
1422 1422 1556 1451 natura
1577 1411 1807 1450 informatus

403 1482 510 1527 velit,
543 1481 611 1520 nifi
632 1480 885 1534 praecipienti,
921 1489 987 1518 aut
1006 1480 1175 1525 docenti,
1206 1488 1271 1517 aut
1292 1480 1470 1517 utilitatis
1489 1477 1612 1524 causa,
1642 1478 1742 1530 juste
1771 1487 1810 1516 et

402 1547 577 1600 legitime
607 1547 840 1601 imperanti:
871 1561 918 1584 ex
938 1560 1017 1599 quo
1047 1546 1167 1584 animi
1188 1545 1416 1599 magnitudo
1446 1545 1588 1590 existit,
1620 1544 1811 1584 humana-

402 1627 568 1667 rumque
587 1626 714 1652 rerum
736 1613 993 1666 contemptio.

457 1681 545 1720 Nec
574 1694 664 1719 vero
698 1679 765 1718 illa
784 1693 897 1733 parva
925 1680 982 1719 vis
1014 1690 1156 1719 natusae
1188 1679 1240 1718 est
1271 1679 1515 1733 rationisque,
1548 1679 1654 1732 quod
1686 1692 1810 1717 unum

405 1747 479 1787 hoc
499 1745 640 1786 animal
662 1745 775 1784 sentit
794 1746 890 1798 quid
910 1745 955 1784 fit
974 1746 1069 1785 ordo
1085 1765 1097 1791 3
1129 1746 1224 1799 quid
1245 1746 1304 1791 sit,
1324 1746 1430 1799 quod
1450 1746 1581 1783 deceat
1597 1763 1608 1789 ;
1641 1745 1681 1783 in
1702 1744 1810 1782 fastis

404 1813 590 1866 dicitisque
609 1812 679 1865 qui
699 1811 853 1850 moduS.
903 1813 1037 1863 Itaque
1056 1825 1192 1851 eorum
1213 1811 1399 1865 ipsorum,
1423 1825 1509 1864 quae
1527 1810 1706 1863 adspee‘tu
1725 1809 1811 1848 sen·

406 1880 571 1923 tiuntur,
597 1876 753 1915 nullum
773 1875 877 1913 aliud
897 1876 1038 1914 animal
1060 1876 1410 1928 pulchritudinem,
1438 1877 1686 1920 venustatem,
1714 1890 1811 1914 con-

406 1944 640 1983 venientiam
659 1941 828 1995 partium
849 1941 988 1980 sentit:
1021 1955 1138 1994 quam
1161 1941 1453 1980 similitudinem
1482 1950 1614 1979 natura
1640 1941 1812 1993 ratioque

407 2012 454 2050 ab
474 2010 597 2049 oculis
618 2009 664 2047 ad
683 2009 862 2047 animum
883 2007 1127 2053 transferens,
1160 2007 1287 2047 multo
1306 2008 1423 2046 etiam
1445 2007 1567 2061 magis
1588 2006 1812 2060 pulchritu-

407 2079 554 2122 dinem,
576 2075 843 2119 constantiam,
864 2075 1040 2113 ordinem
1060 2075 1100 2113 in
1121 2075 1288 2113 consiliis
1310 2074 1491 2127 factisque
1510 2073 1814 2113 conservandum

409 2149 543 2192 putat5
575 2147 772 2190 cavetque,
803 2150 851 2175 ne
870 2136 965 2189 quid
986 2136 1165 2175 indecore
1194 2136 1478 2175 effoeminateve
1499 2135 1634 2180 faciat,
1667 2145 1752 2173 tum
1775 2136 1815 2174 in

409 2205 594 2244 omnibus
625 2213 664 2243 et
684 2203 948 2257 opinionibus,
981 2212 1018 2242 et
1040 2201 1162 2247 factis,
1195 2216 1243 2241 ne
1272 2203 1368 2256 quid
1396 2201 1597 2242 libidinose
1617 2211 1681 2240 aut
1700 2201 1815 2240 faciat

410 2281 474 2309 aut
495 2272 652 2324 cogitet.
682 2271 838 2322 Qibus
858 2284 904 2309 ex
927 2271 1038 2308 rebus
1058 2270 1248 2308 conflatur
1266 2280 1303 2308 et
1323 2270 1490 2308 efficitur
1510 2269 1562 2314 id,
1584 2268 1689 2320 quod
1706 2282 1814 2320 qua:-

411 2338 546 2382 rimus,
568 2336 801 2382 honestum5
834 2337 953 2389 quod,
989 2337 1106 2375 ctiam
1138 2337 1162 2375 si
1199 2336 1449 2375 nobilitatum
1481 2350 1557 2374 non
1592 2335 1650 2379 sit,
1687 2344 1814 2372 tamen

411 2402 615 2442 honestum
639 2403 709 2447 sm
741 2403 923 2456 quodque
944 2417 1028 2443 vere
1049 2403 1231 2447 dicimus,
1253 2403 1368 2441 etiam
1398 2401 1423 2440 sl
1454 2415 1475 2440 a
1496 2401 1604 2440 nullo
1625 2400 1814 2446 landetur,

413 2470 546 2510 natura
564 2469 636 2509 effe
653 2469 857 2510 laudabile.
