2223 3003
634 239 738 281 DE
809 239 1287 280 AMICITIA4
1583 255 1656 297 351

317 339 447 379 XXV.
480 339 538 377 Ut
570 338 690 391 igitur
719 347 758 377 et
787 351 958 384 monere,
992 348 1031 377 et
1056 339 1220 385 moneri,
1250 339 1451 393 proprium
1485 341 1537 380 est
1567 356 1662 382 verae

262 405 470 449 amicitiae;
501 412 539 442 et
569 405 733 443 alterum
763 404 882 442 libere
910 403 1047 450 facere,
1078 419 1155 443 non
1182 405 1306 458 aspere
1321 424 1333 451 ;
1365 407 1527 446 alterum
1557 409 1660 461 pati-

260 481 368 509 enter
386 471 570 524 accipere,
605 484 683 509 non
713 479 994 522 repugnanter,
1026 471 1075 508 fic
1095 470 1317 510 habendum
1343 473 1409 519 est,
1441 474 1589 514 nullam
1618 477 1660 516 in

262 537 443 575 amicitiis
462 536 607 589 pestem
637 535 708 574 effe
737 536 936 586 majorem,
972 548 1089 587 quam
1109 536 1382 583 adulationem,
1416 540 1659 587 blanditiam,

261 601 561 641 affentationem.
593 600 782 653 Qamvis
812 600 918 637 enim
945 600 1080 639 multis
1101 601 1325 640 nominibus
1351 604 1404 641 est
1422 604 1497 643 hoc
1519 607 1659 647 vitium

260 668 489 711 notandum,
510 666 657 704 levium
676 665 886 703 hominum
905 674 1019 717 atque
1037 665 1251 712 fallacium,
1272 668 1318 706 ad
1338 669 1576 723 voluptatem
1597 673 1659 713 lo-

260 733 465 785 quentium
485 731 629 776 omnia,
650 729 750 768 nihil
770 730 817 768 ad
835 730 1055 769 veritatem*

318 799 423 837 Cum
443 806 571 835 autern
592 796 773 835 omnium
794 809 922 835 rerum
941 796 1134 836 fimulatio
1153 796 1206 836 est
1230 798 1376 845 vitiosa,
1407 800 1528 853 (tollit
1553 804 1660 844 enim

255 863 452 914 judicium
472 861 564 906 veri,
584 861 702 914 idque
723 861 926 914 adulterat)
955 870 1041 900 tum
1061 862 1241 901 amicitiae
1258 875 1443 918 repugnat
1463 869 1659 909 maxime:

261 927 361 966 delet
380 928 485 966 enim
505 927 719 972 veritatem,
734 926 811 965 fine
830 940 906 979 qua
924 941 1068 966 nomen
1085 928 1264 967 amicitiae
1283 930 1404 969 valere
1423 945 1499 970 non
1521 935 1658 986 potest.

260 994 382 1039 Nam,
415 1008 508 1032 cum
527 993 706 1032 amicitiae
736 993 792 1031 vis
812 994 859 1031 s1t
888 994 928 1032 in
948 1008 1006 1039 eo,
1039 1004 1084 1033 ut
1113 1008 1212 1034 unus
1233 996 1336 1048 quasi
1355 998 1505 1037 animus
1525 999 1591 1039 fiat
1611 1014 1660 1040 ex

261 1060 452 1113 pluribus,
485 1061 553 1113 qui
572 1060 612 1098 id
631 1059 714 1098 fieri
742 1061 897 1113 poterit,
930 1061 956 1099 fi
977 1074 1024 1099 ne
1044 1061 1084 1099 in
1103 1075 1181 1100 uno
1205 1063 1365 1114 quidem
1385 1077 1540 1117 quoque
1560 1080 1658 1106 unus

261 1127 412 1165 animus
432 1127 516 1172 erit,
537 1127 718 1179 idemque
737 1126 885 1180 semper
896 1145 910 1172 3
940 1126 1003 1165 sed
1021 1128 1159 1173 varius,
1181 1130 1490 1176 commutabilis,
1519 1133 1658 1171 multi-

261 1193 379 1245 plex?
410 1194 519 1246 Qid
538 1193 642 1232 enim
662 1193 784 1246 potest
806 1193 877 1231 effe
907 1202 987 1231 tam
1007 1192 1191 1239 flexibile,
1224 1204 1303 1233 tam
1337 1196 1509 1242 devium,
1540 1212 1659 1250 quam

259 1258 411 1296 animus
433 1261 527 1311 ejus,
563 1259 631 1311 qui
662 1259 708 1296 ad
728 1258 881 1296 alterius
916 1272 992 1296 non
1024 1259 1142 1297 modo
1162 1259 1311 1298 sensum
1341 1274 1383 1300 ac
1404 1261 1657 1310 voluntatem,

260 1322 321 1361 sed
341 1323 457 1361 etiam
477 1323 631 1361 vultum
649 1331 763 1376 atque
781 1331 936 1367 nutum,
956 1323 1190 1361 convertitur
1207 1324 1220 1360 ?

342 1391 469 1442 Negat
488 1389 565 1443 quis
578 1389 598 1428 ἒ
618 1403 717 1442 nego.
749 1389 822 1428 Ait
836 1389 855 1427 I?
874 1389 943 1427 aio-
974 1388 1151 1441 Pqstremo
1170 1389 1351 1442 imperavi
1364 1402 1495 1444 egomet
1514 1393 1615 1439 mihi,

343 1457 475 1495 Omnia
492 1455 679 1510 {fimum}

261 1531 305 1561 ut
334 1522 386 1560 ait
416 1522 520 1560 idem
540 1522 746 1560 Terentius
762 1540 775 1567 ς
806 1523 868 1561 sed
900 1523 966 1561 ille
999 1523 1068 1561 sub
1100 1523 1320 1563 Gnathonis
1340 1525 1522 1578 persona:
1553 1527 1659 1579 quod

260 1588 376 1626 amici
395 1601 516 1641 genus
537 1586 730 1633 adhibere,
761 1588 924 1626 omnino
954 1588 1118 1627 levitatis
1149 1589 1214 1628 est.
1246 1591 1371 1628 Multi
1396 1599 1525 1629 autem
1547 1593 1658 1630 Gna-

261 1653 430 1693 thonum
451 1653 605 1698 fimiles,
622 1667 714 1692 cum
735 1653 806 1692 sint
825 1653 926 1699 loco,
947 1652 1115 1699 fortuna,
1134 1653 1236 1693 fama
1255 1655 1458 1708 superiores
1471 1675 1483 1701 ς
1516 1656 1661 1696 horum

259 1720 312 1758 est
331 1719 524 1758 afi‘entatio
544 1719 714 1764 molesta,
735 1732 828 1758 cum
847 1719 893 1757 ad
913 1720 1120 1758 vanitatem
1139 1721 1288 1759 acceffit
1307 1722 1522 1761 auctoritas.

315 1787 469 1825 Secerni
499 1795 627 1824 autem
648 1785 811 1824 blandus
831 1786 978 1824 amicus
1008 1799 1030 1823 a
1057 1799 1160 1831 vero,
1193 1796 1231 1825 et
1250 1787 1454 1826 internosci
1485 1797 1564 1826 tam
1584 1802 1657 1841 po-

259 1852 342 1896 test,
356 1851 529 1890 adhibita
548 1851 761 1904 diligentia,
779 1864 896 1904 quam
916 1851 1047 1889 omnia
1065 1850 1206 1896 fucata,
1223 1860 1261 1889 et
1281 1852 1457 1890 fimulata
1473 1866 1493 1890 a
1508 1853 1658 1891 sinceris

260 1927 374 1969 atque
394 1918 503 1955 veris.
537 1917 700 1961 Concio,
733 1930 818 1969 quae
837 1929 885 1954 ex
905 1915 1195 1969 imperitiffimis
1215 1916 1381 1962 constat,
1407 1926 1532 1955 tamen
1548 1918 1657 1970 judi-

257 1997 343 2021 care
363 1983 469 2028 solet,
505 1983 600 2035 quid
621 1981 766 2021 interfit
784 1982 884 2021 inter
902 1981 1140 2035 popularem,
1172 1981 1212 2020 id
1231 1982 1300 2028 est,
1330 1981 1590 2021 affentatorem
1619 1993 1658 2022 et

262 2049 386 2086 levem
421 2049 562 2093 civem,
598 2058 636 2087 et
668 2049 769 2086 inter
802 2046 1054 2091 constantem,
1086 2046 1258 2085 severum
1287 2056 1324 2085 et
1357 2060 1524 2099 gravem.
1554 2048 1657 2098 Qi-

262 2114 333 2151 bus
378 2112 599 2159 blanditiis,
641 2115 690 2153 C.
731 2114 905 2166 Papirius
933 2112 1078 2151 Consul
1109 2125 1231 2164 nuper
1260 2111 1445 2149 influebat
1471 2113 1510 2149 in
1550 2126 1656 2151 aures

260 2178 473 2224 concionis,
494 2191 590 2216 cum
607 2178 723 2216 ferret
741 2179 868 2230 legem
888 2178 935 2215 de
955 2177 1120 2215 tribunis
1141 2176 1265 2228 plebis
1286 2175 1532 2215 reficiendis?
1563 2179 1655 2216 Dis·-

261 2245 441 2283 suafimus
467 2257 560 2283 nos:
593 2243 655 2282 sed
685 2241 784 2282 nihil
818 2243 864 2280 de
894 2254 984 2286 me3
1016 2242 1063 2279 de
1092 2241 1269 2294 Scipione
1300 2242 1425 2280 dicam
1455 2243 1654 2284 libentius.

262 2310 416 2360 Qanta
448 2310 527 2354 illa,
559 2309 629 2348 Dii
659 2307 911 2352 immortales,
945 2305 1021 2345 fuit
1040 2306 1225 2359 gravitas!
1258 2316 1399 2359 quanta
1428 2308 1466 2345 in
1487 2309 1657 2348 oratione

262 2375 430 2427 majestas
449 2375 456 2412 !
489 2377 546 2414 Ut
566 2375 678 2414 facile
699 2376 839 2413 ducem
859 2373 995 2428 populi
1014 2372 1196 2418 Romani,
1226 2387 1303 2411 non
1323 2373 1524 2420 comitem,
1549 2375 1654 2414 dice-

261 2453 333 2480 res.
383 2441 455 2478 Sed
484 2441 670 2488 affuistis;
700 2451 738 2480 et
757 2441 810 2480 est
829 2441 869 2479 in
890 2438 1067 2478 manibus
1087 2438 1231 2477 oratio:
1262 2440 1390 2491 itaque
1411 2439 1471 2478 lex
1491 2442 1653 2493 popula-

265 2507 314 2547 tis
344 2504 528 2561 suffragiis
560 2509 696 2563 populi
730 2507 925 2561 repudiata
955 2504 1021 2545 est.
1068 2505 1212 2558 Atque,
1246 2514 1291 2544 ut
1320 2505 1366 2543 ad
1395 2518 1459 2544 me
1489 2505 1655 2553 redeam,
