<?xml version="1.0" encoding="UTF-8"?>
<!DOCTYPE html PUBLIC "-//W3C//DTD XHTML 1.0 Transitional//EN"
    "http://www.w3.org/TR/xhtml1/DTD/xhtml1-transitional.dtd">
<html xmlns="http://www.w3.org/1999/xhtml" xml:lang="en" lang="en">
 <head>
  <title>
</title>
<meta http-equiv="Content-Type" content="text/html;charset=utf-8" />
  <meta name='ocr-system' content='tesseract 3.04.00' />
  <meta name='ocr-capabilities' content='ocr_page ocr_carea ocr_par ocr_line ocrx_word'/>
</head>
<body>
  <div class='ocr_page' id='page_1' title='image "./operacumindicibu03ciceuoft_0429.png"; bbox 0 0 2223 3003; ppageno 0'>
   <div class='ocr_carea' id='block_1_1' title="bbox 683 248 1700 309">
    <p class='ocr_par' dir='ltr' id='par_1_1' title="bbox 683 248 1700 309">
     <span class='ocr_line' id='line_1_1' title="bbox 683 248 1700 309; baseline 0.007 -21"><span class='ocrx_word' id='word_1_1' title='bbox 683 248 1287 290; x_wconf 91' lang='lat' dir='ltr'>FRAGMENTA.</span> <span class='ocrx_word' id='word_1_2' title='bbox 1621 270 1700 309; x_wconf 79' lang='lat'>423</span> 
     </span>
    </p>
   </div>
   <div class='ocr_carea' id='block_1_2' title="bbox 289 349 1704 2261">
    <p class='ocr_par' dir='ltr' id='par_1_2' title="bbox 289 349 1704 2000">
     <span class='ocr_line' id='line_1_2' title="bbox 295 349 1704 405; baseline 0.003 -15"><span class='ocrx_word' id='word_1_3' title='bbox 295 351 422 405; x_wconf 88' lang='lat' dir='ltr'>etqui</span> <span class='ocrx_word' id='word_1_4' title='bbox 454 358 674 395; x_wconf 88' lang='lat' dir='ltr'>moventur,</span> <span class='ocrx_word' id='word_1_5' title='bbox 704 349 911 403; x_wconf 88' lang='lat' dir='ltr'>palamque</span> <span class='ocrx_word' id='word_1_6' title='bbox 936 349 1202 397; x_wconf 89' lang='lat' dir='ltr'>ostenduntur,</span> <span class='ocrx_word' id='word_1_7' title='bbox 1232 359 1271 390; x_wconf 89' lang='lat' dir='ltr'>et</span> <span class='ocrx_word' id='word_1_8' title='bbox 1304 350 1373 405; x_wconf 92' lang='lat' dir='ltr'>qui</span> <span class='ocrx_word' id='word_1_9' title='bbox 1403 361 1558 393; x_wconf 88' lang='lat' dir='ltr'>eatenus</span> <span class='ocrx_word' id='word_1_10' title='bbox 1593 356 1704 394; x_wconf 88' lang='lat' dir='ltr'>nobis</span> 
     </span>
     <span class='ocr_line' id='line_1_3' title="bbox 296 415 1704 469; baseline 0.003 -13"><span class='ocrx_word' id='word_1_11' title='bbox 296 418 551 462; x_wconf 86' lang='lat' dir='ltr'>declarantur,</span> <span class='ocrx_word' id='word_1_12' title='bbox 577 416 703 469; x_wconf 89' lang='lat' dir='ltr'>quoad</span> <span class='ocrx_word' id='word_1_13' title='bbox 724 415 793 469; x_wconf 86' lang='lat' dir='ltr'>ipfi</span> <span class='ocrx_word' id='word_1_14' title='bbox 813 416 965 462; x_wconf 92' lang='lat' dir='ltr'>volunt,</span> <span class='ocrx_word' id='word_1_15' title='bbox 985 418 1102 455; x_wconf 85' lang='lat' dir='ltr'>creati</span> <span class='ocrx_word' id='word_1_16' title='bbox 1124 417 1211 456; x_wconf 92' lang='lat' dir='ltr'>sunt</span> <span class='ocrx_word' id='word_1_17' title='bbox 1226 436 1238 463; x_wconf 66' lang='grc' dir='ltr'><strong><em>ς</em></strong></span> <span class='ocrx_word' id='word_1_18' title='bbox 1271 426 1359 457; x_wconf 90' lang='lat' dir='ltr'>tum</span> <span class='ocrx_word' id='word_1_19' title='bbox 1378 419 1424 457; x_wconf 92' lang='lat' dir='ltr'>ad</span> <span class='ocrx_word' id='word_1_20' title='bbox 1445 433 1507 458; x_wconf 90' lang='lat' dir='ltr'>eos</span> <span class='ocrx_word' id='word_1_21' title='bbox 1527 421 1558 459; x_wconf 93' lang='lat' dir='ltr'>is</span> <span class='ocrx_word' id='word_1_22' title='bbox 1580 421 1704 468; x_wconf 81' lang='lat' dir='ltr'>Deus,</span> 
     </span>
     <span class='ocr_line' id='line_1_4' title="bbox 295 480 1702 537; baseline 0.003 -15"><span class='ocrx_word' id='word_1_23' title='bbox 295 485 365 537; x_wconf 92' lang='lat' dir='ltr'>qui</span> <span class='ocrx_word' id='word_1_24' title='bbox 384 483 517 522; x_wconf 89' lang='lat' dir='ltr'>omnia</span> <span class='ocrx_word' id='word_1_25' title='bbox 535 483 685 536; x_wconf 88' lang='lat' dir='ltr'>genuit,</span> <span class='ocrx_word' id='word_1_26' title='bbox 720 481 822 520; x_wconf 86' lang='lat' dir='ltr'>fatur</span> <span class='ocrx_word' id='word_1_27' title='bbox 854 480 950 528; x_wconf 82' lang='lat' dir='ltr'>haec,</span> <span class='ocrx_word' id='word_1_28' title='bbox 972 483 1068 528; x_wconf 92' lang='lat' dir='ltr'>Vos,</span> <span class='ocrx_word' id='word_1_29' title='bbox 1099 484 1169 536; x_wconf 90' lang='lat' dir='ltr'>qui</span> <span class='ocrx_word' id='word_1_30' title='bbox 1190 485 1366 524; x_wconf 90' lang='lat' dir='ltr'>Deorum</span> <span class='ocrx_word' id='word_1_31' title='bbox 1387 485 1468 524; x_wconf 92' lang='lat' dir='ltr'>satu</span> <span class='ocrx_word' id='word_1_32' title='bbox 1497 487 1573 525; x_wconf 92' lang='lat' dir='ltr'>orti</span> <span class='ocrx_word' id='word_1_33' title='bbox 1602 488 1702 533; x_wconf 90' lang='lat' dir='ltr'>estis,</span> 
     </span>
     <span class='ocr_line' id='line_1_5' title="bbox 294 549 1703 604; baseline 0.003 -15"><span class='ocrx_word' id='word_1_34' title='bbox 294 551 495 589; x_wconf 88' lang='lat' dir='ltr'>attendite.</span> <span class='ocrx_word' id='word_1_35' title='bbox 515 551 700 602; x_wconf 85' lang='lat' dir='ltr'>Qorum</span> <span class='ocrx_word' id='word_1_36' title='bbox 719 562 882 603; x_wconf 88' lang='lat' dir='ltr'>operum</span> <span class='ocrx_word' id='word_1_37' title='bbox 898 563 969 603; x_wconf 87' lang='lat' dir='ltr'>ego</span> <span class='ocrx_word' id='word_1_38' title='bbox 987 563 1123 603; x_wconf 88' lang='lat' dir='ltr'>parens</span> <span class='ocrx_word' id='word_1_39' title='bbox 1143 549 1376 604; x_wconf 68' lang='lat' dir='ltr'>effectorque</span> <span class='ocrx_word' id='word_1_40' title='bbox 1397 552 1495 599; x_wconf 90' lang='lat' dir='ltr'>sum,</span> <span class='ocrx_word' id='word_1_41' title='bbox 1513 552 1595 592; x_wconf 89' lang='lat' dir='ltr'>haec</span> <span class='ocrx_word' id='word_1_42' title='bbox 1617 555 1703 593; x_wconf 88' lang='lat' dir='ltr'>sunt</span> 
     </span>
     <span class='ocr_line' id='line_1_6' title="bbox 295 615 1700 672; baseline 0.002 -17"><span class='ocrx_word' id='word_1_43' title='bbox 295 616 530 661; x_wconf 75' lang='lat' dir='ltr'>indissoluta,</span> <span class='ocrx_word' id='word_1_44' title='bbox 550 628 614 653; x_wconf 90' lang='lat' dir='ltr'>me</span> <span class='ocrx_word' id='word_1_45' title='bbox 632 615 758 654; x_wconf 92' lang='lat' dir='ltr'>invito</span> <span class='ocrx_word' id='word_1_46' title='bbox 772 633 784 660; x_wconf 73' lang='grc' dir='ltr'><strong><em>ς</em></strong></span> <span class='ocrx_word' id='word_1_47' title='bbox 807 628 1030 667; x_wconf 86' lang='lat' dir='ltr'>quanquam</span> <span class='ocrx_word' id='word_1_48' title='bbox 1045 629 1162 654; x_wconf 92' lang='lat' dir='ltr'>omne</span> <span class='ocrx_word' id='word_1_49' title='bbox 1181 616 1410 670; x_wconf 91' lang='lat' dir='ltr'>colligatum</span> <span class='ocrx_word' id='word_1_50' title='bbox 1431 619 1525 657; x_wconf 88' lang='lat' dir='ltr'>solvi</span> <span class='ocrx_word' id='word_1_51' title='bbox 1551 620 1673 672; x_wconf 90' lang='lat' dir='ltr'>potest</span> <span class='ocrx_word' id='word_1_52' title='bbox 1691 635 1700 657; x_wconf 73' lang='grc' dir='ltr'>ε</span> 
     </span>
     <span class='ocr_line' id='line_1_7' title="bbox 294 681 1702 735; baseline 0.002 -14"><span class='ocrx_word' id='word_1_53' title='bbox 294 682 358 722; x_wconf 92' lang='lat' dir='ltr'>sed</span> <span class='ocrx_word' id='word_1_54' title='bbox 376 682 680 735; x_wconf 87' lang='lat' dir='ltr'>haudquaquam</span> <span class='ocrx_word' id='word_1_55' title='bbox 701 682 795 719; x_wconf 87' lang='lat' dir='ltr'>boni</span> <span class='ocrx_word' id='word_1_56' title='bbox 812 681 879 726; x_wconf 88' lang='lat' dir='ltr'>est,</span> <span class='ocrx_word' id='word_1_57' title='bbox 897 682 1042 719; x_wconf 86' lang='lat' dir='ltr'>ratione</span> <span class='ocrx_word' id='word_1_58' title='bbox 1061 683 1236 720; x_wconf 66' lang='lat' dir='ltr'>vinctum</span> <span class='ocrx_word' id='word_1_59' title='bbox 1256 684 1353 721; x_wconf 91' lang='lat' dir='ltr'>velle</span> <span class='ocrx_word' id='word_1_60' title='bbox 1373 684 1582 723; x_wconf 84' lang='lat' dir='ltr'>diffolvere.</span> <span class='ocrx_word' id='word_1_61' title='bbox 1615 687 1702 733; x_wconf 88' lang='lat' dir='ltr'>Sed,</span> 
     </span>
     <span class='ocr_line' id='line_1_8' title="bbox 293 748 1703 803; baseline 0.001 -13"><span class='ocrx_word' id='word_1_62' title='bbox 293 751 481 803; x_wconf 90' lang='lat' dir='ltr'>quoniam</span> <span class='ocrx_word' id='word_1_63' title='bbox 500 749 576 788; x_wconf 90' lang='lat' dir='ltr'>orti</span> <span class='ocrx_word' id='word_1_64' title='bbox 596 748 697 793; x_wconf 88' lang='lat' dir='ltr'>estis,</span> <span class='ocrx_word' id='word_1_65' title='bbox 720 748 961 786; x_wconf 88' lang='lat' dir='ltr'>immortales</span> <span class='ocrx_word' id='word_1_66' title='bbox 982 761 1047 786; x_wconf 91' lang='lat' dir='ltr'>vos</span> <span class='ocrx_word' id='word_1_67' title='bbox 1074 748 1235 801; x_wconf 90' lang='lat' dir='ltr'>quidem</span> <span class='ocrx_word' id='word_1_68' title='bbox 1255 748 1339 794; x_wconf 83' lang='lat' dir='ltr'>effe,</span> <span class='ocrx_word' id='word_1_69' title='bbox 1369 759 1406 788; x_wconf 92' lang='lat' dir='ltr'>et</span> <span class='ocrx_word' id='word_1_70' title='bbox 1426 750 1703 791; x_wconf 73' lang='lat' dir='ltr'>indissolubiles</span> 
     </span>
     <span class='ocr_line' id='line_1_9' title="bbox 293 813 1704 870; baseline 0.001 -15"><span class='ocrx_word' id='word_1_71' title='bbox 293 829 372 855; x_wconf 92' lang='lat' dir='ltr'>non</span> <span class='ocrx_word' id='word_1_72' title='bbox 391 815 546 870; x_wconf 86' lang='lat' dir='ltr'>potestis</span> <span class='ocrx_word' id='word_1_73' title='bbox 565 829 574 853; x_wconf 90' lang='lat'>:</span> <span class='ocrx_word' id='word_1_74' title='bbox 597 814 826 867; x_wconf 85' lang='lat' dir='ltr'>neutiquam</span> <span class='ocrx_word' id='word_1_75' title='bbox 848 823 976 852; x_wconf 84' lang='lat' dir='ltr'>tamen</span> <span class='ocrx_word' id='word_1_76' title='bbox 996 813 1268 861; x_wconf 81' lang='lat' dir='ltr'>dissolvemini,</span> <span class='ocrx_word' id='word_1_77' title='bbox 1290 829 1360 854; x_wconf 91' lang='lat' dir='ltr'>nec</span> <span class='ocrx_word' id='word_1_78' title='bbox 1382 830 1448 855; x_wconf 91' lang='lat' dir='ltr'>vos</span> <span class='ocrx_word' id='word_1_79' title='bbox 1468 816 1548 855; x_wconf 88' lang='lat' dir='ltr'>ulla</span> <span class='ocrx_word' id='word_1_80' title='bbox 1567 820 1704 857; x_wconf 88' lang='lat' dir='ltr'>mortis</span> 
     </span>
     <span class='ocr_line' id='line_1_10' title="bbox 292 880 1704 938; baseline 0.002 -18"><span class='ocrx_word' id='word_1_81' title='bbox 292 880 370 920; x_wconf 88' lang='lat' dir='ltr'>fata</span> <span class='ocrx_word' id='word_1_82' title='bbox 388 882 594 936; x_wconf 86' lang='lat' dir='ltr'>periment,</span> <span class='ocrx_word' id='word_1_83' title='bbox 627 895 698 919; x_wconf 92' lang='lat' dir='ltr'>nec</span> <span class='ocrx_word' id='word_1_84' title='bbox 718 880 821 919; x_wconf 89' lang='lat' dir='ltr'>fraus</span> <span class='ocrx_word' id='word_1_85' title='bbox 841 881 1042 926; x_wconf 86' lang='lat' dir='ltr'>valentior,</span> <span class='ocrx_word' id='word_1_86' title='bbox 1064 895 1182 934; x_wconf 88' lang='lat' dir='ltr'>quam</span> <span class='ocrx_word' id='word_1_87' title='bbox 1202 881 1406 920; x_wconf 87' lang='lat' dir='ltr'>confilium</span> <span class='ocrx_word' id='word_1_88' title='bbox 1427 897 1575 929; x_wconf 89' lang='lat' dir='ltr'>meum,</span> <span class='ocrx_word' id='word_1_89' title='bbox 1599 885 1704 938; x_wconf 91' lang='lat' dir='ltr'>quod</span> 
     </span>
     <span class='ocr_line' id='line_1_11' title="bbox 291 947 1703 1003; baseline 0.002 -16"><span class='ocrx_word' id='word_1_90' title='bbox 291 949 418 1001; x_wconf 89' lang='lat' dir='ltr'>majus</span> <span class='ocrx_word' id='word_1_91' title='bbox 438 948 491 986; x_wconf 91' lang='lat' dir='ltr'>est</span> <span class='ocrx_word' id='word_1_92' title='bbox 511 948 714 986; x_wconf 89' lang='lat' dir='ltr'>vinculum</span> <span class='ocrx_word' id='word_1_93' title='bbox 733 947 779 985; x_wconf 86' lang='lat' dir='ltr'>ad</span> <span class='ocrx_word' id='word_1_94' title='bbox 798 948 1095 1001; x_wconf 85' lang='lat' dir='ltr'>perpetuitatem</span> <span class='ocrx_word' id='word_1_95' title='bbox 1116 948 1290 994; x_wconf 89' lang='lat' dir='ltr'>vestram,</span> <span class='ocrx_word' id='word_1_96' title='bbox 1313 962 1431 1001; x_wconf 91' lang='lat' dir='ltr'>quam</span> <span class='ocrx_word' id='word_1_97' title='bbox 1451 949 1529 995; x_wconf 85' lang='lat' dir='ltr'>illa,</span> <span class='ocrx_word' id='word_1_98' title='bbox 1561 951 1703 1003; x_wconf 89' lang='lat' dir='ltr'>quibus</span> 
     </span>
     <span class='ocr_line' id='line_1_12' title="bbox 291 1014 1701 1070; baseline 0.002 -18"><span class='ocrx_word' id='word_1_99' title='bbox 291 1015 378 1054; x_wconf 89' lang='lat' dir='ltr'>estis</span> <span class='ocrx_word' id='word_1_100' title='bbox 413 1024 514 1060; x_wconf 88' lang='lat' dir='ltr'>tum,</span> <span class='ocrx_word' id='word_1_101' title='bbox 555 1027 649 1052; x_wconf 90' lang='lat' dir='ltr'>cum</span> <span class='ocrx_word' id='word_1_102' title='bbox 679 1014 959 1067; x_wconf 80' lang='lat' dir='ltr'>gignebamini,</span> <span class='ocrx_word' id='word_1_103' title='bbox 995 1015 1181 1068; x_wconf 85' lang='lat' dir='ltr'>colligati.</span> <span class='ocrx_word' id='word_1_104' title='bbox 1230 1015 1339 1066; x_wconf 85' lang='lat' dir='ltr'>Qid</span> <span class='ocrx_word' id='word_1_105' title='bbox 1374 1015 1533 1054; x_wconf 87' lang='lat' dir='ltr'>sentiam</span> <span class='ocrx_word' id='word_1_106' title='bbox 1566 1017 1701 1070; x_wconf 86' lang='lat' dir='ltr'>igitur,</span> 
     </span>
     <span class='ocr_line' id='line_1_13' title="bbox 291 1081 1700 1135; baseline 0.001 -15"><span class='ocrx_word' id='word_1_107' title='bbox 291 1082 525 1135; x_wconf 89' lang='lat' dir='ltr'>cognoscite.</span> <span class='ocrx_word' id='word_1_108' title='bbox 572 1081 668 1119; x_wconf 89' lang='lat' dir='ltr'>Tria</span> <span class='ocrx_word' id='word_1_109' title='bbox 701 1081 813 1119; x_wconf 90' lang='lat' dir='ltr'>nobis</span> <span class='ocrx_word' id='word_1_110' title='bbox 848 1095 986 1134; x_wconf 86' lang='lat' dir='ltr'>genera</span> <span class='ocrx_word' id='word_1_111' title='bbox 1016 1082 1164 1135; x_wconf 91' lang='lat' dir='ltr'>reliqua</span> <span class='ocrx_word' id='word_1_112' title='bbox 1198 1082 1309 1128; x_wconf 92' lang='lat' dir='ltr'>sunt,</span> <span class='ocrx_word' id='word_1_113' title='bbox 1351 1096 1469 1135; x_wconf 83' lang='lat' dir='ltr'>eaque</span> <span class='ocrx_word' id='word_1_114' title='bbox 1495 1084 1700 1123; x_wconf 85' lang='lat' dir='ltr'>mortalia:</span> 
     </span>
     <span class='ocr_line' id='line_1_14' title="bbox 292 1147 1703 1201; baseline 0.001 -14"><span class='ocrx_word' id='word_1_115' title='bbox 292 1149 438 1201; x_wconf 87' lang='lat' dir='ltr'>quibus</span> <span class='ocrx_word' id='word_1_116' title='bbox 472 1147 743 1201; x_wconf 85' lang='lat' dir='ltr'>praetermiflis‚</span> <span class='ocrx_word' id='word_1_117' title='bbox 780 1148 863 1186; x_wconf 78' lang='lat' dir='ltr'>caeli</span> <span class='ocrx_word' id='word_1_118' title='bbox 899 1148 1088 1186; x_wconf 86' lang='lat' dir='ltr'>absolutio</span> <span class='ocrx_word' id='word_1_119' title='bbox 1121 1147 1285 1201; x_wconf 62' lang='lat' dir='ltr'>persedita</span> <span class='ocrx_word' id='word_1_120' title='bbox 1315 1162 1393 1187; x_wconf 92' lang='lat' dir='ltr'>non</span> <span class='ocrx_word' id='word_1_121' title='bbox 1422 1149 1507 1187; x_wconf 90' lang='lat' dir='ltr'>erit.</span> <span class='ocrx_word' id='word_1_122' title='bbox 1556 1151 1703 1189; x_wconf 85' lang='lat' dir='ltr'>Omnia</span> 
     </span>
     <span class='ocr_line' id='line_1_15' title="bbox 291 1214 1702 1268; baseline 0.002 -15"><span class='ocrx_word' id='word_1_123' title='bbox 291 1215 398 1253; x_wconf 89' lang='lat' dir='ltr'>enim</span> <span class='ocrx_word' id='word_1_124' title='bbox 431 1228 569 1268; x_wconf 84' lang='lat' dir='ltr'>genera</span> <span class='ocrx_word' id='word_1_125' title='bbox 599 1214 827 1253; x_wconf 88' lang='lat' dir='ltr'>animalium</span> <span class='ocrx_word' id='word_1_126' title='bbox 849 1215 1060 1268; x_wconf 88' lang='lat' dir='ltr'>complexu</span> <span class='ocrx_word' id='word_1_127' title='bbox 1096 1229 1175 1253; x_wconf 93' lang='lat' dir='ltr'>non</span> <span class='ocrx_word' id='word_1_128' title='bbox 1207 1216 1379 1254; x_wconf 85' lang='lat' dir='ltr'>tenebit:</span> <span class='ocrx_word' id='word_1_129' title='bbox 1413 1224 1539 1254; x_wconf 87' lang='lat' dir='ltr'>teneat</span> <span class='ocrx_word' id='word_1_130' title='bbox 1572 1227 1702 1256; x_wconf 84' lang='lat' dir='ltr'>autem</span> 
     </span>
     <span class='ocr_line' id='line_1_16' title="bbox 290 1281 1700 1334; baseline 0.002 -16"><span class='ocrx_word' id='word_1_131' title='bbox 290 1281 502 1334; x_wconf 86' lang='lat' dir='ltr'>oportebit,</span> <span class='ocrx_word' id='word_1_132' title='bbox 534 1290 577 1318; x_wconf 93' lang='lat' dir='ltr'>ut</span> <span class='ocrx_word' id='word_1_133' title='bbox 597 1281 734 1319; x_wconf 89' lang='lat' dir='ltr'>eodem</span> <span class='ocrx_word' id='word_1_134' title='bbox 756 1294 803 1319; x_wconf 89' lang='lat' dir='ltr'>ne</span> <span class='ocrx_word' id='word_1_135' title='bbox 832 1281 929 1334; x_wconf 87' lang='lat' dir='ltr'>quid</span> <span class='ocrx_word' id='word_1_136' title='bbox 949 1281 1058 1327; x_wconf 84' lang='lat' dir='ltr'>abfit,</span> <span class='ocrx_word' id='word_1_137' title='bbox 1089 1295 1174 1333; x_wconf 85' lang='lat' dir='ltr'>quae</span> <span class='ocrx_word' id='word_1_138' title='bbox 1205 1295 1226 1319; x_wconf 91' lang='lat' dir='ltr'>a</span> <span class='ocrx_word' id='word_1_139' title='bbox 1257 1295 1321 1319; x_wconf 89' lang='lat' dir='ltr'>me</span> <span class='ocrx_word' id='word_1_140' title='bbox 1347 1281 1430 1334; x_wconf 91' lang='lat' dir='ltr'>ipso</span> <span class='ocrx_word' id='word_1_141' title='bbox 1463 1281 1595 1321; x_wconf 66' lang='lat' dir='ltr'>effe&amp;a</span> <span class='ocrx_word' id='word_1_142' title='bbox 1615 1283 1700 1328; x_wconf 88' lang='lat' dir='ltr'>fint‚</span> 
     </span>
     <span class='ocr_line' id='line_1_17' title="bbox 290 1347 1701 1402; baseline 0.001 -17"><span class='ocrx_word' id='word_1_143' title='bbox 290 1347 398 1400; x_wconf 92' lang='lat' dir='ltr'>quod</span> <span class='ocrx_word' id='word_1_144' title='bbox 418 1347 596 1386; x_wconf 88' lang='lat' dir='ltr'>Deorum</span> <span class='ocrx_word' id='word_1_145' title='bbox 626 1347 746 1385; x_wconf 86' lang='lat' dir='ltr'>vitam</span> <span class='ocrx_word' id='word_1_146' title='bbox 778 1348 891 1400; x_wconf 86' lang='lat' dir='ltr'>poffit</span> <span class='ocrx_word' id='word_1_147' title='bbox 920 1347 1131 1401; x_wconf 86' lang='lat' dir='ltr'>adaequare.</span> <span class='ocrx_word' id='word_1_148' title='bbox 1175 1349 1233 1386; x_wconf 95' lang='lat' dir='ltr'>Ut</span> <span class='ocrx_word' id='word_1_149' title='bbox 1262 1348 1382 1400; x_wconf 86' lang='lat' dir='ltr'>igitur</span> <span class='ocrx_word' id='word_1_150' title='bbox 1410 1350 1701 1402; x_wconf 86' lang='lat' dir='ltr'>mortaligene-</span> 
     </span>
     <span class='ocr_line' id='line_1_18' title="bbox 291 1414 1702 1469; baseline 0.001 -17"><span class='ocrx_word' id='word_1_151' title='bbox 291 1423 424 1453; x_wconf 89' lang='lat' dir='ltr'>rentur</span> <span class='ocrx_word' id='word_1_152' title='bbox 443 1414 681 1459; x_wconf 89' lang='lat' dir='ltr'>conditione,</span> <span class='ocrx_word' id='word_1_153' title='bbox 717 1427 784 1453; x_wconf 88' lang='lat' dir='ltr'>vos</span> <span class='ocrx_word' id='word_1_154' title='bbox 807 1414 999 1468; x_wconf 85' lang='lat' dir='ltr'>suscipite,</span> <span class='ocrx_word' id='word_1_155' title='bbox 1035 1424 1078 1453; x_wconf 90' lang='lat' dir='ltr'>ut</span> <span class='ocrx_word' id='word_1_156' title='bbox 1109 1414 1175 1453; x_wconf 87' lang='lat' dir='ltr'>illa</span> <span class='ocrx_word' id='word_1_157' title='bbox 1200 1415 1381 1468; x_wconf 86' lang='lat' dir='ltr'>gignatis,</span> <span class='ocrx_word' id='word_1_158' title='bbox 1412 1416 1702 1469; x_wconf 81' lang='lat' dir='ltr'>imiteminique</span> 
     </span>
     <span class='ocr_line' id='line_1_19' title="bbox 291 1480 1700 1534; baseline 0.001 -15"><span class='ocrx_word' id='word_1_159' title='bbox 291 1480 373 1519; x_wconf 87' lang='lat' dir='ltr'>vim</span> <span class='ocrx_word' id='word_1_160' title='bbox 393 1494 537 1524; x_wconf 87' lang='lat' dir='ltr'>meam,</span> <span class='ocrx_word' id='word_1_161' title='bbox 560 1483 688 1532; x_wconf 86' lang='lat' dir='ltr'>quain</span> <span class='ocrx_word' id='word_1_162' title='bbox 709 1480 832 1517; x_wconf 90' lang='lat' dir='ltr'>vestro</span> <span class='ocrx_word' id='word_1_163' title='bbox 851 1489 938 1518; x_wconf 92' lang='lat' dir='ltr'>ortu</span> <span class='ocrx_word' id='word_1_164' title='bbox 960 1493 1023 1518; x_wconf 89' lang='lat' dir='ltr'>me</span> <span class='ocrx_word' id='word_1_165' title='bbox 1042 1481 1156 1518; x_wconf 91' lang='lat' dir='ltr'>usum</span> <span class='ocrx_word' id='word_1_166' title='bbox 1172 1480 1241 1518; x_wconf 82' lang='lat' dir='ltr'>esse</span> <span class='ocrx_word' id='word_1_167' title='bbox 1257 1482 1487 1520; x_wconf 84' lang='lat' dir='ltr'>meministis</span> <span class='ocrx_word' id='word_1_168' title='bbox 1505 1497 1514 1521; x_wconf 73' lang='grc' dir='ltr'>ε</span> <span class='ocrx_word' id='word_1_169' title='bbox 1547 1483 1587 1520; x_wconf 88' lang='lat' dir='ltr'>in</span> <span class='ocrx_word' id='word_1_170' title='bbox 1609 1484 1700 1534; x_wconf 87' lang='lat' dir='ltr'>qui-</span> 
     </span>
     <span class='ocr_line' id='line_1_20' title="bbox 290 1545 1700 1601; baseline 0.001 -17"><span class='ocrx_word' id='word_1_171' title='bbox 290 1546 363 1585; x_wconf 92' lang='lat' dir='ltr'>bus</span> <span class='ocrx_word' id='word_1_172' title='bbox 385 1547 454 1599; x_wconf 90' lang='lat' dir='ltr'>qui</span> <span class='ocrx_word' id='word_1_173' title='bbox 475 1545 566 1584; x_wconf 87' lang='lat' dir='ltr'>tales</span> <span class='ocrx_word' id='word_1_174' title='bbox 595 1554 786 1590; x_wconf 85' lang='lat' dir='ltr'>creantur,</span> <span class='ocrx_word' id='word_1_175' title='bbox 821 1554 864 1583; x_wconf 89' lang='lat' dir='ltr'>ut</span> <span class='ocrx_word' id='word_1_176' title='bbox 892 1546 1069 1591; x_wconf 82' lang='lat' dir='ltr'>Deorum</span> <span class='ocrx_word' id='word_1_177' title='bbox 1090 1547 1374 1585; x_wconf 85' lang='lat' dir='ltr'>immortalium</span> <span class='ocrx_word' id='word_1_178' title='bbox 1404 1548 1506 1599; x_wconf 82' lang='lat' dir='ltr'>quasi</span> <span class='ocrx_word' id='word_1_179' title='bbox 1537 1549 1700 1601; x_wconf 84' lang='lat' dir='ltr'>gentiles</span> 
     </span>
     <span class='ocr_line' id='line_1_21' title="bbox 290 1611 1701 1666; baseline 0.002 -17"><span class='ocrx_word' id='word_1_180' title='bbox 290 1611 361 1650; x_wconf 86' lang='lat' dir='ltr'>effe</span> <span class='ocrx_word' id='word_1_181' title='bbox 391 1611 574 1657; x_wconf 89' lang='lat' dir='ltr'>debeant,</span> <span class='ocrx_word' id='word_1_182' title='bbox 611 1611 734 1649; x_wconf 86' lang='lat' dir='ltr'>divini</span> <span class='ocrx_word' id='word_1_183' title='bbox 767 1612 916 1664; x_wconf 86' lang='lat' dir='ltr'>generis</span> <span class='ocrx_word' id='word_1_184' title='bbox 947 1612 1213 1665; x_wconf 86' lang='lat' dir='ltr'>appellentur,</span> <span class='ocrx_word' id='word_1_185' title='bbox 1255 1621 1487 1666; x_wconf 89' lang='lat' dir='ltr'>teneantque</span> <span class='ocrx_word' id='word_1_186' title='bbox 1520 1615 1701 1653; x_wconf 89' lang='lat' dir='ltr'>omnium</span> 
     </span>
     <span class='ocr_line' id='line_1_22' title="bbox 290 1678 1700 1733; baseline 0.002 -17"><span class='ocrx_word' id='word_1_187' title='bbox 290 1678 550 1717; x_wconf 89' lang='lat' dir='ltr'>animantium</span> <span class='ocrx_word' id='word_1_188' title='bbox 580 1679 859 1731; x_wconf 88' lang='lat' dir='ltr'>principatum,</span> <span class='ocrx_word' id='word_1_189' title='bbox 889 1678 1073 1731; x_wconf 85' lang='lat' dir='ltr'>vobisque</span> <span class='ocrx_word' id='word_1_190' title='bbox 1097 1679 1183 1731; x_wconf 90' lang='lat' dir='ltr'>jure</span> <span class='ocrx_word' id='word_1_191' title='bbox 1213 1688 1252 1717; x_wconf 93' lang='lat' dir='ltr'>et</span> <span class='ocrx_word' id='word_1_192' title='bbox 1281 1679 1364 1732; x_wconf 87' lang='lat' dir='ltr'>lege</span> <span class='ocrx_word' id='word_1_193' title='bbox 1390 1680 1561 1718; x_wconf 89' lang='lat' dir='ltr'>volentes</span> <span class='ocrx_word' id='word_1_194' title='bbox 1591 1694 1700 1733; x_wconf 86' lang='lat' dir='ltr'>pare-</span> 
     </span>
     <span class='ocr_line' id='line_1_23' title="bbox 290 1745 1701 1799; baseline 0.001 -15"><span class='ocrx_word' id='word_1_195' title='bbox 290 1755 356 1784; x_wconf 88' lang='lat' dir='ltr'>ant</span> <span class='ocrx_word' id='word_1_196' title='bbox 375 1761 385 1785; x_wconf 87' lang='lat'><strong>:</strong></span> <span class='ocrx_word' id='word_1_197' title='bbox 416 1759 587 1799; x_wconf 87' lang='lat' dir='ltr'>quorum</span> <span class='ocrx_word' id='word_1_198' title='bbox 606 1745 716 1784; x_wconf 90' lang='lat' dir='ltr'>vobis</span> <span class='ocrx_word' id='word_1_199' title='bbox 746 1745 906 1784; x_wconf 88' lang='lat' dir='ltr'>initium</span> <span class='ocrx_word' id='word_1_200' title='bbox 927 1745 1118 1799; x_wconf 88' lang='lat' dir='ltr'>statusque</span> <span class='ocrx_word' id='word_1_201' title='bbox 1139 1745 1299 1784; x_wconf 88' lang='lat' dir='ltr'>traditur</span> <span class='ocrx_word' id='word_1_202' title='bbox 1319 1760 1339 1784; x_wconf 91' lang='lat' dir='ltr'>a</span> <span class='ocrx_word' id='word_1_203' title='bbox 1358 1760 1435 1785; x_wconf 91' lang='lat' dir='ltr'>me.</span> <span class='ocrx_word' id='word_1_204' title='bbox 1468 1747 1549 1785; x_wconf 81' lang='lat' dir='ltr'>&#39;Vos</span> <span class='ocrx_word' id='word_1_205' title='bbox 1570 1757 1701 1787; x_wconf 89' lang='lat' dir='ltr'>autem</span> 
     </span>
     <span class='ocr_line' id='line_1_24' title="bbox 290 1812 1700 1866; baseline 0.001 -15"><span class='ocrx_word' id='word_1_206' title='bbox 290 1813 336 1851; x_wconf 90' lang='lat' dir='ltr'>ad</span> <span class='ocrx_word' id='word_1_207' title='bbox 368 1813 423 1858; x_wconf 88' lang='lat' dir='ltr'>id,</span> <span class='ocrx_word' id='word_1_208' title='bbox 454 1812 561 1866; x_wconf 93' lang='lat' dir='ltr'>quod</span> <span class='ocrx_word' id='word_1_209' title='bbox 590 1812 663 1851; x_wconf 91' lang='lat' dir='ltr'>erit</span> <span class='ocrx_word' id='word_1_210' title='bbox 692 1813 929 1859; x_wconf 89' lang='lat' dir='ltr'>immortale,</span> <span class='ocrx_word' id='word_1_211' title='bbox 960 1821 1109 1866; x_wconf 90' lang='lat' dir='ltr'>partem</span> <span class='ocrx_word' id='word_1_212' title='bbox 1141 1813 1341 1851; x_wconf 88' lang='lat' dir='ltr'>attexitote</span> <span class='ocrx_word' id='word_1_213' title='bbox 1371 1814 1590 1852; x_wconf 88' lang='lat' dir='ltr'>mortalem.</span> <span class='ocrx_word' id='word_1_214' title='bbox 1642 1815 1700 1852; x_wconf 88' lang='lat' dir='ltr'>Ita</span> 
     </span>
     <span class='ocr_line' id='line_1_25' title="bbox 291 1878 1700 1932; baseline 0.001 -16"><span class='ocrx_word' id='word_1_215' title='bbox 291 1880 461 1917; x_wconf 89' lang='lat' dir='ltr'>orientur</span> <span class='ocrx_word' id='word_1_216' title='bbox 480 1879 706 1924; x_wconf 86' lang='lat' dir='ltr'>animantes,</span> <span class='ocrx_word' id='word_1_217' title='bbox 740 1893 835 1931; x_wconf 90' lang='lat' dir='ltr'>quos</span> <span class='ocrx_word' id='word_1_218' title='bbox 857 1888 895 1917; x_wconf 94' lang='lat' dir='ltr'>et</span> <span class='ocrx_word' id='word_1_219' title='bbox 914 1879 1021 1917; x_wconf 89' lang='lat' dir='ltr'>vivos</span> <span class='ocrx_word' id='word_1_220' title='bbox 1042 1878 1165 1924; x_wconf 85' lang='lat' dir='ltr'>alatis,</span> <span class='ocrx_word' id='word_1_221' title='bbox 1195 1888 1234 1916; x_wconf 91' lang='lat' dir='ltr'>et</span> <span class='ocrx_word' id='word_1_222' title='bbox 1263 1878 1515 1932; x_wconf 84' lang='lat' dir='ltr'>consumptos</span> <span class='ocrx_word' id='word_1_223' title='bbox 1537 1878 1619 1917; x_wconf 78' lang='lat' dir='ltr'>sinu</span> <span class='ocrx_word' id='word_1_224' title='bbox 1639 1894 1700 1918; x_wconf 84' lang='lat' dir='ltr'>re·-</span> 
     </span>
     <span class='ocr_line' id='line_1_26' title="bbox 289 1940 802 2000; baseline -0.002 -17"><span class='ocrx_word' id='word_1_225' title='bbox 289 1945 454 2000; x_wconf 88' lang='lat' dir='ltr'>cipiatis.</span> <span class='ocrx_word' id='word_1_226' title='bbox 487 1945 584 1983; x_wconf 88' lang='lat' dir='ltr'>Haec</span> <span class='ocrx_word' id='word_1_227' title='bbox 601 1940 668 1982; x_wconf 91' lang='lat' dir='ltr'>ille</span> <span class='ocrx_word' id='word_1_228' title='bbox 689 1945 802 1982; x_wconf 87' lang='lat' dir='ltr'>dixit.</span> 
     </span>
    </p>

    <p class='ocr_par' dir='ltr' id='par_1_3' title="bbox 289 2011 1703 2261">
     <span class='ocr_line' id='line_1_27' title="bbox 345 2011 1700 2065; baseline 0 -15"><span class='ocrx_word' id='word_1_229' title='bbox 345 2012 439 2051; x_wconf 92' lang='lat' dir='ltr'>XII.</span> <span class='ocrx_word' id='word_1_230' title='bbox 473 2011 625 2050; x_wconf 89' lang='lat' dir='ltr'>Deinde</span> <span class='ocrx_word' id='word_1_231' title='bbox 646 2011 692 2049; x_wconf 92' lang='lat' dir='ltr'>ad</span> <span class='ocrx_word' id='word_1_232' title='bbox 724 2011 1044 2064; x_wconf 88' lang='lat' dir='ltr'>temperationem</span> <span class='ocrx_word' id='word_1_233' title='bbox 1071 2011 1305 2065; x_wconf 90' lang='lat' dir='ltr'>superiorem</span> <span class='ocrx_word' id='word_1_234' title='bbox 1339 2013 1519 2050; x_wconf 88' lang='lat' dir='ltr'>revertit:</span> <span class='ocrx_word' id='word_1_235' title='bbox 1552 2013 1591 2050; x_wconf 78' lang='lat' dir='ltr'>in</span> <span class='ocrx_word' id='word_1_236' title='bbox 1625 2027 1700 2065; x_wconf 85' lang='lat' dir='ltr'>qua</span> 
     </span>
     <span class='ocr_line' id='line_1_28' title="bbox 290 2076 1697 2130; baseline 0 -16"><span class='ocrx_word' id='word_1_237' title='bbox 290 2090 451 2115; x_wconf 89' lang='lat' dir='ltr'>omnem</span> <span class='ocrx_word' id='word_1_238' title='bbox 481 2077 659 2115; x_wconf 89' lang='lat' dir='ltr'>animum</span> <span class='ocrx_word' id='word_1_239' title='bbox 680 2077 861 2115; x_wconf 81' lang='lat' dir='ltr'>universae</span> <span class='ocrx_word' id='word_1_240' title='bbox 882 2086 1025 2115; x_wconf 86' lang='lat' dir='ltr'>naturae</span> <span class='ocrx_word' id='word_1_241' title='bbox 1045 2086 1261 2130; x_wconf 86' lang='lat' dir='ltr'>temperans</span> <span class='ocrx_word' id='word_1_242' title='bbox 1282 2077 1548 2129; x_wconf 85' lang='lat' dir='ltr'>permiscebat,</span> <span class='ocrx_word' id='word_1_243' title='bbox 1584 2076 1697 2130; x_wconf 90' lang='lat' dir='ltr'>supe-</span> 
     </span>
     <span class='ocr_line' id='line_1_29' title="bbox 289 2142 1703 2196; baseline 0.001 -15"><span class='ocrx_word' id='word_1_244' title='bbox 289 2142 475 2196; x_wconf 88' lang='lat' dir='ltr'>riorisque</span> <span class='ocrx_word' id='word_1_245' title='bbox 500 2142 772 2195; x_wconf 87' lang='lat' dir='ltr'>permixtionis</span> <span class='ocrx_word' id='word_1_246' title='bbox 807 2143 985 2195; x_wconf 87' lang='lat' dir='ltr'>reliquias</span> <span class='ocrx_word' id='word_1_247' title='bbox 1006 2142 1172 2181; x_wconf 90' lang='lat' dir='ltr'>fundens</span> <span class='ocrx_word' id='word_1_248' title='bbox 1200 2142 1386 2194; x_wconf 77' lang='lat' dir='ltr'>aequabat,</span> <span class='ocrx_word' id='word_1_249' title='bbox 1417 2143 1554 2181; x_wconf 90' lang='lat' dir='ltr'>eodem</span> <span class='ocrx_word' id='word_1_250' title='bbox 1584 2143 1703 2182; x_wconf 90' lang='lat' dir='ltr'>modo</span> 
     </span>
     <span class='ocr_line' id='line_1_30' title="bbox 289 2208 1694 2261; baseline -0.001 -13"><span class='ocrx_word' id='word_1_251' title='bbox 289 2208 425 2253; x_wconf 88' lang='lat' dir='ltr'>ferme,</span> <span class='ocrx_word' id='word_1_252' title='bbox 459 2208 527 2247; x_wconf 77' lang='lat' dir='ltr'>nisi</span> <span class='ocrx_word' id='word_1_253' title='bbox 559 2208 663 2261; x_wconf 91' lang='lat' dir='ltr'>quod</span> <span class='ocrx_word' id='word_1_254' title='bbox 684 2221 761 2247; x_wconf 92' lang='lat' dir='ltr'>non</span> <span class='ocrx_word' id='word_1_255' title='bbox 783 2208 835 2246; x_wconf 87' lang='lat' dir='ltr'>ita</span> <span class='ocrx_word' id='word_1_256' title='bbox 863 2209 1122 2261; x_wconf 85' lang='lat' dir='ltr'>incorruptas,</span> <span class='ocrx_word' id='word_1_257' title='bbox 1147 2217 1190 2246; x_wconf 90' lang='lat' dir='ltr'>ut</span> <span class='ocrx_word' id='word_1_258' title='bbox 1209 2221 1266 2252; x_wconf 79' lang='lat' dir='ltr'>ea,</span> <span class='ocrx_word' id='word_1_259' title='bbox 1287 2222 1372 2261; x_wconf 85' lang='lat' dir='ltr'>quae</span> <span class='ocrx_word' id='word_1_260' title='bbox 1392 2208 1540 2261; x_wconf 89' lang='lat' dir='ltr'>semper</span> <span class='ocrx_word' id='word_1_261' title='bbox 1565 2209 1694 2255; x_wconf 67' lang='lat' dir='ltr'>idem,</span> 
     </span>
    </p>
   </div>
   <div class='ocr_carea' id='block_1_3' title="bbox 225 2273 1695 2326">
    <p class='ocr_par' dir='ltr' id='par_1_4' title="bbox 225 2273 1695 2326">
     <span class='ocr_line' id='line_1_31' title="bbox 225 2273 1695 2326; baseline 0.001 -14"><span class='ocrx_word' id='word_1_262' title='bbox 225 2294 234 2307; x_wconf 68' lang='grc' dir='ltr'>ι</span> <span class='ocrx_word' id='word_1_263' title='bbox 291 2274 354 2313; x_wconf 89' lang='lat' dir='ltr'>sed</span> <span class='ocrx_word' id='word_1_264' title='bbox 371 2288 392 2312; x_wconf 92' lang='lat' dir='ltr'>a</span> <span class='ocrx_word' id='word_1_265' title='bbox 412 2275 501 2313; x_wconf 89' lang='lat' dir='ltr'>Diis</span> <span class='ocrx_word' id='word_1_266' title='bbox 534 2273 744 2312; x_wconf 90' lang='lat' dir='ltr'>secundum</span> <span class='ocrx_word' id='word_1_267' title='bbox 764 2273 951 2319; x_wconf 87' lang='lat' dir='ltr'>sumebat,</span> <span class='ocrx_word' id='word_1_268' title='bbox 982 2284 1097 2326; x_wconf 87' lang='lat' dir='ltr'>atque</span> <span class='ocrx_word' id='word_1_269' title='bbox 1129 2273 1301 2311; x_wconf 88' lang='lat' dir='ltr'>tertium.</span> <span class='ocrx_word' id='word_1_270' title='bbox 1334 2275 1441 2312; x_wconf 91' lang='lat' dir='ltr'>Toto</span> <span class='ocrx_word' id='word_1_271' title='bbox 1461 2275 1581 2326; x_wconf 85' lang='lat' dir='ltr'>igitur</span> <span class='ocrx_word' id='word_1_272' title='bbox 1607 2288 1695 2313; x_wconf 85' lang='lat' dir='ltr'>orn-</span> 
     </span>
    </p>
   </div>
   <div class='ocr_carea' id='block_1_4' title="bbox 290 2339 1695 2592">
    <p class='ocr_par' dir='ltr' id='par_1_5' title="bbox 290 2339 1695 2592">
     <span class='ocr_line' id='line_1_32' title="bbox 291 2339 1694 2392; baseline 0.001 -15"><span class='ocrx_word' id='word_1_273' title='bbox 291 2339 385 2378; x_wconf 89' lang='lat' dir='ltr'>nino</span> <span class='ocrx_word' id='word_1_274' title='bbox 404 2339 626 2384; x_wconf 90' lang='lat' dir='ltr'>constituto,</span> <span class='ocrx_word' id='word_1_275' title='bbox 660 2339 841 2378; x_wconf 89' lang='lat' dir='ltr'>fideribus</span> <span class='ocrx_word' id='word_1_276' title='bbox 863 2353 993 2392; x_wconf 86' lang='lat' dir='ltr'>parem</span> <span class='ocrx_word' id='word_1_277' title='bbox 1017 2352 1226 2378; x_wconf 90' lang='lat' dir='ltr'>numerum</span> <span class='ocrx_word' id='word_1_278' title='bbox 1247 2339 1440 2378; x_wconf 88' lang='lat' dir='ltr'>distribuit</span> <span class='ocrx_word' id='word_1_279' title='bbox 1459 2341 1694 2386; x_wconf 88' lang='lat' dir='ltr'>animorum,</span> 
     </span>
     <span class='ocr_line' id='line_1_33' title="bbox 290 2405 1695 2459; baseline 0.001 -16"><span class='ocrx_word' id='word_1_280' title='bbox 290 2414 328 2443; x_wconf 88' lang='lat' dir='ltr'>et</span> <span class='ocrx_word' id='word_1_281' title='bbox 349 2405 515 2458; x_wconf 87' lang='lat' dir='ltr'>fingulos</span> <span class='ocrx_word' id='word_1_282' title='bbox 547 2407 723 2458; x_wconf 86' lang='lat' dir='ltr'>adjunxit</span> <span class='ocrx_word' id='word_1_283' title='bbox 754 2406 798 2444; x_wconf 89' lang='lat' dir='ltr'>ad</span> <span class='ocrx_word' id='word_1_284' title='bbox 820 2406 980 2459; x_wconf 75' lang='lat' dir='ltr'>singula,</span> <span class='ocrx_word' id='word_1_285' title='bbox 1013 2415 1128 2458; x_wconf 83' lang='lat' dir='ltr'>atque</span> <span class='ocrx_word' id='word_1_286' title='bbox 1148 2406 1201 2444; x_wconf 80' lang='lat' dir='ltr'>ita</span> <span class='ocrx_word' id='word_1_287' title='bbox 1231 2406 1333 2458; x_wconf 87' lang='lat' dir='ltr'>quafi</span> <span class='ocrx_word' id='word_1_288' title='bbox 1354 2407 1394 2444; x_wconf 90' lang='lat' dir='ltr'>in</span> <span class='ocrx_word' id='word_1_289' title='bbox 1426 2420 1583 2444; x_wconf 88' lang='lat' dir='ltr'>currum</span> <span class='ocrx_word' id='word_1_290' title='bbox 1606 2408 1695 2445; x_wconf 89' lang='lat' dir='ltr'>uni-</span> 
     </span>
     <span class='ocr_line' id='line_1_34' title="bbox 291 2471 1693 2525; baseline 0.001 -15"><span class='ocrx_word' id='word_1_291' title='bbox 291 2471 473 2510; x_wconf 74' lang='lat' dir='ltr'>versitatis</span> <span class='ocrx_word' id='word_1_292' title='bbox 510 2472 708 2524; x_wconf 88' lang='lat' dir='ltr'>imposuit,</span> <span class='ocrx_word' id='word_1_293' title='bbox 740 2473 1134 2525; x_wconf 83' lang='lat' dir='ltr'>commonstravitque</span> <span class='ocrx_word' id='word_1_294' title='bbox 1167 2472 1270 2525; x_wconf 86' lang='lat' dir='ltr'>leges</span> <span class='ocrx_word' id='word_1_295' title='bbox 1290 2471 1422 2511; x_wconf 87' lang='lat' dir='ltr'>fatales</span> <span class='ocrx_word' id='word_1_296' title='bbox 1455 2486 1496 2510; x_wconf 88' lang='lat' dir='ltr'>ac</span> <span class='ocrx_word' id='word_1_297' title='bbox 1530 2473 1693 2511; x_wconf 77' lang='lat' dir='ltr'>neceffa-</span> 
     </span>
     <span class='ocr_line' id='line_1_35' title="bbox 292 2537 1695 2592; baseline 0.001 -16"><span class='ocrx_word' id='word_1_298' title='bbox 292 2538 376 2584; x_wconf 86' lang='lat' dir='ltr'>rias,</span> <span class='ocrx_word' id='word_1_299' title='bbox 409 2547 447 2577; x_wconf 92' lang='lat' dir='ltr'>et</span> <span class='ocrx_word' id='word_1_300' title='bbox 477 2538 640 2577; x_wconf 89' lang='lat' dir='ltr'>ostendit</span> <span class='ocrx_word' id='word_1_301' title='bbox 670 2539 843 2592; x_wconf 87' lang='lat' dir='ltr'>primurn</span> <span class='ocrx_word' id='word_1_302' title='bbox 874 2548 1005 2577; x_wconf 91' lang='lat' dir='ltr'>ortum</span> <span class='ocrx_word' id='word_1_303' title='bbox 1037 2552 1161 2577; x_wconf 87' lang='lat' dir='ltr'>unum</span> <span class='ocrx_word' id='word_1_304' title='bbox 1185 2537 1268 2577; x_wconf 87' lang='lat' dir='ltr'>fore</span> <span class='ocrx_word' id='word_1_305' title='bbox 1297 2539 1494 2584; x_wconf 76' lang='lat' dir='ltr'>omnibus,</span> <span class='ocrx_word' id='word_1_306' title='bbox 1527 2552 1695 2591; x_wconf 81' lang='lat' dir='ltr'>eumque</span> 
     </span>
    </p>
   </div>
  </div>
 </body>
</html>
