2223 3003
464 231 545 274 254
889 215 994 254 DE
1063 213 1490 254 OFFICIIS

462 319 649 358 alienum.
680 315 767 355 Nec
787 311 892 350 enirn
912 311 991 349 ulla
1010 324 1068 348 res
1084 309 1352 349 vehementius
1373 309 1656 363 rempublicam
1675 311 1862 357 continet.

463 398 582 438 quarn
616 381 735 424 fides,
768 391 852 430 quae
883 375 955 414 effe
985 375 1091 414 nulla
1121 375 1257 429 potest,
1289 375 1358 414 nisi
1391 375 1464 414 erit
1496 375 1694 414 necessaria
1725 376 1864 416 solutio

464 461 593 488 rerum
613 445 857 483 creditarum.
903 441 1120 494 Nunquam
1139 440 1407 480 vehementius
1427 443 1556 480 astum
1575 440 1642 486 est,
1663 454 1782 493 quam
1802 454 1868 479 me

464 512 646 556 Consule,
668 523 715 548 ne
735 508 954 547 solveretur.
997 507 1130 546 Armis
1149 517 1188 546 et
1207 507 1334 546 castris
1356 516 1499 546 tentata
1524 520 1581 546 res
1601 506 1655 545 est
1679 507 1726 545 ab
1756 507 1865 546 omni

460 590 600 631 genere
620 575 844 619 hominum,
876 582 915 612 et
934 573 1095 618 ordine3
1127 573 1269 626 quibus
1291 574 1340 612 s1c
1370 573 1501 618 restiti,
1532 582 1576 611 ut
1605 571 1681 611 hoc
1712 581 1865 610 tantum

462 643 613 682 malum
632 641 679 680 de
698 639 897 694 republica
916 639 1126 678 tolleretur.
1159 639 1376 692 Nunquam
1398 653 1467 678 nec
1485 639 1608 691 majus
1627 652 1674 677 aes
1695 637 1867 675 alienum

461 709 564 754 fuit;
597 721 666 747 nec
696 707 850 751 melius,
883 719 953 744 nec
983 705 1135 744 facilius
1166 705 1393 744 diffolutum
1412 705 1478 744 est.
1524 705 1741 744 Fraudandi
1760 704 1867 742 enim

462 776 528 829 spe
548 775 706 819 sublata,
728 773 896 812 solvendi
928 772 1120 811 neceffitas
1152 772 1356 811 consecuta
1373 772 1440 811 est.
1483 774 1538 811 At
1557 785 1644 810 vero
1666 770 1730 809 hic
1762 783 1867 809 nunc

462 843 599 886 victor,
630 850 715 878 tum
735 839 896 892 quidem
918 839 1056 883 vistus,
1076 851 1162 890 quae
1181 838 1379 890 cogitarat,
1409 852 1452 876 ea
1471 837 1645 891 perfecit,
1672 851 1766 875 cum
1785 837 1867 889 ejus

455 908 542 961 jam
562 904 661 944 nihil
681 902 884 943 interesset.
915 904 1044 941 Tanta
1062 903 1103 941 in
1123 916 1169 941 eo
1187 903 1372 956 peccandi
1392 903 1515 942 libido
1534 903 1624 948 fuit,
1647 913 1690 941 ut
1708 901 1784 941 hoc
1806 903 1867 955 ip-

462 972 548 1011 sum
568 984 660 1009 eum
680 969 897 1013 delcetaret,
919 981 1088 1022 peccare,
1108 969 1225 1007 etiam
1245 969 1271 1007 fi
1291 968 1400 1007 causa
1420 982 1497 1007 non
1517 967 1618 1007 esset.

518 1037 584 1076 Ab
603 1035 679 1074 hoc
699 1035 818 1088 igitur
836 1047 974 1088 genere
992 1034 1222 1087 largitionis,
1244 1045 1287 1073 ut
1305 1035 1388 1073 aliis
1408 1035 1534 1080 detur,
1561 1034 1644 1072 aliis
1663 1032 1867 1079 auferatur,

462 1103 627 1142 aberunt
646 1102 689 1147 ii,
729 1101 797 1154 qui
829 1101 1114 1155 rempublicam
1145 1101 1358 1140 tuebuntur
1368 1120 1381 1147 ;
1412 1101 1453 1139 in
1483 1100 1694 1154 primisque
1713 1113 1870 1153 operam

462 1170 625 1214 dabunt,
647 1178 690 1207 ut
704 1168 802 1220 juris
823 1177 860 1206 et
873 1168 1114 1220 judiciorum
1136 1169 1313 1221 aequitate
1333 1168 1446 1207 suum
1467 1167 1628 1221 quisque
1649 1175 1773 1206 teneat
1788 1185 1800 1212 3
1832 1174 1870 1204 et

462 1249 590 1289 neque
609 1235 800 1273 tenuiores
820 1244 975 1288 propter
994 1234 1260 1273 humilitatem
1281 1235 1648 1278 circumveniantur,
1666 1246 1790 1286 neque
1809 1232 1870 1271 lo-

461 1301 685 1355 cupletibus
715 1301 762 1339 ad
792 1300 856 1340 sua
887 1301 946 1339 vel
981 1301 1156 1345 tenenda,
1191 1301 1251 1339 vel
1283 1300 1539 1353 recuperanda
1568 1299 1665 1338 obsit
1695 1298 1866 1337 invidia:

463 1378 643 1422 praeterea
661 1367 957 1420 quibuscunque
977 1367 1089 1405 rebus
1110 1367 1168 1404 vel
1190 1367 1298 1412 belli,
1330 1367 1388 1405 vel
1411 1367 1518 1405 domi
1537 1375 1732 1419 poterunt,
1764 1378 1869 1403 rem-

463 1434 662 1487 publicam
682 1442 845 1486 augeant
864 1433 1044 1486 imperio‚
1074 1433 1187 1485 agris,
1223 1433 1486 1486 vestigalibus.
1519 1433 1616 1471 Haec
1637 1445 1870 1485 magnorum

463 1499 672 1539 hominum
693 1500 802 1538 sunt:
835 1498 916 1537 haec
937 1499 1038 1552 apud
1058 1500 1219 1551 majores
1240 1499 1385 1537 nostros
1407 1498 1600 1536 factitata:
1631 1497 1714 1536 haec
1733 1510 1871 1550 genera

462 1566 682 1605 officiorum
715 1566 783 1619 qui
813 1565 1107 1618 persequuntur,
1138 1578 1231 1604 cum
1266 1565 1417 1603 summa
1450 1564 1616 1603 utilitate
1650 1564 1870 1618 reipublicae

464 1644 647 1684 magnam
668 1631 736 1684 ipsi
757 1630 1014 1683 adipiscentur
1032 1638 1070 1668 et
1090 1631 1267 1684 gratiam,
1287 1639 1326 1668 et
1344 1630 1522 1683 gloriam.

519 1698 565 1736 ln
597 1697 657 1735 his
678 1706 807 1735 autern
828 1696 1044 1735 utilitatum
1075 1696 1273 1750 praeceptis
1293 1697 1498 1750 Antipater
1518 1696 1676 1749 Tyrius,
1704 1697 1868 1742 Stoicus,

463 1764 534 1817 qui
555 1763 722 1802 Athenis
752 1777 874 1817 nuper
893 1763 946 1801 est
977 1773 1167 1810 mortuus,
1200 1764 1278 1803 duo
1298 1764 1486 1817 praeterita
1516 1763 1641 1802 censet
1660 1763 1732 1802 esse
1754 1777 1775 1801 a
1796 1764 1870 1803 Pa·

465 1831 593 1874 naetio,
626 1829 854 1867 valetudinis
876 1830 1130 1875 curationem,
1162 1839 1199 1868 et
1231 1830 1431 1883 pecuniae:
1463 1843 1556 1884 quas
1591 1843 1648 1869 res
1677 1843 1698 1867 a
1717 1829 1872 1869 summo

464 1894 698 1949 philosopho
733 1895 937 1947 praeteritas
971 1895 1147 1940 arbitror,
1180 1896 1284 1947 quod
1310 1895 1427 1934 essent
1460 1895 1591 1933 faciles
1610 1911 1619 1933 :
1652 1896 1739 1934 sunt
1769 1905 1871 1934 certe

466 1960 594 1999 utiles.
642 1960 712 1998 Sed
734 1959 912 1997 valetudo
932 1959 1156 1997 sustentatur
1177 1959 1314 1998 notitia
1334 1959 1386 1998 sui
1408 1961 1605 2013 corporis3
1636 1969 1673 1997 et
1694 1960 1870 1999 observa-

464 2027 585 2071 tione,
607 2039 691 2078 quae
712 2038 768 2063 res
789 2034 853 2063 aut
873 2025 1040 2079 prodesse
1062 2025 1216 2072 soleant,
1249 2035 1312 2064 aut
1332 2026 1456 2064 obess‘e
1474 2045 1485 2071 ς
1516 2037 1554 2065 et
1574 2027 1813 2065 continenti-51
1831 2027 1871 2065 in

466 2092 505 2130 in
529 2093 631 2130 victu
651 2091 760 2130 omni
780 2100 895 2144 atque
914 2091 1038 2136 cultu,
1070 2093 1240 2145 corporis
1261 2092 1393 2130 tuendi
1413 2092 1521 2131 cauffi
1539 2111 1550 2137 ;
1582 2103 1619 2131 et
1641 2093 1870 2146 praetermit-

467 2157 592 2195 tendis
613 2157 875 2210 voluptatibus
893 2175 903 2201 ;
927 2157 1131 2209 postremo,
1152 2167 1230 2195 arte
1250 2170 1398 2202 eorum,
1419 2171 1587 2211 quorum
1609 2159 1653 2196 ad
1675 2158 1872 2197 scientiam

466 2222 547 2261 haec
569 2223 774 2276 pertinent.
805 2224 881 2261 Res
898 2234 1027 2262 autem
1048 2223 1246 2262 familiaris
1263 2225 1381 2277 quaeri
1402 2225 1515 2263 debet
1535 2226 1580 2264 iis
1602 2225 1727 2270 rebus,
1745 2239 1764 2263 a
1780 2226 1871 2278 qui-

467 2290 538 2327 bus
556 2289 655 2327 abest
677 2290 900 2341 turpitudo,
933 2289 1142 2328 conservari
1163 2300 1292 2329 autem
1323 2291 1525 2344 diligentia
1556 2301 1593 2329 et
1614 2291 1842 2344 parsimonia
1860 2310 1869 2336 ;

467 2355 602 2395 iisdem
635 2356 749 2394 ctiam
783 2356 894 2393 rebus
925 2357 1068 2408 augeri.
1117 2357 1198 2396 Has
1226 2369 1280 2396 res
1310 2357 1619 2396 commodiffimc
1651 2357 1870 2410 Xenophon

470 2421 684 2459 Socraticus
707 2420 924 2474 persecutus
954 2422 1005 2460 cst
1026 2423 1065 2460 in
1088 2436 1134 2460 eo
1155 2422 1266 2467 libro,
1300 2423 1369 2475 qui
1389 2423 1670 2461 OEconomicus
1694 2423 1764 2460 inst
1776 2423 1870 2460 ribi-

469 2496 558 2531 tur;
590 2499 709 2539 quern
731 2500 813 2531 nos,
848 2487 911 2524 ista
933 2486 1009 2525 scre
1029 2498 1135 2526 aetate
1154 2501 1246 2527 cum
1266 2487 1441 2535 essemus,
1473 2502 1548 2543 qua
1574 2502 1611 2527 es
1634 2499 1674 2528 tu
1705 2501 1821 2533 nunc,
1849 2502 1872 2526 e

466 2554 606 2592 Graeco
629 2553 666 2592 in
690 2553 874 2592 Latinum
896 2555 1170 2594 convertimus.
