2223 3003
534 299 615 342 3²0
864 280 969 319 DE
1028 277 1608 317 SENECTUTE.

532 397 733 438 nunquam
763 381 798 420 se
827 379 905 434 ipse
931 379 977 418 fit
995 379 1210 417 relieturus.
1244 378 1311 423 Et,
1342 391 1436 416 cum
1466 378 1629 431 fimplex
1656 377 1777 417 animi
1807 388 1939 421 natura

525 452 632 496 esset,
664 460 789 500 neque
808 445 965 484 haberet
983 445 1025 484 in
1052 444 1087 483 se
1107 444 1323 497 quidquam
1343 443 1551 483 admistum
1581 443 1706 497 dispar
1725 443 1795 490 sui,
1824 455 1940 498 atque

531 515 725 560 diffimile,
760 526 839 551 non
869 510 971 566 posse
1000 525 1095 550 eum
1113 511 1264 549 dividi:
1296 510 1448 564 quodsi
1469 525 1546 549 non
1567 510 1693 564 possit,
1725 524 1803 549 non
1836 511 1940 565 poffe

527 582 711 621 interire:
743 591 963 632 magnoque
982 577 1053 616 effe
1073 588 1315 631 argumento,
1342 576 1521 616 homines
1542 577 1635 616 scire
1654 577 1835 631 pleraque
1853 587 1942 617 ante

529 661 651 701 quam
670 647 750 686 nati
770 647 858 691 sint,
890 644 996 698 quod
1009 645 1093 697 jam
1113 645 1235 698 pueri,
1267 658 1361 683 cum
1381 654 1476 683 artes
1497 644 1674 683 difficiles
1695 644 1855 690 discant,
1888 644 1943 683 ita

528 714 702 753 celeriter
728 726 788 752 res
819 711 1120 750 innumerabiles
1151 711 1347 764 arripiant,
1383 720 1428 750 ut
1447 725 1506 750 eas
1537 721 1731 762 non—tum
1766 711 1941 764 primum

528 781 702 834 accipere
731 779 946 823 videantur,
974 777 1040 816 sed
1077 777 1273 816 reminisci
1306 787 1346 817 et
1382 778 1584 818 recordari.
1629 778 1729 817 Haec
1768 777 1942 817 Platonis

529 846 623 886 fere.
988 844 993 848 ’

585 912 721 952 ΧΧῙΙ.
752 910 874 963 Apud
893 908 1198 963 Xenophontem
1216 918 1347 948 autem
1366 911 1535 949 moriens
1555 911 1680 963 Cyrus
1715 913 1838 964 major
1857 910 1939 950 haec

526 979 650 1024 dicit;
683 985 711 1002 “
732 977 871 1016 Nolite
889 976 1078 1022 arbitrari,
1107 976 1133 1015 ὃ
1152 975 1255 1015 mihi
1273 976 1454 1016 cariffimi
1473 976 1560 1022 filii,
1579 990 1657 1022 me,
1678 990 1770 1016 cum
1790 991 1811 1015 a
1829 978 1940 1016 vobis

531 1053 561 1070 “
581 1043 791 1090 discessero,
813 1043 1019 1096 nusquam,
1040 1051 1107 1081 aut
1126 1043 1297 1088 nullum,
1327 1042 1409 1082 fore
1427 1058 1436 1082 ι
1469 1056 1541 1081 nec
1568 1043 1689 1088 enim,
1720 1043 1817 1082 dum
1835 1056 1941 1082 eram

528 1118 560 1135 “
580 1110 798 1156 vobiscum,
816 1109 996 1148 animum
1016 1121 1151 1147 meum
1171 1109 1384 1155 videbatis;
1415 1109 1478 1148 sed
1497 1123 1589 1148 eum
1604 1108 1676 1147 effe
1697 1109 1738 1147 in
1756 1107 1833 1147 hoc
1853 1122 1940 1147 cor-

527 1183 561 1200 “
580 1189 688 1229 pore,
708 1189 757 1214 ex
777 1175 823 1214 iis
844 1175 972 1220 rebus,
1003 1187 1098 1227 quas
1117 1175 1314 1227 gerebam,
1335 1175 1611 1228 intelligebatis
1629 1189 1639 1214 :
1670 1174 1839 1213 eundem
1863 1173 1942 1228 igi-

528 1249 562 1267 “
581 1242 653 1281 effe
671 1242 872 1287 creditote‚
893 1241 1011 1280 etiarn
1029 1241 1056 1279 fi
1078 1240 1235 1280 nullum
1254 1241 1452 1280 videbitis.

579 1315 616 1332 ·“
637 1309 725 1347 Nec
755 1321 844 1347 vero
877 1308 1070 1347 clarorum
1101 1307 1274 1346 virorum
1304 1307 1388 1360 post
1414 1316 1583 1346 mortem
1601 1304 1767 1345 honores
1787 1318 1940 1359 perma-

524 1381 560 1400 ‘“
581 1383 731 1420 nerent,
763 1374 790 1412 si
821 1373 921 1413 nihil
951 1387 1088 1412 eorum
1118 1373 1292 1426 ipsorum
1313 1374 1434 1413 animi
1454 1373 1663 1419 efficerent,
1695 1386 1774 1426 quo
1794 1373 1942 1411 diutius

528 1448 560 1466 “
582 1441 812 1480 memoriam
833 1440 889 1478 sui
915 1449 1146 1479 teneremus.
1189 1439 1299 1479 Mihi
1319 1440 1480 1493 quidem
1499 1453 1701 1493 nunquam
1730 1439 1942 1492 persuaderi

530 1514 561 1531 “
581 1508 725 1559 potuit,
751 1507 916 1551 animos,
947 1507 1045 1544 dum
1064 1506 1105 1543 in
1125 1506 1352 1558 corporibus
1371 1505 1489 1544 essent
1508 1505 1754 1550 mortalibus,
1785 1505 1911 1543 vivere
1925 1524 1940 1551 ;

529 1581 560 1598 “
581 1586 675 1611 cum
694 1571 854 1611 exissent
884 1585 932 1610 ex
962 1572 1024 1616 iis,
1059 1572 1210 1610 emori:
1241 1585 1314 1610 nec
1333 1585 1423 1611 vero
1442 1581 1529 1610 tum
1548 1572 1726 1611 animum
1746 1570 1819 1610 effe
1847 1572 1941 1611 infi-

530 1647 561 1664 “
581 1639 767 1692 pientem‚
799 1651 892 1676 cum
910 1650 958 1676 ex
987 1637 1183 1690 insipienti
1202 1650 1361 1691 corpore
1386 1636 1550 1676 evasisset
1565 1655 1578 1682 ς
1609 1636 1672 1675 sed
1690 1651 1797 1683 cum,
1832 1638 1943 1676 omni

529 1713 560 1730 “
580 1705 820 1744 admixtione
839 1705 1010 1758 corporis
1041 1704 1237 1750 liberatus,
1270 1718 1390 1758 purus
1420 1714 1458 1743 et
1483 1705 1634 1758 integer
1662 1704 1735 1743 effe
1754 1705 1941 1759 coepiffet,

528 1779 559 1796 “
581 1781 667 1811 tum
688 1771 760 1810 effe
780 1771 1003 1824 sapientem.
1046 1772 1179 1823 Atque
1199 1771 1331 1817 etiam,
1352 1784 1447 1810 cum
1465 1768 1638 1810 hominis
1659 1780 1793 1810 natura
1818 1782 1943 1811 morte

527 1845 559 1861 “
581 1837 809 1882 dissolvitur,
841 1846 1066 1874 caeterarum
1105 1850 1249 1882 rerum,
1280 1837 1528 1891 perspicuum
1562 1837 1629 1883 est,
1667 1851 1747 1890 quo
1779 1851 1942 1891 quaeque

527 1909 559 1926 “
581 1902 805 1945 discedant;
837 1902 980 1939 abeunt
997 1902 1103 1939 enim
1125 1902 1218 1939 illuc
1239 1903 1384 1947 omnia,
1415 1902 1518 1940 unde
1537 1912 1619 1941 orta
1639 1903 1727 1941 sunt
1745 1918 1754 1941 :
1787 1904 1940 1942 animus

529 1977 559 1993 “
582 1978 711 2006 autem
732 1968 832 2007 solus
853 1981 939 2013 nec,
969 1981 1063 2005 cum
1083 1967 1198 2012 adest,
1230 1981 1314 2013 nec,
1336 1982 1430 2006 cum
1449 1967 1623 2014 discedit,
1644 1978 1811 2022 apparet.
1852 1971 1942 2020 Jam

530 2041 560 2058 “
581 2047 670 2072 vero
703 2033 839 2072 videtis
854 2062 865 2078 ,
897 2031 998 2071 nihil
1033 2031 1103 2071 effe
1136 2034 1254 2072 morti
1294 2042 1374 2072 tam
1406 2033 1530 2072 simile
1544 2063 1554 2079 ,
1588 2047 1708 2086 quam
1743 2034 1938 2074 somnum.

529 2107 559 2124 “
581 2099 707 2152 Atqui
755 2099 1037 2137 dormientium
1080 2099 1201 2138 animi
1250 2100 1421 2139 maxime
1463 2099 1658 2139 declarant
1695 2100 1941 2140 divinitatem

529 2174 558 2191 “
580 2166 685 2204 suam
704 2181 713 2205 :
746 2165 870 2204 multa
889 2166 1010 2211 enim,
1042 2178 1134 2204 cum
1156 2166 1297 2205 remiffi
1316 2176 1354 2205 et
1374 2167 1486 2205 liberi
1507 2166 1608 2211 sunt,
1641 2165 1771 2205 futura
1790 2167 1939 2220 prospi-

526 2236 557 2253 “
579 2228 702 2266 ciunt.
750 2228 811 2266 Ex
843 2241 922 2280 quo
953 2227 1198 2280 intelligitur,
1231 2227 1362 2281 quales
1388 2227 1511 2266 futuri
1531 2228 1619 2274 fint,
1650 2242 1742 2267 cum
1763 2228 1799 2267 se
1825 2228 1939 2281 plane

528 2303 558 2319 “
581 2295 750 2347 corporis
771 2294 937 2333 vinculis
959 2295 1223 2334 relaxaverint.
1256 2296 1402 2348 Qare,
1434 2295 1460 2334 si
1487 2294 1568 2334 haec
1595 2296 1647 2334 ita
1667 2295 1768 2340 sunt,
1799 2294 1849 2332 fic
1878 2309 1941 2333 me
1986 2319 1990 2326 ·

527 2360 739 2407 “,colitote
761 2370 804 2398 ut
825 2361 979 2399 Deum:
1014 2361 1066 2399 sm
1088 2375 1162 2399 una
1181 2361 1234 2400 cst
1252 2362 1476 2400 interiturus
1503 2362 1656 2400 animus
1676 2375 1768 2399 cum
1798 2374 1939 2413 corpo-

525 2434 559 2452 “
580 2440 630 2472 re,
664 2441 730 2465 vos
763 2436 890 2465 tamen
911 2427 1016 2466 Deos
1037 2437 1221 2474 verentes,
1253 2428 1321 2481 qui
1354 2426 1453 2467 hanc
1479 2442 1639 2467 omnem
1673 2426 1938 2481 pulchritudi-

526 2501 559 2519 “
582 2507 672 2532 nem
712 2504 868 2532 tuentur
906 2505 944 2533 ct
984 2505 1136 2548 regunt,
1168 2495 1399 2535 memoriam
1435 2495 1550 2535 nostri
1585 2496 1645 2549 pic
1679 2494 1941 2547 inviolateque

528 2568 558 2585 “
581 2560 791 2601 servabitis.
825 2564 949 2614 Cyrus
971 2563 1131 2614 quidem
1151 2562 1232 2602 haec
1253 2563 1435 2603 moriens.
1479 2563 1578 2608 Nos,
1603 2563 1627 2602 s1
1656 2563 1794 2617 placet,
1816 2561 1940 2601 nostra

526 2627 742 2668 videamus.
