2223 3003
683 288 960 329 LIBER
1017 283 1442 331 TERTIUS.
1697 294 1780 345 287

371 386 484 427 senex
512 386 700 441 captivus,
730 389 902 441 perjurus
930 387 1136 427 consularis
1167 387 1408 427 remansisset.
1467 389 1522 427 At
1546 388 1672 436 stulte,
1703 392 1772 444 qui

371 468 451 493 non
485 454 604 493 modo
637 468 715 493 non
748 454 936 492 censuerit
977 455 1146 507 captivos
1180 455 1449 500 remittendos,
1484 469 1619 494 verum
1655 458 1774 496 etiam

371 519 590 558 diffuaserit.
621 519 833 572 Qomodo
851 518 964 556 stulte
983 520 996 556 ?
1027 519 1193 557 etiamne
1213 520 1239 557 fi
1260 520 1479 573 reipublicae
1501 523 1739 562 conducebat
1756 524 1770 560 ?

372 586 499 625 Potest
518 595 661 631 autem,
693 585 799 636 quod
817 584 954 623 inutile
974 585 1195 638 reipublicae
1214 585 1274 632 fit,
1306 587 1346 624 id
1372 587 1554 641 cuiquam
1574 589 1651 630 civi
1677 590 1772 629 utile

371 651 441 689 effe
457 652 470 688 ?

425 716 621 755 XXVIII.
652 715 877 753 Pervertunt
896 714 1076 753 homines
1097 727 1152 760 ea,
1174 729 1260 768 quae
1280 715 1367 755 sunt
1386 716 1638 758 fundamenta
1658 731 1771 761 natu-

370 795 433 827 rae,
454 795 547 820 cum
567 780 777 819 utilitatem
795 781 843 819 ab
863 779 1057 819 honestate
1075 779 1281 834 sejungunt
1299 796 1308 820 ε
1340 796 1474 821 omnes
1494 785 1600 823 enirn
1620 789 1778 840 expeti--

368 861 459 886 mus
475 847 697 892 utilitatem,
718 846 765 884 ad
784 859 945 900 eamque
965 847 1150 900 rapimur,
1181 861 1252 886 nec
1273 846 1395 886 facere
1425 849 1534 888 aliter
1553 851 1635 890 ullo
1655 853 1773 893 modo

367 912 589 965 poffurnus:
620 925 711 951 nam
731 912 817 965 quis
839 912 905 957 est,
938 913 1006 965 qui
1026 913 1137 951 utilia
1155 911 1308 965 fugiat?
1338 923 1404 952 aut
1423 916 1508 967 quis
1528 916 1673 969 potiuS,
1703 920 1773 971 qui

367 990 409 1015 ea
428 992 506 1017 non
526 977 787 1016 studiofiffime
809 978 1061 1031 ‘persequatur
1079 979 1092 1015 ?
1124 979 1209 1023 Sed,
1232 979 1323 1031 quia
1348 979 1538 1032 nusquam
1557 983 1770 1034 poffumuS,

367 1044 436 1082 nifi
457 1045 498 1082 in
513 1045 637 1089 laude,
656 1044 806 1089 decore,
822 1043 1016 1083 honestate
1035 1044 1144 1082 utilia
1164 1045 1337 1098 reperire,
1354 1055 1551 1099 propterea
1566 1048 1632 1086 illa
1645 1051 1781 1102 prima-

367 1119 405 1148 et
425 1110 576 1148 summa
590 1109 777 1149 habemus
789 1128 802 1155 5
825 1109 1002 1149 utilitatis
1022 1123 1166 1148 nomen
1185 1123 1264 1149 non
1285 1119 1364 1150 tam
1377 1111 1634 1165 splendidum,
1651 1129 1771 1167 quam

367 1175 629 1221 necessarium,
651 1176 846 1215 ducimus.

422 1243 532 1294 Qid
562 1243 615 1281 est
642 1243 775 1295 igitur,
806 1242 946 1282 dixerit
977 1244 1078 1296 quis,
1113 1243 1155 1282 in
1182 1245 1460 1298 jurejurando?
1501 1257 1598 1284 num
1628 1247 1780 1286 iratum·

364 1308 550 1347 timemus
571 1308 738 1359 Jovem?
769 1311 826 1348 At
850 1309 927 1348 hoc
947 1311 1106 1362 quidem
1125 1323 1336 1349 commune
1366 1312 1418 1349 est
1437 1312 1618 1350 omnium
1637 1312 1770 1365 philo-

365 1373 589 1428 sophorum,
619 1390 697 1414 non
727 1389 863 1415 eorum
896 1376 1029 1421 modo,
1067 1377 1136 1429 qui
1168 1377 1302 1415 Deum
1336 1376 1437 1415 nihil
1471 1377 1609 1416 habere
1643 1379 1780 1432 ipsum·

365 1441 512 1494 negotii
531 1441 681 1487 dicunt,
712 1451 750 1479 et
779 1440 880 1480 nihil
910 1440 1093 1480 exhibere
1123 1441 1245 1487 alteri,
1281 1442 1343 1480 sed
1372 1456 1507 1482 eorum
1537 1444 1669 1489 etiam,
1701 1446 1770 1498 qui

366 1507 499 1545 Deum
530 1507 676 1559 semper
705 1520 815 1559 agere
844 1508 1006 1559 aliquid,
1047 1516 1085 1545 et
1114 1507 1244 1546 moliri
1275 1508 1426 1554 volunt,
1463 1523 1665 1562 nunquam
1696 1523 1768 1548 nec

366 1573 473 1611 irasci
494 1573 642 1618 Deum,
664 1585 734 1610 nec
761 1585 912 1611 nocere.
945 1573 1055 1624 Qid
1074 1572 1204 1611 autem'
1224 1573 1340 1611 iratus
1359 1575 1512 1627 Jupiter
1527 1575 1614 1627 plus
1635 1589 1772 1615 nocere

366 1638 560 1692 potuiffet,
582 1651 702 1691 quam
722 1639 857 1676 nocuit
887 1637 955 1676 fibi
986 1638 1063 1690 ipse
1084 1638 1258 1690 Regulus
1279 1639 1292 1675 ?
1324 1639 1447 1676 Nulla
1478 1640 1597 1692 igitur
1616 1641 1672 1679 vis
1692 1641 1770 1681 fuit

366 1705 579 1758 religionis,
610 1718 694 1757 quae
725 1712 872 1742 tantam
903 1703 1112 1741 utilitatem
1142 1713 1395 1756 praeverteret.
1440 1707 1506 1743 An
1536 1719 1583 1743 ne
1609 1709 1771 1760 turpiter

365 1770 507 1809 faceret
530 1772 543 1808 ?
575 1770 770 1816 Primum,
811 1769 975 1808 minima
993 1769 1039 1807 de
1058 1769 1185 1807 malis.
1229 1769 1343 1808 Num
1363 1770 1483 1822 igitur
1502 1780 1653 1810 tantum
1675 1773 1770 1812 mali

367 1837 568 1890 turpitudo
597 1836 666 1876 ista
694 1835 874 1882 habebat,
905 1844 1095 1889 quantum
1125 1835 1190 1874 ille
1216 1836 1441 1875 cruciatus?
1483 1837 1636 1876 Deinde
1670 1839 1778 1878 illud⁴

365 1903 483 1942 etiarn
503 1903 603 1956 apud
622 1904 807 1950 Accium,

502 1971 540 2009 F
540 1969 662 2025 reggsti
661 1970 786 2023 fidan.
818 1970 945 2023 Neque
962 1969 1052 2016 dedi,
1082 1984 1190 2024 neque
1208 1969 1250 2009 do
1269 1969 1402 2023 irfideli
1415 1971 1592 2024 cuiquam,

365 2049 590 2089 quanquam
610 2037 657 2075 ab
677 2037 802 2089 impio
821 2050 909 2089 rege
928 2037 1084 2081 dicitur,
1107 2036 1301 2075 luculente
1320 2046 1447 2074 tamen
1465 2036 1623 2075 dicitur.

420 2101 585 2140 Addunt
603 2102 733 2147 etiam,
764 2102 1095 2155 quemadmodum
1127 2116 1196 2141 nos
1221 2103 1410 2145 dicamus,
1442 2101 1561 2138 videri
1592 2102 1768 2153 quaedarn

367 2167 490 2213 utilia,
522 2181 606 2220 quae
632 2181 709 2206 non
729 2168 802 2206 fint
817 2186 829 2213 ς
861 2168 911 2206 fic
932 2167 967 2205 se
986 2168 1125 2212 dicere,
1146 2167 1266 2204 videri
1286 2166 1461 2218 quaedam
1482 2165 1650 2212 honesta,
1682 2182 1768 2220 quae

365 2247 444 2272 non
476 2233 547 2271 fint
565 2248 574 2271 ι
606 2242 650 2271 ut
680 2232 755 2270 hoc
776 2232 903 2285 ipsum
923 2232 1074 2270 videtur
1092 2231 1311 2275 honestum,
1343 2230 1588 2270 conservandi
1602 2234 1767 2287 jurisju-

365 2300 475 2338 randi
494 2299 602 2337 causa
620 2298 666 2336 ad
686 2298 899 2336 cruciatum
920 2296 1107 2335 revertisse
1123 2315 1135 2341 ς
1166 2297 1228 2334 sed
1248 2296 1292 2334 fit
1313 2310 1390 2334 non
1410 2296 1629 2343 honestum,
1662 2301 1765 2352 quia,

366 2365 472 2417 quod
491 2379 557 2418 per
575 2365 657 2402 vim
677 2363 847 2402 hostium
868 2362 955 2401 esset
974 2365 1118 2406 actum,
1150 2371 1275 2400 ratum
1294 2362 1363 2400 effe
1383 2376 1460 2400 non
1481 2363 1630 2403 debuit.
1679 2367 1766 2404 Ad-

368 2429 465 2468 dunt
485 2430 616 2475 etiam,
639 2429 832 2482 quidquid
862 2428 969 2467 valde
990 2428 1083 2466 utile
1103 2427 1160 2472 fit,
1191 2427 1231 2465 id
1251 2427 1332 2465 fieri
1352 2426 1570 2474 honestum,
1603 2431 1718 2468 etiam
1739 2431 1766 2469 fi

368 2503 476 2531 antea
494 2508 571 2533 non
592 2495 797 2534 videretur.
835 2495 932 2534 Haec
952 2493 1030 2533 fere
1049 2502 1182 2532 contra
1200 2493 1415 2546 Regulum.
1461 2495 1533 2532 Sed
1561 2496 1687 2548 prima
1705 2497 1766 2533 vi-

368 2559 538 2598 deamus.

422 2625 554 2665 XXV.
586 2625 680 2666 Non
710 2625 786 2666 fuit
815 2627 967 2681 Jupiter
996 2625 1240 2672 metuendus,
1272 2639 1319 2665 ne
1338 2627 1454 2666 iratus
1475 2636 1628 2665 noceret
1643 2644 1656 2672 5
1697 2626 1767 2679 qui
