2223 3003
702 291 1301 331 FRAGMENTA.
1630 310 1705 350 39,-

309 387 457 427 dilatari
476 386 581 425 velit.
614 387 687 440 Ipsi
709 398 852 434 autem,
875 390 942 442 qui
963 389 1009 427 de
1027 391 1133 429 vobis
1153 391 1379 444 loquuntur,
1404 406 1522 445 quam
1543 393 1706 446 loquen-

309 463 373 492 tur
392 454 459 491 diu
478 454 491 490 ?

350 519 444 557 VII.
477 520 585 571 Qin
602 520 731 564 etiam,
752 519 778 557 fi
799 520 930 573 cupiat
949 521 1072 573 proles
1094 522 1160 559 illa
1177 522 1397 561 futurorum
1415 523 1621 563 hominum
1639 525 1706 563 de-

309 585 441 638 inceps
463 586 590 623 laudes
621 585 917 637 uniuscujusque
936 586 1107 624 nostrum
1128 601 1147 624 a
1168 589 1338 639 patribus
1360 599 1530 642 acceptas
1553 591 1707 643 posteris

308 651 491 703 prodere;
524 660 653 688 tamen
684 659 840 702 propter
858 651 1053 689 eluviones
1079 653 1365 706 exustionesque
1386 664 1583 701 terrarum,
1615 670 1708 709 quas

309 717 477 754 accidere
497 725 670 768 tempore
689 725 792 754 certo
812 716 953 754 neceffe
972 717 1038 762 est,
1074 730 1152 756 non
1173 719 1290 756 modo
1316 732 1392 757 non
1424 731 1616 767 aeternam,
1649 723 1709 760 sed

309 795 358 820 ne
377 783 599 820 diuturnam
619 781 794 834 quidem,
826 782 989 834 gloriam
1015 782 1155 836 ass'equi
1186 783 1397 837 poffumus.
1444 786 1552 837 Qid
1581 797 1711 827 autem

308 848 476 893 interest,
512 848 558 886 ab
578 848 639 892 iis,
662 848 730 900 qui
749 848 875 900 postea
902 848 1115 893 nascentur,
1143 849 1359 888 sermonem
1377 850 1459 890 fore
1479 852 1526 890 de
1547 862 1597 898 te,
1618 867 1710 892 cum

309 913 356 952 ab
376 914 422 952 iis
444 913 574 952 nullus
594 912 724 958 fuerit,
746 914 815 966 qui
835 922 920 951 ante
939 915 1019 952 nati
1040 914 1124 959 suit,
1143 916 1211 967 qui
1232 929 1302 954 nec
1322 917 1534 969 paucioreS,
1555 928 1593 956 et
1610 929 1711 958 certe

310 979 505 1024 meliores,
527 979 684 1018 fuerunt
704 980 776 1017 viri
795 981 808 1016 ?
839 993 930 1018 cum
952 980 1158 1034 praesertim
1179 982 1278 1034 apud
1299 996 1361 1021 eos
1382 983 1496 1036 ipsm,
1527 998 1548 1022 a
1568 986 1710 1037 quibus

309 1046 432 1084 audiri
453 1059 595 1085 nomen
616 1046 787 1084 nostrum
808 1047 944 1100 potest,
978 1061 1094 1086 nemo
1114 1049 1228 1086 unius
1250 1050 1339 1087 anni
1365 1051 1594 1090 memoriam
1615 1066 1710 1091 con—

309 1113 415 1166 sequi
434 1113 546 1165 poffit
563 1128 572 1151 :
604 1112 783 1152 homines
803 1114 908 1152 enirn
931 1115 1163 1167 populariter
1183 1128 1328 1154 annum
1358 1118 1631 1157 tantummodo
1650 1119 1711 1158 so-

309 1178 372 1223 lis,
395 1178 435 1216 id
465 1179 530 1223 est,
553 1178 666 1217 unius
697 1178 796 1223 astri,
832 1178 956 1216 reditu
977 1180 1218 1218 metiuntur:
1251 1193 1344 1219 cum
1370 1190 1499 1220 autem
1525 1183 1571 1220 ad
1592 1183 1710 1229 idem,

309 1244 412 1282 unde
431 1244 545 1283 semel
560 1243 729 1297 profecta
744 1244 843 1290 sunt,
861 1246 999 1283 cuncta
1018 1245 1110 1283 astra
1129 1246 1323 1292 redierint,
1337 1247 1575 1301 eandemque
1595 1250 1713 1288 totius

309 1309 394 1348 caeli
414 1309 711 1362 descriptionem
732 1310 858 1362 longis
878 1311 1087 1349 intervallis
1105 1311 1317 1356 retulerint,
1337 1321 1423 1350 tum
1441 1313 1508 1350 ille
1526 1326 1612 1351 vere
1628 1328 1713 1353 ver-

309 1384 394 1414 tens
428 1389 550 1414 annus
585 1376 766 1429 appellari
799 1376 945 1429 potest:
978 1377 1018 1414 in
1049 1389 1142 1429 quo,
1174 1377 1239 1415 vix
1269 1377 1395 1416 dicere
1425 1377 1560 1423 audeo,
1595 1392 1714 1431 quam

310 1442 435 1479 multa
454 1441 578 1479 secula
597 1440 806 1480 hominum
828 1450 1041 1480 teneantur.
1074 1442 1274 1493 Namque,
1302 1452 1345 1481 ut
1363 1443 1462 1482 olim
1482 1443 1641 1483 deficere
1660 1445 1714 1483 sol

310 1505 539 1545 hominibus
559 1506 812 1557 extinguique
839 1506 939 1543 visus
960 1506 1026 1550 est,
1060 1519 1153 1544 cum
1174 1507 1338 1545 Romuli
1359 1508 1510 1546 animus
1529 1507 1612 1547 haec
1638 1510 1716 1563 ipsa

311 1574 352 1611 in
373 1573 518 1625 templa
532 1572 743 1625 penetravit
758 1590 771 1616 5
803 1572 855 1609 ita
886 1571 1114 1625 quandoque
1134 1572 1268 1610 eadem
1287 1582 1392 1626 parte
1411 1574 1479 1619 sol,
1500 1575 1716 1628 eodemque

312 1648 487 1691 tempore
508 1639 650 1676 iterum
670 1636 865 1683 defecerit,
902 1646 988 1676 tum
1009 1637 1122 1691 fignis
1153 1639 1336 1678 omnibus
1357 1640 1403 1677 ad
1434 1640 1538 1678 idem
1567 1641 1714 1693 princi-

313 1705 439 1757 pium,
461 1703 651 1756 stellisque
671 1704 868 1748 revocatis,
903 1705 1103 1756 expletum
1123 1718 1268 1743 annum
1289 1704 1430 1744 habeto
1448 1721 1456 1744 :
1488 1704 1604 1757 hujus
1624 1707 1714 1758 qui-

312 1771 402 1808 dem
423 1771 512 1808 anni
534 1770 707 1808 nondum
728 1770 947 1808 vicefimam
967 1780 1114 1822 partem
1132 1769 1226 1808 scito
1247 1771 1318 1809 effe
1345 1771 1576 1809 conversam.
1598 1773 1717 1823 Qo-

313 1838 426 1882 circa,
459 1837 483 1874 fi
504 1836 671 1874 reditum
692 1837 732 1874 in
752 1835 858 1875 hunc
878 1837 1011 1875 locum
1032 1836 1296 1889 desperaveris,
1319 1837 1359 1875 in
1378 1850 1458 1890 quo
1477 1838 1610 1875 omnia
1630 1838 1716 1876 sunt

313 1902 464 1954 magnis
495 1910 533 1939 et
567 1901 828 1954 praestantibus
858 1902 947 1939 viris
963 1920 976 1946 ;
1008 1902 1144 1954 quanti
1166 1901 1322 1939 tandem
1348 1902 1400 1939 est
1422 1902 1488 1940 ista
1506 1900 1716 1941 hominum

312 1967 447 2020 gloria,
469 1981 554 2020 quae
574 1967 764 2019 pertinere
782 1967 847 2006 vix
866 1967 912 2005 ad
933 1967 1046 2005 unius
1071 1967 1160 2005 anni
1181 1975 1329 2020 partem
1360 1968 1539 2020 exiguam
1562 1967 1683 2020 potest
1701 1969 1715 2004 ?

315 2033 441 2085 Igitur
460 2033 534 2070 alte
554 2032 715 2085 speftare
746 2033 772 2070 fi
793 2032 911 2077 voles,
944 2041 1056 2085 atque
1086 2032 1185 2070 hanc
1206 2032 1346 2077 sedem,
1381 2041 1419 2070 et
1440 2042 1617 2070 aeternam
1644 2032 1716 2069 do-

315 2112 426 2137 mum
448 2099 648 2143 contueri;
679 2112 804 2151 neque
836 2108 872 2136 te
893 2098 1130 2136 sermonibus
1152 2098 1258 2149 vulgi
1280 2098 1439 2142 dederis,
1461 2111 1532 2136 nec
1558 2097 1598 2136 in
1618 2111 1716 2150 prae-

316 2165 405 2203 miis
426 2163 607 2202 humanis
628 2164 732 2215 spem
752 2164 919 2216 posueris
940 2177 1067 2201 rerum
1089 2172 1266 2206 tuarum;
1300 2162 1374 2201 suis
1396 2172 1431 2201 te
1452 2172 1602 2216 oportet
1628 2163 1716 2201 ille-

315 2230 438 2268 cebris
459 2229 536 2282 ipsa
556 2228 676 2266 virtus
697 2227 820 2266 trahat
840 2227 886 2265 ad
907 2241 1039 2265 verum
1061 2227 1189 2265 decus.
1215 2228 1323 2278 Qid
1342 2228 1389 2266 de
1411 2237 1446 2266 te
1466 2229 1530 2266 alii
1549 2229 1716 2281 loquan-

315 2303 392 2340 tur,
413 2295 482 2348 ips1
503 2295 678 2339 videant;
711 2294 771 2332 sed
791 2295 998 2347 loquentur
1019 2303 1160 2331 tamen.
1205 2296 1338 2332 Sermo
1357 2304 1486 2333 autem
1506 2295 1633 2333 omnis
1654 2295 1718 2333 ille

317 2370 356 2399 et
375 2361 555 2413 angustiis
576 2362 746 2414 cingitur
779 2362 825 2400 iis
846 2361 1065 2413 regionum,
1101 2373 1193 2412 quas
1214 2360 1316 2399 vides
1336 2379 1346 2405 3
1380 2375 1447 2399 nec
1470 2375 1643 2414 unquam
1672 2361 1718 2400 de

317 2426 398 2464 ullo
418 2415 592 2479 perennis
614 2427 718 2473 fuit;
749 2438 787 2466 et
817 2428 993 2466 obruitur
1015 2425 1222 2466 hominum
1243 2427 1429 2473 interitu,
1462 2438 1499 2467 et
1522 2428 1717 2467 oblivione

318 2491 543 2546 posteritatis
563 2495 817 2547 extinguitur.

373 2558 488 2597 Vm.
520 2559 618 2611 Qae
637 2573 730 2598 cum
756 2559 918 2606 dixisset,
950 2561 1035 2613 Ego
1066 2573 1167 2607 vero,
1200 2560 1373 2613 inquam,
1408 2561 1433 2599 ὁ
1465 2559 1660 2605 Africane,
1693 2559 1717 2597 fi

1245 2627 1282 2664 D
1304 2626 1327 2664 d
1349 2626 1372 2663 d
1396 2639 1416 2664 2
