2223 3003
427 176 475 215 88
714 176 815 214 DE
873 173 1520 214 DIVINATIONE

423 273 524 312 nihil
543 273 654 326 poffit
673 272 742 310 efie
758 269 1048 321 contemptius?
1080 270 1170 308 Hoc
1190 271 1276 309 loco
1295 284 1386 308 cum
1406 275 1604 323 urgentur,
1625 271 1812 311 evanuisse

421 341 528 378 aiunt
556 338 735 377 vetustate
765 336 844 373 vim
872 335 947 372 loci
978 335 1072 385 ejus,
1110 335 1209 372 unde
1239 334 1429 372 anhelitus
1460 335 1526 373 ille
1553 345 1658 374 terrae
1687 337 1808 382 fieret,

421 417 500 456 quo
520 402 670 453 Pythia,
699 409 828 438 mente
858 399 1026 444 incitata,
1052 399 1203 437 oracula
1221 399 1360 437 ederet.
1403 401 1465 438 De
1485 401 1588 445 vino,
1619 409 1684 438 aut
1704 401 1811 439 salsa-

422 478 554 507 mento
571 476 680 519 putes
712 465 834 518 loqui,
864 479 949 517 quae
981 465 1208 504 evanescunt
1227 466 1422 504 vetustate.
1466 467 1528 504 De
1560 467 1597 504 vi
1627 466 1702 505 loci
1728 467 1811 519 agi-

421 543 496 578 tur,
529 545 652 584 neque
682 531 806 569 solum
827 530 1003 574 naturali,
1034 530 1094 568 sed
1113 531 1230 569 etiam
1250 531 1405 575 divina;
1436 545 1520 583 quae
1547 545 1625 584 quo
1657 532 1811 570 tandem

419 598 538 637 modo
556 597 739 635 evanuit?
770 595 977 640 Vetustate,
1012 595 1176 648 inquies.
1219 597 1317 648 Qae
1337 596 1496 635 vetustas
1526 597 1590 641 est,
1625 611 1710 649 quae
1729 597 1811 634 vim

419 664 589 701 divinam
615 661 802 700 conficere
833 661 974 713 poffit?
1006 661 1114 712 Qid
1136 670 1214 699 tam
1234 661 1411 700 divinum
1431 672 1575 707 autem,
1606 675 1724 714 quam
1749 660 1809 700 af-

418 729 529 768 flatus
550 743 597 767 ex
618 737 712 766 terra
731 737 904 765 mentem
923 728 975 765 ita
995 740 1167 772 movens,
1198 737 1241 765 ut
1259 741 1341 765 eam
1371 727 1569 780 providam
1595 741 1723 765 rerum
1742 726 1811 765 fu-

418 803 591 832 turarum
611 793 765 836 efficiat,
795 801 838 830 ut
856 805 899 829 ea
926 805 1003 830 non
1022 793 1140 830 modo
1159 801 1287 829 cernat
1317 792 1443 830 multo
1472 802 1572 837 ante,
1604 792 1665 830 sed
1692 793 1809 830 etiam

418 873 593 903 numero,
624 857 806 909 versuque
831 857 1053 909 pronuntiet
1072 858 1085 894 ?
1117 857 1284 909 Qando
1303 865 1432 896 autem
1451 858 1518 896 ista
1538 858 1592 895 vis
1622 858 1808 895 evanuit?

417 937 463 961 an
484 923 684 976 postquam
705 921 884 960 homines
905 922 1034 959 minus
1054 922 1200 960 creduli
1219 921 1291 960 effe
1310 932 1509 975 coeperunt
1528 923 1541 959 ?
1574 922 1807 962 Demosthe-

415 1001 481 1026 nes
501 989 674 1040 quidem,
705 987 772 1039 qui
806 985 947 1025 abhinc
967 1000 1084 1025 annos
1105 1001 1222 1040 prope
1244 1001 1323 1026 ccc
1343 987 1433 1032 fuit,
1459 990 1542 1040 jam
1572 998 1659 1027 tum
1679 991 1806 1035 Φιλιπ-

415 1049 519 1101 πίζω
539 1052 720 1105 Pythiam
740 1052 904 1097 dicebat,
937 1052 975 1090 id
995 1052 1061 1097 est,
1083 1053 1186 1104 quasi
1213 1066 1304 1090 cum
1326 1052 1510 1106 Philippo
1530 1052 1667 1091 facere.
1717 1054 1807 1092 Hoc

414 1129 544 1158 autern
574 1119 619 1157 εὸ
638 1118 840 1171 spectabat,
872 1126 915 1155 ut
933 1131 1016 1156 eam
1041 1131 1062 1155 a
1082 1117 1265 1171 Philippo
1290 1128 1508 1171 corruptam
1530 1119 1672 1157 diceret
1686 1137 1699 1164 ς
1730 1131 1810 1171 quo

414 1186 506 1224 licet
525 1185 751 1228 existimare,
784 1184 824 1221 in
855 1184 937 1221 aliis
958 1197 1112 1235 quoque
1138 1185 1299 1222 oraculis
1320 1183 1525 1237 Delphicis
1554 1185 1700 1237 aliquid
1728 1198 1807 1223 non

410 1251 543 1289 sinceri
562 1249 683 1288 fuifle.
729 1248 800 1286 Sed
831 1248 956 1286 nescio
981 1250 1179 1301 quomodo
1198 1249 1257 1287 isti
1287 1249 1522 1302 philosophi,
1551 1249 1805 1303 superstitiosi,

412 1326 451 1354 et
470 1329 566 1369 pene
585 1315 755 1359 fanatici,
784 1314 936 1366 quidvis
963 1315 1077 1352 malle
1107 1314 1296 1359 videntur,
1327 1329 1444 1367 quam
1477 1315 1512 1353 se
1532 1329 1607 1354 non
1640 1317 1805 1369 ineptos.

413 1381 612 1420 Evanuifl'e
633 1381 826 1425 mavultis,
847 1390 884 1418 et
904 1381 1118 1419 extinftum
1138 1380 1210 1419 effe
1229 1381 1282 1426 id,
1303 1382 1408 1434 quod
1427 1382 1452 1420 fi
1471 1395 1642 1434 unquam
1662 1381 1804 1427 fuisset,

413 1458 514 1486 certe
535 1457 719 1486 aeternum
739 1446 839 1490 esset,
861 1459 978 1498 quam
1008 1460 1062 1490 ea,
1093 1460 1177 1499 quae
1198 1461 1275 1485 non
1297 1447 1382 1485 sunt
1402 1447 1601 1491 credenda,
1623 1460 1700 1485 non
1720 1461 1804 1485 cre-

413 1513 511 1552 dere.

466 1581 618 1618 LVIII.
652 1578 796 1616 Similis
812 1578 864 1616 est
883 1591 986 1628 error
1005 1578 1045 1615 in
1066 1578 1221 1616 somniis
1235 1596 1246 1622 ς
1278 1591 1444 1631 quorum
1460 1579 1619 1631 quidem
1639 1578 1807 1619 defenfio

412 1645 570 1698 repetita
589 1657 706 1697 quam
740 1643 853 1696 longe
873 1643 950 1682 est!
983 1644 1146 1682 Divinos
1177 1644 1324 1682 animos
1358 1644 1510 1683 censent
1538 1644 1609 1682 effe
1642 1646 1805 1690 nostros,

411 1711 550 1764 eosque
583 1710 652 1748 effe
688 1711 821 1747 tractos
855 1709 1101 1753 extrinsecus,
1145 1710 1441 1762 animorumque
1480 1709 1801 1749 consentientium

411 1776 664 1815 multitudine
684 1775 923 1827 completum
944 1774 1015 1812 effe
1035 1775 1250 1813 mundum:
1282 1774 1353 1813 hac
1384 1775 1502 1828 igitur
1521 1776 1661 1814 mentis
1681 1785 1718 1813 et
1739 1776 1801 1829 ip-

411 1842 484 1879 slus
516 1841 727 1883 divinitate,
772 1848 809 1876 et
839 1839 1108 1890 conjundtione
1138 1853 1230 1877 cum
1262 1841 1425 1878 externis
1457 1841 1667 1885 mentibus,
1697 1842 1802 1880 cerni

410 1919 495 1958 quae
526 1905 596 1943 sint
626 1903 767 1942 futura.
819 1902 1004 1942 Contrahi
1024 1913 1152 1942 autem
1186 1905 1361 1943 animum
1383 1905 1504 1950 Zeno,
1533 1915 1571 1943 et
1601 1906 1702 1958 quasi
1724 1907 1801 1945 labi

410 1981 533 2025 putat,
547 1980 660 2022 atque
680 1969 891 2015 concidere,
912 1978 949 2006 et
970 1969 1094 2022 ipsum
1115 1969 1184 2007 csse
1203 1970 1382 2009 dormire.
1405 1972 1491 2021 Jam
1516 1970 1747 2024 Pythagoras
1762 1982 1801 2010 et

411 2037 533 2081 Plato,
557 2035 839 2088 locupletiffimi
867 2037 1050 2080 auctores,
1070 2049 1148 2088 quo
1176 2036 1215 2074 in
1239 2035 1380 2075 somnis
1401 2037 1558 2075 certiora
1588 2037 1798 2083 videamus,

410 2112 632 2156 praeparatos
663 2101 830 2154 quodam
851 2101 959 2139 cultu
977 2111 1090 2154 atque
1116 2102 1217 2140 vistu
1240 2102 1426 2155 proficisci
1456 2103 1501 2141 ad
1527 2103 1798 2143 dormiendum

403 2169 556 2221 jubent.
603 2168 705 2206 Faba
724 2167 881 2219 quidem
904 2167 1128 2220 Pythagorei
1161 2169 1293 2221 utique
1314 2169 1522 2207 abstinuere
1539 2188 1552 2214 ς
1583 2169 1685 2222 quasi
1711 2184 1800 2208 vero

409 2248 455 2273 eo
475 2234 565 2272 cibo
586 2247 709 2277 menS,
732 2247 809 2271 non
841 2243 984 2278 venter,
1018 2233 1185 2272 infletur.
1232 2234 1302 2272 Scd
1326 2235 1448 2273 nescio
1468 2236 1666 2288 quomodo
1699 2234 1797 2273 nihil

409 2310 488 2338 tam
509 2299 664 2338 absurde
684 2299 760 2337 dici
781 2299 915 2350 potest,
945 2300 1048 2351 quod
1070 2314 1146 2339 non
1166 2300 1314 2339 dicatur
1333 2301 1380 2339 ab
1399 2301 1530 2353 aliquo
1546 2300 1796 2354 philosopho-

409 2378 510 2403 rum.

464 2431 608 2468 Utrum
643 2431 761 2483 igitur
793 2429 988 2468 censemus
1018 2430 1295 2470 dormientium
1327 2432 1474 2471 animos
1496 2446 1561 2485 per
1582 2432 1796 2486 semctipsos

407 2497 448 2535 in
479 2496 702 2535 somniando
732 2497 889 2541 moveri,
935 2510 996 2543 an,
1042 2506 1083 2536 ut
1118 2498 1367 2538 Democritus
1396 2498 1537 2544 censet,
1580 2509 1735 2538 externa
1757 2507 1797 2537 et
