2223 3003
502 233 581 286 384
804 219 1608 283 PHILOSOPHICQRUM

497 333 613 372 Nou.
638 327 827 382 Vcfiwn]
863 326 959 365 Non
978 324 1126 364 suntin
1146 323 1376 378 disputando
1406 323 1516 370 vafri,
1550 332 1628 364 non
1660 331 1898 371 veteranoree,
1928 305 1933 309 ⁶

550 411 630 436 non
650 392 842 433 malitiofi.

791 548 871 586 D'E
935 546 1315 585 REPUBLICA
1375 545 1501 583 L113.
1535 545 1606 584 IV.

498 659 613 699 Nox.
637 657 709 698 Ubi
724 657 952 712 acczffativus
962 663 1034 709 pro
1055 655 1254 709 genitiva]
1272 656 1405 709 Atque
1424 655 1503 710 ipsa
1522 668 1647 701 mens,
1667 668 1753 709 quae
1773 653 1902 694 futura

551 725 669 770 videt,
700 724 888 778 praeterita
907 722 1104 761 meminit.
1887 777 1889 779 ι

498 792 614 832 ΝοΝ.
636 791 781 843 Mitis]
813 790 998 841 Cumque
1029 796 1219 825 autumno
1252 799 1368 825 terras
1398 787 1445 826 ad
1478 787 1746 841 concipiendas
1776 785 1905 840 fruges

550 855 787 910 patefecerit,
809 854 939 892 hieme
957 853 1003 891 ad
1022 851 1280 890 conficiendas
1300 853 1575 905 compresserit,
1603 867 1690 892 vere
1709 852 1838 906 fruges
1858 852 1905 890 ad

553 920 802 960 effundendas
824 919 1014 963 relaxarit,
1046 917 1169 956 aestate
1202 931 1245 956 ac
1278 919 1500 957 maturitate
1533 920 1623 957 alias
1656 919 1906 973 mitigaverit,

553 987 644 1026 alias
661 985 857 1025 torruerit.

499 1055 615 1094 Now.
638 1052 814 1106 Aptam.]
846 1050 1056 1102 eademque
1086 1049 1155 1088 soli
1187 1049 1337 1102 objesta
1369 1050 1550 1089 umbram
1570 1051 1802 1103 noffiemque
1821 1049 1906 1088 effi-

555 1120 645 1164 ciat,
667 1132 760 1158 cum
781 1118 827 1156 ad
847 1130 1058 1155 numerum
1077 1116 1230 1154 dierum
1251 1125 1397 1170 aptam,
1426 1125 1512 1155 tum
1528 1117 1575 1156 ad
1595 1117 1774 1156 laborum
1795 1116 1907 1169 quie-

554 1194 650 1223 tem.

502 1255 651 1292 LACT.
674 1250 714 1290 de
735 1250 836 1304 Opffl
859 1249 970 1302 Dal]
993 1249 1080 1288 Nec
1095 1248 1337 1288 voluntatem
1358 1248 1460 1288 mihi
1475 1248 1648 1295 defuisse,
1670 1263 1741 1287 nec
1760 1262 1906 1287 curam.

501 1319 556 1357 D.
579 1319 696 1357 Auc.
717 1316 777 1354 lib.
803 1329 865 1354 1x.
887 1323 968 1368 cap.
993 1328 1032 1365 9.
1055 1314 1196 1368 Civit.]
1238 1315 1455 1366 Nunquam
1476 1315 1693 1359 comoediae,
1723 1314 1791 1352 nisi
1813 1327 1908 1352 con-

558 1383 718 1422 suetudo
738 1382 826 1420 vitae
846 1389 1052 1435 pateretur,
1083 1381 1243 1434 probare
1262 1380 1326 1420 sua
1345 1381 1501 1420 theatris
1526 1381 1669 1435 flagitia
1688 1379 1909 1434 potuissent.

502 1452 557 1490 D.
575 1452 695 1488 Auo.
716 1447 874 1500 ibidem]
907 1448 1039 1498 Qem
1072 1447 1140 1485 illa
1171 1461 1249 1486 non
1280 1448 1424 1501 attigit,
1457 1447 1516 1486 vel
1543 1448 1672 1501 potius
1694 1460 1811 1499 quem
1834 1459 1913 1485 non

557 1515 708 1554 vexavit
725 1515 738 1552 ?
770 1514 835 1551 cui
854 1514 1027 1566 pepercit
1044 1513 1057 1550 ?
1080 1513 1173 1551 Esto
1191 1527 1199 1551 ε
1218 1513 1418 1566 populares
1438 1511 1632 1558 homines,
1653 1513 1853 1566 improbos
1871 1513 1914 1551 in

557 1580 857 1634 rempublicam,
889 1579 1098 1625 seditiosos,
1135 1579 1340 1625 Cleonem,
1365 1578 1668 1633 Cleophontem‚
1700 1579 1913 1633 Hyperbo-

558 1649 643 1688 lum
665 1647 783 1686 laefit:
815 1642 1029 1700 patiamur:
1060 1645 1126 1684 etsi
1160 1644 1385 1699 hujusmodi
1415 1646 1517 1685 cives
1537 1660 1558 1685 a
1577 1645 1742 1685 Censore
1773 1646 1914 1685 melius

556 1714 623 1760 est,
645 1727 764 1767 quam
784 1726 805 1751 a
827 1721 940 1766 poeta
960 1713 1098 1752 notari.
1140 1713 1213 1751 Sed
1234 1713 1440 1758 Periclem,
1461 1727 1554 1752 cum
1568 1714 1652 1766 jam
1673 1712 1746 1751 suae
1766 1713 1914 1752 civitati

559 1781 732 1820 maxima
762 1780 985 1818 auctoritate
1017 1779 1206 1833 plurimos
1227 1793 1344 1818 annos
1371 1780 1479 1819 domi
1509 1790 1547 1819 et
1567 1779 1661 1818 belli
1695 1778 1913 1833 praefuiss‘et,

558 1846 692 1885 violari
714 1847 894 1892 verfibus,
916 1856 954 1884 et
975 1860 1038 1885 eos
1059 1847 1119 1900 agi
1140 1847 1181 1885 in
1201 1847 1323 1892 scena,
1360 1861 1437 1886 non
1458 1848 1545 1900 plus
1574 1847 1717 1892 decuit,
1749 1860 1867 1899 quam
1890 1847 1914 1884 fi

561 1912 721 1952 Plautus
744 1912 867 1949 noster
887 1911 1077 1957 voluiffet,
1109 1922 1175 1950 aut
1195 1914 1369 1958 Naevius,
1407 1915 1451 1952 P.
1474 1923 1512 1951 et
1533 1915 1609 1952 Cn.
1633 1913 1818 1965 Scipioni,
1851 1922 1915 1950 aut

562 1978 744 2018 Caecilius
766 1978 829 2017 M.
851 1979 992 2016 Catoni
1014 1978 1253 2017 maledicere.

509 2047 561 2085 D.
586 2047 704 2084 Auo.
724 2045 783 2096 6.]
807 2044 956 2082 Nostra:
975 2054 1108 2083 contra
1131 2058 1195 2083 xu
1220 2046 1358 2083 tabulae
1379 2059 1471 2084 cum
1493 2059 1698 2099 perpaucas
1716 2059 1771 2083 res
1792 2045 1917 2098 capite

565 2110 778 2155 sanxiss'ent,
799 2111 837 2148 in
860 2109 920 2149 his
942 2110 1040 2149 hanc
1061 2125 1218 2164 quoque
1239 2111 1479 2151 sanciendam
1502 2122 1761 2165 putaverunt„
1784 2112 1918 2166 Siquis

563 2175 794 2230 ‹zHitaz'Jff‘m
811 2177 896 2228 βπ
922 2191 1064 2215 carmen
1085 2177 1294 2231 condidfft,
1326 2178 1420 2231 quod
1434 2179 1620 2231 itgfitmiam
1638 2179 1917 2232 qffi·rr‹·tstag1'-

559 2244 738 2297 gjt1‘mm·c
758 2243 878 2281 alteri.
913 2243 1109 2281 Praeclare.
1141 2244 1307 2295 Judiciis
1327 2245 1446 2290 enim,
1465 2258 1506 2282 ac
1529 2244 1819 2298 magistratuum
1841 2244 1918 2282 dis-

564 2309 848 2361 ceptationibus
870 2309 1055 2362 legitimis
1078 2310 1307 2363 propositam
1330 2311 1462 2355 vitam,
1486 2324 1562 2348 non
1584 2320 1784 2363 poctarum
1808 2311 1917 2363 inge-

567 2376 653 2419 niis,
689 2374 825 2413 habere
846 2376 1058 2421 debe-mum
1093 2391 1161 2415 nec
1182 2377 1367 2430 probrum
1399 2377 1541 2421 audire,
1580 2376 1646 2414 niti
1674 2391 1715 2414 ca
1747 2378 1842 2430 lege,
1877 2387 1918 2415 ut

567 2442 789 2495 respondere
813 2443 938 2487 liccat,
961 2452 997 2479 ct
1014 2444 1027 2494 j
1037 2443 1163 2481 udicio
1183 2442 1398 2482 defendere.

511 2511 565 2551 D.
591 2511 711 2547 Auo.
746 2509 805 2547 [sb.
846 2523 894 2548 11.
931 2519 1010 2562 cap.
1051 2523 1109 2549 10.
1144 2510 1282 2565 Civis]
1330 2509 1529 2550 AEschincs
1566 2509 1825 2555 Atlienicnlis,
1864 2510 1919 2548 vir
