2223 3003
377 267 425 319 58
667 267 769 306 DE
827 265 1480 306 DIVINATIONE

373 369 441 419 qui
467 368 593 420 signis,
611 375 674 403 aut
693 365 890 402 ominibus
911 372 1106 401 uterentur
1118 381 1129 408 ;
1160 375 1353 415 omneque
1373 375 1492 416 genus
1512 363 1766 414 conjecturale

372 434 412 470 in
433 432 507 470 hoc
527 431 603 469 fere
621 442 758 481 genere
787 429 967 481 ponebas.
1017 429 1122 467 Illud
1141 437 1269 466 autem
1290 428 1471 473 naturale,
1506 437 1571 465 aut
1590 429 1765 466 concita—

371 497 474 534 tione
494 495 635 533 mentis
656 493 732 539 edi,
767 503 806 531 et
825 494 928 546 quasi
948 492 1061 531 fundi
1090 494 1303 537 videbatur,
1334 502 1399 531 aut
1418 493 1549 531 animo
1568 506 1634 545 per
1659 493 1762 530 som-

368 574 464 598 num
486 560 651 598 sensibus
672 569 709 597 et
728 560 828 597 curis
848 573 968 597 vacuo
986 559 1190 611 provideri.
1233 558 1389 596 Duxisti
1409 568 1538 597 autem
1555 559 1762 596 divinatio-

368 639 459 664 nem
479 639 638 664 omnem
659 638 679 662 a
699 625 820 663 tribus
842 625 968 670 rebus,
989 638 1010 662 a
1029 626 1130 669 Deo,
1150 638 1171 662 a
1189 623 1282 669 fato,
1304 637 1324 661 a
1344 633 1489 662 natura.
1527 624 1598 661 Sed
1619 634 1760 668 tamen,

367 705 460 730 cum
479 692 667 745 explicare
693 689 793 728 nihil
813 690 945 743 poffes,
976 690 1150 744 pugnasti
1170 690 1533 728 commentitiorum
1559 689 1760 741 exemplo·

366 771 455 796 rum
475 756 638 796 mirifica
657 756 768 808 copia
786 772 797 794 ι
828 756 875 794 de
894 770 973 808 quo
991 754 1164 808 primum
1183 754 1260 793 hoc
1280 755 1374 793 libet
1393 755 1531 793 dicere.
1578 755 1669 792 Hoc
1688 767 1762 806 ego

364 822 586 876 philosophi
608 836 683 860 non
714 821 784 859 effe
803 822 977 866 arbitror,
1005 821 1162 859 testibus
1189 821 1262 865 uti,
1288 821 1356 873 qui
1381 830 1446 858 aut
1465 821 1552 859 casu
1570 820 1663 864 veri,
1696 828 1761 857 aut

365 889 514 927 malitia
528 887 608 926 falfi
628 887 785 939 fictique
804 886 874 924 effe
894 886 1058 938 poffunt.
1081 885 1335 939 Argumentis
1355 894 1393 924 et
1412 886 1622 924 rationibus
1643 898 1759 938 opor-

364 962 433 998 tet,
464 966 578 1006 quare
609 952 780 1004 quidque
811 952 863 989 ita
893 952 951 996 fit,
982 952 1147 996 docere,
1175 964 1256 990 non
1278 951 1440 997 eventis,
1468 951 1515 990 iis
1535 950 1759 1005 praesertim,

363 1018 506 1070 quibus
528 1016 628 1056 mihi
647 1017 760 1055 liceat
780 1030 856 1055 non
876 1016 1043 1055 credere.

416 1084 511 1123 XII.
546 1085 604 1122 Ut
633 1083 758 1121 ordiar
783 1083 830 1120 ab
859 1081 1115 1135 haruspicina,
1139 1081 1274 1134 (quam
1302 1094 1374 1135 ego
1398 1081 1618 1135 reipublicae
1635 1081 1758 1126 causa,

361 1149 660 1202 communisque
679 1147 890 1201 religionis,
910 1147 1112 1186 colendam
1132 1147 1291 1185 censeo:
1321 1147 1384 1186 sed
1400 1147 1470 1186 soli
1489 1147 1645 1186 sumus:
1668 1147 1761 1185 licet

360 1229 494 1254 verum
515 1215 712 1267 exquirere
732 1214 812 1252 fine
828 1213 986 1258 invidia,
1018 1212 1119 1251 mihi
1138 1213 1345 1266 praesertim
1365 1213 1411 1251 de
1430 1213 1619 1266 plerisque
1639 1213 1756 1251 dubi-

360 1281 475 1333 tanti)
508 1280 769 1333 inspiciamus,
805 1279 832 1317 fi
863 1279 1002 1332 placet,
1031 1287 1119 1316 exta
1150 1277 1339 1331 primum.
1389 1279 1604 1317 Persuaderi
1638 1279 1756 1331 igitur

358 1347 542 1399 cuiquam
563 1345 697 1398 potest,
728 1359 782 1389 ea,
815 1359 899 1397 quae
919 1344 1121 1397 fignificari
1150 1344 1333 1382 dicuntur
1363 1345 1475 1390 extis,
1504 1345 1660 1398 cognita
1683 1344 1755 1382 effe

357 1413 404 1451 ab
425 1411 688 1464 haruspicibus
708 1410 968 1448 observatione
983 1410 1164 1448 diuturna
1180 1410 1193 1447 ?
1215 1410 1346 1461 Qam
1367 1411 1547 1449 diuturna
1566 1411 1633 1448 ista
1652 1409 1752 1448 fuit?

357 1487 422 1515 aut
452 1491 567 1530 quarn
601 1477 815 1529 longinquo
846 1485 1020 1527 ternpore
1049 1475 1232 1513 observari
1254 1476 1411 1528 potuit?
1442 1485 1507 1514 aut
1527 1489 1605 1527 quo
1635 1475 1753 1513 modo

355 1543 409 1580 est
429 1542 566 1580 collata
586 1543 684 1580 inter
714 1541 827 1594 ipsos,
859 1555 944 1593 quae
963 1554 1048 1594 pars
1067 1541 1236 1585 inimici,
1266 1553 1351 1592 quae
1370 1555 1453 1593 pars
1474 1540 1673 1578 familiaris
1693 1539 1751 1577 es-

355 1608 435 1652 set;
468 1608 571 1659 quod
592 1606 732 1651 fissum,
753 1606 998 1658 periculum;
1030 1606 1147 1658 quod,
1169 1606 1425 1643 commodum
1444 1605 1600 1658 aliquod
1623 1605 1751 1644 osten-

353 1674 458 1711 deret
477 1673 489 1709 ?
521 1674 586 1711 An
605 1670 686 1710 haec
707 1671 806 1710 inter
823 1671 858 1709 se
876 1669 1092 1724 haruspices
1114 1670 1279 1714 Etrusci,
1307 1671 1402 1715 Elii,
1424 1671 1615 1722 AEgyptii‚
1638 1672 1749 1709 Poeni

353 1738 602 1777 contulerunt
620 1738 632 1774 ?
665 1739 720 1775 At
739 1736 792 1780 id,
814 1746 1065 1788 praeterquam
1085 1736 1190 1787 quod
1210 1735 1291 1773 fieri
1310 1748 1385 1773 non
1407 1737 1547 1787 potuit,
1580 1749 1627 1772 ne
1653 1735 1749 1788 fingi

353 1804 511 1856 quidem
533 1801 681 1855 potest:
713 1801 805 1838 alios
829 1801 934 1838 enim
953 1801 1028 1838 alio
1048 1814 1154 1838 more
1174 1800 1349 1839 videmus
1377 1810 1464 1838 exta
1491 1800 1746 1852 interpretari,

353 1882 423 1907 nec
453 1867 524 1906 effe
559 1880 676 1905 unam
705 1867 885 1904 omnium
911 1866 1169 1918 disciplinam.
1216 1867 1267 1904 Et
1301 1876 1415 1910 certe,
1448 1866 1472 1903 sl
1501 1866 1552 1904 est
1579 1867 1618 1904 in
1648 1868 1746 1906 extis

351 1935 478 1987 aliqua
497 1933 568 1978 vis,
599 1946 684 1985 quae
703 1932 865 1970 declaret
885 1930 1027 1977 futura,
1063 1931 1205 1970 necesse
1224 1932 1275 1970 cst
1295 1946 1378 1970 eam
1409 1942 1474 1970 aut
1499 1945 1590 1969 curn
1618 1946 1747 1972 rerum

351 2010 484 2038 natura
502 1998 573 2037 ess‘e
603 1999 864 2050 conjunctam,
896 2007 961 2035 aut
994 1996 1227 2036 conformari
1255 1998 1422 2050 quodam
1444 1997 1561 2036 modo
1591 1999 1745 2036 numini

351 2067 541 2104 Deorum.
601 2064 724 2116 Atqui
765 2063 894 2102 divina
934 2077 1026 2102 cum
1072 2077 1200 2102 rerum
1247 2074 1378 2103 natura
1424 2074 1539 2109 tanta,
1589 2073 1747 2117 tamque

348 2131 524 2184 praeclara
558 2130 597 2167 in
627 2142 762 2167 omnes
791 2138 914 2181 partes
947 2129 1151 2182 motusque
1185 2129 1333 2175 diffusa,
1375 2130 1470 2183 quid
1502 2129 1640 2167 habere
1670 2144 1743 2183 po-

350 2197 419 2234 test
450 2208 660 2234 commune
679 2194 692 2231 ?
723 2207 800 2232 non
821 2194 946 2232 dicam
967 2195 1222 2247 gallinaceum
1244 2195 1312 2240 fel,
1345 2195 1449 2247 (sunt
1470 2196 1574 2233 enim
1596 2195 1663 2246 qui
1685 2196 1744 2234 vel

347 2260 579 2312 argutissima
599 2259 678 2297 haec
699 2268 786 2297 exta
804 2259 874 2297 esse
895 2259 1041 2311 dicant)
1064 2260 1125 2298 sed
1157 2261 1254 2298 tauri
1274 2261 1395 2313 opimi
1417 2262 1541 2313 jecur,
1570 2269 1632 2298 aut
1662 2275 1741 2305 cor,

348 2335 412 2364 aut
434 2326 583 2378 pulmo,
606 2325 699 2377 quid
720 2323 835 2362 habet
855 2325 1038 2370 naturale,
1069 2339 1148 2378 quo
1167 2326 1344 2365 declarari
1365 2327 1490 2380 possit,
1516 2325 1610 2379 quid
1630 2325 1741 2365 sutu-

347 2406 432 2431 rum
456 2391 526 2430 fit?

401 2458 514 2496 XIII.
548 2455 796 2494 Democritus
828 2465 954 2494 tamen
987 2470 1064 2496 non
1098 2457 1231 2497 inscite
1264 2467 1429 2512 nugatur
1459 2467 1502 2497 ut
1535 2457 1738 2513 physicus3

344 2538 424 2579 quo
443 2537 578 2576 genere
598 2521 696 2562 nihil
717 2522 966 2576 arrogantiuS.
