2223 3003
398 173 449 216 50
685 163 788 202 DE
845 157 1494 202 DIVINATIONE

396 261 581 301 virtutem
601 261 637 300 se
663 262 742 315 ipsa
758 261 828 300 esse
854 270 1090 300 contentam.
1136 261 1290 314 Qibus
1311 262 1423 300 rebus
1442 261 1569 306 editis,
1603 269 1676 300 tres
1696 260 1784 300 libri

396 328 555 381 perfecti
584 327 671 366 sunt
701 327 748 364 de
779 327 928 365 Natura
957 328 1132 364 Deorum
1147 344 1160 370 5
1191 327 1232 363 in
1261 327 1402 378 quibus
1435 327 1563 365 omnis
1595 327 1676 378 ejus
1706 327 1784 366 loci

395 395 552 446 quaestio
584 393 814 431 continetur.
847 392 945 443 Qae
979 399 1022 429 ut
1051 391 1164 444 plene
1183 390 1271 430 esset
1301 391 1573 445 cumulateque
1605 391 1783 444 perfecta,

393 460 440 497 de
459 458 708 496 Divinatione
735 455 886 508 ingreffi
912 456 1043 495 sumus
1058 455 1118 494 his
1138 456 1246 495 libris
1266 455 1442 496 scribere.
1472 457 1628 509 Qibus
1651 457 1712 509 (ut
1731 457 1785 495 est

393 525 434 561 in
463 523 610 574 animo)
637 522 683 560 de
703 523 800 561 Fato
819 522 846 561 fi
863 522 1166 575 adjunxerimus,
1186 523 1259 561 erit
1283 522 1434 561 abunde
1458 522 1690 562 satisfactum
1711 522 1784 561 toti

393 589 484 627 huic
505 587 716 641 quaestioni.
766 589 898 641 Atque
924 587 984 626 his
1004 588 1111 627 libris
1132 589 1409 627 annumerandi
1430 588 1515 628 sunt
1535 588 1597 627 sex
1624 589 1671 626 de
1701 589 1782 626 Re-

391 655 562 708 publica,
597 667 693 707 quos
728 663 820 692 tunc
861 654 1091 707 scripsimus,
1135 668 1226 693 cum
1265 654 1525 707 gubernacula
1564 654 1783 708 reipublicae

390 722 628 760 tenebamus.
663 720 834 772 Magnus
854 720 976 765 locus,
1006 719 1334 774 philosophiaeque
1359 720 1548 774 proprius,
1569 733 1590 757 a
1609 720 1781 764 Platone,

389 786 607 830 Aristotele,
643 784 923 838 Theophrasto,
954 793 1109 837 totaque
1143 786 1485 838 Peripateticorum
1516 785 1662 823 familia
1682 793 1781 823 trac-

390 861 490 890 tatus
512 851 716 890 uberrime.
777 851 883 889 Nam
912 851 1006 903 quid
1038 864 1109 904 ego
1135 851 1181 889 de
1212 851 1482 891 Consolatione
1503 851 1661 890 dicam?
1697 864 1782 903 quae

389 916 489 955 mihi
515 916 673 969 quidem
694 916 763 968 ipfi
793 915 876 953 sane
904 915 1145 968 aliquantum
1168 916 1343 955 medetur
1357 935 1369 962 ς
1401 917 1542 955 caeteris
1562 917 1655 954 item
1675 916 1781 954 mul-

389 990 475 1020 tum
495 981 602 1019 illam
631 979 875 1033 profuturam
897 989 1006 1034 puto.
1066 982 1292 1033 Interjectus
1321 981 1374 1019 est
1393 983 1510 1020 etiam
1530 995 1651 1035 nuper
1683 981 1783 1020 liber

386 1047 434 1092 is,
465 1059 583 1100 quem
614 1046 661 1084 ad
691 1046 863 1085 nostrum
883 1047 1065 1086 Atticum
1094 1047 1141 1085 de
1161 1047 1359 1086 Senectute
1387 1046 1575 1085 misimus.
1635 1047 1681 1085 In
1700 1047 1781 1099 pri-

387 1111 550 1164 misque,
583 1112 769 1164 quoniam
789 1110 1035 1164 philosophia
1052 1113 1109 1151 vir
1127 1113 1252 1151 bonus
1271 1112 1450 1157 efficitur,
1480 1121 1518 1150 et
1537 1110 1661 1156 fortis,
1685 1112 1783 1151 Cato

386 1177 510 1216 noster
546 1178 586 1215 in
619 1176 762 1216 horum
793 1177 982 1216 librorum
1027 1191 1190 1216 numero
1232 1178 1431 1230 ponendus
1473 1177 1538 1215 est.
1599 1178 1782 1230 Cumque

386 1242 623 1287 Aristoteles,
654 1243 826 1294 itemque
857 1240 1159 1296 Theophrastus,
1191 1243 1418 1282 excellentes
1444 1243 1515 1281 viri
1535 1240 1626 1281 cum
1657 1242 1780 1281 subti-

386 1309 504 1355 litate,
538 1319 624 1348 tum
644 1309 768 1361 copia,
799 1322 890 1347 cum
910 1307 1152 1362 philosophia
1171 1309 1323 1348 dicendi
1343 1310 1458 1348 etiam
1479 1318 1664 1362 praecepta
1683 1323 1779 1348 con-

379 1375 594 1428 junxerint,
629 1374 745 1414 nostri
778 1387 934 1428 quoque
969 1375 1138 1413 Oratorii
1171 1376 1261 1414 libri
1290 1376 1331 1414 in
1370 1375 1537 1414 cundem
1571 1388 1779 1413 numerum

384 1441 571 1480 referendi
591 1441 781 1480 videntur.
814 1442 871 1479 Ita
891 1449 964 1479 tres
982 1450 1093 1480 erunt
1117 1441 1164 1479 de
1186 1443 1345 1481 Oratore
1360 1460 1372 1487 3
1405 1451 1576 1494 quartus,
1608 1442 1748 1480 Brutus
1763 1459 1777 1486 ς

384 1508 558 1560 quintus,
582 1509 736 1546 Orator.

439 1574 492 1611 ΙΙ.
525 1572 668 1611 Adhuc
702 1572 784 1611 haec
803 1582 921 1611 erant.
969 1573 1033 1611 Ad
1054 1574 1199 1626 reliqua
1229 1575 1340 1612 alacri
1362 1575 1612 1612 tendebamus
1633 1574 1776 1618 animo,

382 1639 433 1677 fic
452 1638 585 1691 parati,
614 1647 670 1683 ut,
692 1638 761 1675 nifi
781 1651 866 1690 quae
886 1637 994 1676 causa
1008 1639 1159 1691 gravior
1177 1639 1389 1684 obstitisset,
1423 1639 1579 1677 nullum
1606 1637 1776 1691 philoso-

382 1703 482 1757 phiae
513 1704 645 1743 locum
678 1702 748 1741 effe
778 1713 1007 1756 pateremur,
1039 1705 1107 1756 qui
1137 1718 1214 1742 non
1242 1705 1390 1742 Latinis
1421 1704 1553 1761 literis*
1570 1703 1776 1742 illustratus

381 1779 538 1823 pateret.
584 1768 703 1820 Qod
728 1768 834 1806 enim
863 1782 1004 1807 munus
1032 1768 1251 1821 reipublicae
1277 1768 1408 1807 afferre
1439 1770 1561 1820 majus
1593 1769 1776 1806 meliusve

381 1835 591 1888 possumus,
627 1847 745 1886 quam
779 1834 805 1872 si
837 1834 1018 1872 docemus
1045 1844 1159 1886 atque
1189 1835 1384 1873 erudimus
1406 1835 1682 1886 juventutem?
1714 1834 1774 1873 his

382 1901 586 1954 praesertim
608 1899 782 1938 moribus
803 1909 917 1952 atque
938 1901 1190 1953 temporibus,
1215 1900 1355 1953 quibus
1378 1901 1428 1938 ita
1448 1899 1618 1952 prolapsa
1644 1901 1709 1944 est,
1732 1912 1774 1939 ut

381 1967 560 2005 omnium
587 1966 724 2020 opibus
745 1965 976 2004 refraenanda
1002 1980 1043 2004 ac
1064 1967 1270 2005 coercenda
1290 1967 1346 2005 s1t.
1393 1967 1480 2005 Nec
1506 1979 1594 2003 vero
1614 1966 1653 2003 id
1673 1967 1773 2004 effici

382 2033 482 2086 posse
501 2032 669 2077 confido,
699 2033 805 2084 quod
826 2046 872 2070 ne
891 2032 1162 2085 postulandum
1191 2033 1351 2085 quidem
1366 2032 1432 2077 est,
1465 2042 1507 2070 ut
1526 2046 1660 2070 omnes
1681 2033 1773 2071 ado-

381 2099 561 2136 lescentes
594 2098 628 2135 se
673 2097 718 2135 ad
753 2096 833 2136 haec
867 2097 987 2135 studia
1027 2107 1263 2136 convertant.
1310 2098 1426 2137 Pauci
1465 2097 1641 2136 utinam!
1673 2111 1772 2150 quo-

379 2179 466 2203 rum
489 2174 616 2203 tamen
648 2164 686 2202 in
709 2163 903 2217 republica
929 2164 1001 2202 late
1022 2174 1144 2217 patere
1167 2165 1305 2217 poterit
1335 2164 1530 2203 industria.
1578 2165 1772 2217 Equidem

379 2245 424 2269 ex
447 2230 505 2269 his
538 2231 653 2268 ctiam
675 2229 842 2268 fructum
864 2231 973 2282 capio
994 2230 1130 2269 laboris
1152 2231 1243 2276 mei,
1274 2231 1341 2283 qui
1371 2232 1453 2282 jam
1480 2241 1585 2269 :etate
1606 2231 1772 2283 provecti

378 2299 418 2335 in
455 2297 588 2334 nostris
623 2296 730 2334 libris
764 2295 1036 2348 acquiescunt,
1082 2310 1250 2349 quorum
1285 2297 1407 2335 studio
1441 2297 1605 2350 legendi,
1638 2310 1770 2334 meum

380 2362 567 2400 scribendi
599 2362 767 2400 studium
797 2361 1061 2400 vehementius
1082 2363 1121 2400 in
1142 2363 1220 2401 dies
1252 2363 1455 2402 incitatur:
1486 2376 1582 2415 quos
1613 2362 1771 2414 quidem

380 2429 520 2481 plures,
542 2442 658 2481 quam
681 2428 798 2473 rebar,
820 2428 891 2466 effe
911 2429 1087 2481 cognovi.
1131 2428 1390 2482 Magnificum
1410 2429 1508 2467 illud
1526 2430 1656 2472 etiam,
1686 2430 1770 2466 Ro-

380 2495 573 2549 manisque
594 2494 819 2535 hominibus
837 2495 1060 2549 gloriosum,
1093 2505 1136 2536 ut
1156 2496 1302 2536 Graecis
1323 2497 1369 2536 dc
1388 2495 1631 2551 philosophia
1651 2495 1771 2535 literis
