<?xml version="1.0" encoding="UTF-8"?>
<!DOCTYPE html PUBLIC "-//W3C//DTD XHTML 1.0 Transitional//EN"
    "http://www.w3.org/TR/xhtml1/DTD/xhtml1-transitional.dtd">
<html xmlns="http://www.w3.org/1999/xhtml" xml:lang="en" lang="en">
 <head>
  <title>
</title>
<meta http-equiv="Content-Type" content="text/html;charset=utf-8" />
  <meta name='ocr-system' content='tesseract 3.04.00' />
  <meta name='ocr-capabilities' content='ocr_page ocr_carea ocr_par ocr_line ocrx_word'/>
</head>
<body>
  <div class='ocr_page' id='page_1' title='image "./operacumindicibu03ciceuoft_0071.png"; bbox 0 0 2223 3003; ppageno 0'>
   <div class='ocr_carea' id='block_1_1' title="bbox 700 204 1810 259">
    <p class='ocr_par' dir='ltr' id='par_1_1' title="bbox 700 204 1810 259">
     <span class='ocr_line' id='line_1_1' title="bbox 700 204 1810 259; baseline 0 -15"><span class='ocrx_word' id='word_1_1' title='bbox 700 204 973 244; x_wconf 90' lang='lat' dir='ltr'><strong>LIBER</strong></span> <span class='ocrx_word' id='word_1_2' title='bbox 1032 204 1526 243; x_wconf 85' lang='lat' dir='ltr'>SECUNDUS.</span> <span class='ocrx_word' id='word_1_3' title='bbox 1761 208 1810 259; x_wconf 83' lang='lat'>65</span> 
     </span>
    </p>
   </div>
   <div class='ocr_carea' id='block_1_2' title="bbox 424 302 1847 2454">
    <p class='ocr_par' dir='ltr' id='par_1_2' title="bbox 424 302 1822 1010">
     <span class='ocr_line' id='line_1_2' title="bbox 424 302 1813 356; baseline -0.001 -15"><span class='ocrx_word' id='word_1_4' title='bbox 424 303 540 341; x_wconf 88' lang='lat' dir='ltr'>habes</span> <span class='ocrx_word' id='word_1_5' title='bbox 573 312 611 341; x_wconf 88' lang='lat' dir='ltr'>et</span> <span class='ocrx_word' id='word_1_6' title='bbox 644 304 911 356; x_wconf 79' lang='lat' dir='ltr'>respersionem</span> <span class='ocrx_word' id='word_1_7' title='bbox 942 304 1244 356; x_wconf 76' lang='lat' dir='ltr'>pigmentorum,</span> <span class='ocrx_word' id='word_1_8' title='bbox 1286 313 1324 341; x_wconf 91' lang='lat' dir='ltr'>et</span> <span class='ocrx_word' id='word_1_9' title='bbox 1358 303 1520 341; x_wconf 90' lang='lat' dir='ltr'>rostrum</span> <span class='ocrx_word' id='word_1_10' title='bbox 1556 302 1644 346; x_wconf 72' lang='lat' dir='ltr'>suis,</span> <span class='ocrx_word' id='word_1_11' title='bbox 1676 311 1714 340; x_wconf 90' lang='lat' dir='ltr'>et</span> <span class='ocrx_word' id='word_1_12' title='bbox 1743 303 1813 340; x_wconf 79' lang='lat' dir='ltr'>alia</span> 
     </span>
     <span class='ocr_line' id='line_1_3' title="bbox 426 368 1812 422; baseline -0.001 -15"><span class='ocrx_word' id='word_1_13' title='bbox 426 369 630 421; x_wconf 87' lang='lat' dir='ltr'>permulta.</span> <span class='ocrx_word' id='word_1_14' title='bbox 681 369 790 407; x_wconf 85' lang='lat' dir='ltr'>Idem</span> <span class='ocrx_word' id='word_1_15' title='bbox 831 371 1065 407; x_wconf 84' lang='lat' dir='ltr'>Carneadem</span> <span class='ocrx_word' id='word_1_16' title='bbox 1104 369 1244 422; x_wconf 83' lang='lat' dir='ltr'>fingere</span> <span class='ocrx_word' id='word_1_17' title='bbox 1275 369 1370 407; x_wconf 87' lang='lat' dir='ltr'>dicis</span> <span class='ocrx_word' id='word_1_18' title='bbox 1411 369 1457 407; x_wconf 90' lang='lat' dir='ltr'>de</span> <span class='ocrx_word' id='word_1_19' title='bbox 1494 369 1617 421; x_wconf 87' lang='lat' dir='ltr'>capite</span> <span class='ocrx_word' id='word_1_20' title='bbox 1651 368 1812 406; x_wconf 86' lang='lat' dir='ltr'>Panisci.</span> 
     </span>
     <span class='ocr_line' id='line_1_4' title="bbox 428 435 1814 487; baseline -0.001 -14"><span class='ocrx_word' id='word_1_21' title='bbox 428 435 543 486; x_wconf 72' lang='lat' dir='ltr'>Qasr</span> <span class='ocrx_word' id='word_1_22' title='bbox 564 448 640 473; x_wconf 86' lang='lat' dir='ltr'>non</span> <span class='ocrx_word' id='word_1_23' title='bbox 660 435 828 487; x_wconf 90' lang='lat' dir='ltr'>potuerit</span> <span class='ocrx_word' id='word_1_24' title='bbox 847 435 886 471; x_wconf 92' lang='lat' dir='ltr'>id</span> <span class='ocrx_word' id='word_1_25' title='bbox 906 436 1052 472; x_wconf 83' lang='lat' dir='ltr'>evenire</span> <span class='ocrx_word' id='word_1_26' title='bbox 1071 435 1180 479; x_wconf 71' lang='lat' dir='ltr'>casu,</span> <span class='ocrx_word' id='word_1_27' title='bbox 1203 444 1240 472; x_wconf 90' lang='lat' dir='ltr'>et</span> <span class='ocrx_word' id='word_1_28' title='bbox 1261 449 1336 472; x_wconf 88' lang='lat' dir='ltr'>non</span> <span class='ocrx_word' id='word_1_29' title='bbox 1357 436 1396 472; x_wconf 91' lang='lat' dir='ltr'>in</span> <span class='ocrx_word' id='word_1_30' title='bbox 1416 435 1524 473; x_wconf 90' lang='lat' dir='ltr'>omni</span> <span class='ocrx_word' id='word_1_31' title='bbox 1542 448 1731 473; x_wconf 89' lang='lat' dir='ltr'>marmore</span> <span class='ocrx_word' id='word_1_32' title='bbox 1746 447 1814 471; x_wconf 87' lang='lat' dir='ltr'>ne-</span> 
     </span>
     <span class='ocr_line' id='line_1_5' title="bbox 428 499 1817 553; baseline -0.001 -15"><span class='ocrx_word' id='word_1_33' title='bbox 428 500 522 538; x_wconf 76' lang='lat' dir='ltr'>cess&#39;e</span> <span class='ocrx_word' id='word_1_34' title='bbox 541 501 586 538; x_wconf 82' lang='lat' dir='ltr'>fit</span> <span class='ocrx_word' id='word_1_35' title='bbox 616 500 729 537; x_wconf 83' lang='lat' dir='ltr'>ineffe</span> <span class='ocrx_word' id='word_1_36' title='bbox 759 499 818 536; x_wconf 84' lang='lat' dir='ltr'>vel</span> <span class='ocrx_word' id='word_1_37' title='bbox 839 499 1041 536; x_wconf 64' lang='lat' dir='ltr'>Praxitelia</span> <span class='ocrx_word' id='word_1_38' title='bbox 1068 500 1203 550; x_wconf 86' lang='lat' dir='ltr'>capita.</span> <span class='ocrx_word' id='word_1_39' title='bbox 1250 501 1320 536; x_wconf 81' lang='lat' dir='ltr'>Illa</span> <span class='ocrx_word' id='word_1_40' title='bbox 1349 501 1453 537; x_wconf 83' lang='lat' dir='ltr'>enim</span> <span class='ocrx_word' id='word_1_41' title='bbox 1488 501 1565 553; x_wconf 75' lang='lat' dir='ltr'>ipsa</span> <span class='ocrx_word' id='word_1_42' title='bbox 1597 501 1817 538; x_wconf 87' lang='lat' dir='ltr'>efficiuntur</span> 
     </span>
     <span class='ocr_line' id='line_1_6' title="bbox 428 561 1817 613; baseline -0.001 -11"><span class='ocrx_word' id='word_1_43' title='bbox 428 564 683 607; x_wconf 67' lang='lat' dir='ltr'>detractione,</span> <span class='ocrx_word' id='word_1_44' title='bbox 716 574 784 599; x_wconf 88' lang='lat' dir='ltr'>nec</span> <span class='ocrx_word' id='word_1_45' title='bbox 816 562 1030 613; x_wconf 88' lang='lat' dir='ltr'>quidquam</span> <span class='ocrx_word' id='word_1_46' title='bbox 1062 562 1155 599; x_wconf 91' lang='lat' dir='ltr'>illuc</span> <span class='ocrx_word' id='word_1_47' title='bbox 1176 561 1329 600; x_wconf 84' lang='lat' dir='ltr'>affertur</span> <span class='ocrx_word' id='word_1_48' title='bbox 1358 576 1378 599; x_wconf 92' lang='lat' dir='ltr'>a</span> <span class='ocrx_word' id='word_1_49' title='bbox 1399 565 1610 602; x_wconf 85' lang='lat' dir='ltr'>Praxitele:</span> <span class='ocrx_word' id='word_1_50' title='bbox 1644 564 1705 602; x_wconf 86' lang='lat' dir='ltr'>sed</span> <span class='ocrx_word' id='word_1_51' title='bbox 1725 577 1817 601; x_wconf 91' lang='lat' dir='ltr'>cum</span> 
     </span>
     <span class='ocr_line' id='line_1_7' title="bbox 429 627 1818 680; baseline 0 -13"><span class='ocrx_word' id='word_1_52' title='bbox 429 630 552 668; x_wconf 88' lang='lat' dir='ltr'>multa</span> <span class='ocrx_word' id='word_1_53' title='bbox 571 629 657 666; x_wconf 90' lang='lat' dir='ltr'>sunt</span> <span class='ocrx_word' id='word_1_54' title='bbox 676 628 853 671; x_wconf 63' lang='lat' dir='ltr'>detracta,</span> <span class='ocrx_word' id='word_1_55' title='bbox 888 637 926 665; x_wconf 92' lang='lat' dir='ltr'>et</span> <span class='ocrx_word' id='word_1_56' title='bbox 956 627 1002 664; x_wconf 92' lang='lat' dir='ltr'>ad</span> <span class='ocrx_word' id='word_1_57' title='bbox 1033 627 1263 666; x_wconf 81' lang='lat' dir='ltr'>lineamenta</span> <span class='ocrx_word' id='word_1_58' title='bbox 1293 629 1367 665; x_wconf 89' lang='lat' dir='ltr'>oris</span> <span class='ocrx_word' id='word_1_59' title='bbox 1388 639 1612 680; x_wconf 89' lang='lat' dir='ltr'>perventum</span> <span class='ocrx_word' id='word_1_60' title='bbox 1631 630 1697 673; x_wconf 85' lang='lat' dir='ltr'>est,</span> <span class='ocrx_word' id='word_1_61' title='bbox 1733 639 1818 667; x_wconf 87' lang='lat' dir='ltr'>tum</span> 
     </span>
     <span class='ocr_line' id='line_1_8' title="bbox 430 693 1818 746; baseline 0 -15"><span class='ocrx_word' id='word_1_62' title='bbox 430 694 634 746; x_wconf 85' lang='lat' dir='ltr'>intelligas,</span> <span class='ocrx_word' id='word_1_63' title='bbox 657 693 768 738; x_wconf 92' lang='lat' dir='ltr'>illud,</span> <span class='ocrx_word' id='word_1_64' title='bbox 790 693 893 744; x_wconf 91' lang='lat' dir='ltr'>quod</span> <span class='ocrx_word' id='word_1_65' title='bbox 908 694 990 745; x_wconf 88' lang='lat' dir='ltr'>jam</span> <span class='ocrx_word' id='word_1_66' title='bbox 1005 693 1221 746; x_wconf 83' lang='lat' dir='ltr'>expolitum</span> <span class='ocrx_word' id='word_1_67' title='bbox 1242 694 1300 737; x_wconf 78' lang='lat' dir='ltr'>sit,</span> <span class='ocrx_word' id='word_1_68' title='bbox 1322 694 1424 731; x_wconf 87' lang='lat' dir='ltr'>intus</span> <span class='ocrx_word' id='word_1_69' title='bbox 1445 693 1566 731; x_wconf 84' lang='lat' dir='ltr'>fuiffe.</span> <span class='ocrx_word' id='word_1_70' title='bbox 1599 693 1723 731; x_wconf 89' lang='lat' dir='ltr'>Potest</span> <span class='ocrx_word' id='word_1_71' title='bbox 1742 694 1818 745; x_wconf 84' lang='lat' dir='ltr'>igi-</span> 
     </span>
     <span class='ocr_line' id='line_1_9' title="bbox 432 759 1818 812; baseline 0 -14"><span class='ocrx_word' id='word_1_72' title='bbox 432 769 494 798; x_wconf 92' lang='lat' dir='ltr'>tur</span> <span class='ocrx_word' id='word_1_73' title='bbox 513 760 586 798; x_wconf 91' lang='lat' dir='ltr'>tale</span> <span class='ocrx_word' id='word_1_74' title='bbox 600 760 747 812; x_wconf 89' lang='lat' dir='ltr'>aliquid</span> <span class='ocrx_word' id='word_1_75' title='bbox 765 760 881 797; x_wconf 89' lang='lat' dir='ltr'>etiam</span> <span class='ocrx_word' id='word_1_76' title='bbox 902 759 965 797; x_wconf 90' lang='lat' dir='ltr'>sua</span> <span class='ocrx_word' id='word_1_77' title='bbox 984 759 1116 812; x_wconf 85' lang='lat' dir='ltr'>sponte</span> <span class='ocrx_word' id='word_1_78' title='bbox 1135 760 1175 797; x_wconf 89' lang='lat' dir='ltr'>in</span> <span class='ocrx_word' id='word_1_79' title='bbox 1196 759 1411 812; x_wconf 88' lang='lat' dir='ltr'>lapicidinis</span> <span class='ocrx_word' id='word_1_80' title='bbox 1433 759 1624 798; x_wconf 87' lang='lat' dir='ltr'>Chiorum</span> <span class='ocrx_word' id='word_1_81' title='bbox 1643 759 1818 798; x_wconf 73' lang='lat' dir='ltr'>extitisse.</span> 
     </span>
     <span class='ocr_line' id='line_1_10' title="bbox 433 824 1821 879; baseline -0.002 -15"><span class='ocrx_word' id='word_1_82' title='bbox 433 827 504 865; x_wconf 92' lang='lat' dir='ltr'>Sed</span> <span class='ocrx_word' id='word_1_83' title='bbox 523 826 567 863; x_wconf 89' lang='lat' dir='ltr'>fit</span> <span class='ocrx_word' id='word_1_84' title='bbox 586 825 661 864; x_wconf 90' lang='lat' dir='ltr'>hoc</span> <span class='ocrx_word' id='word_1_85' title='bbox 679 825 827 864; x_wconf 72' lang='lat' dir='ltr'>fic&#39;tum.</span> <span class='ocrx_word' id='word_1_86' title='bbox 920 825 983 863; x_wconf 90' lang='lat' dir='ltr'>uid</span> <span class='ocrx_word' id='word_1_87' title='bbox 1002 826 1015 862; x_wconf 94' lang='lat'>?</span> <span class='ocrx_word' id='word_1_88' title='bbox 1045 826 1085 863; x_wconf 89' lang='lat' dir='ltr'>in</span> <span class='ocrx_word' id='word_1_89' title='bbox 1106 826 1275 864; x_wconf 87' lang='lat' dir='ltr'>nubibus</span> <span class='ocrx_word' id='word_1_90' title='bbox 1301 839 1500 879; x_wconf 87' lang='lat' dir='ltr'>nunquam</span> <span class='ocrx_word' id='word_1_91' title='bbox 1528 824 1821 863; x_wconf 84' lang='lat' dir='ltr'>animadvertisti</span> 
     </span>
     <span class='ocr_line' id='line_1_11' title="bbox 434 890 1822 945; baseline 0 -16"><span class='ocrx_word' id='word_1_92' title='bbox 434 891 552 930; x_wconf 89' lang='lat' dir='ltr'>leonis</span> <span class='ocrx_word' id='word_1_93' title='bbox 587 891 768 936; x_wconf 88' lang='lat' dir='ltr'>formam,</span> <span class='ocrx_word' id='word_1_94' title='bbox 800 899 865 930; x_wconf 87' lang='lat' dir='ltr'>aut</span> <span class='ocrx_word' id='word_1_95' title='bbox 894 890 1218 945; x_wconf 85' lang='lat' dir='ltr'>hippocentauri?</span> <span class='ocrx_word' id='word_1_96' title='bbox 1251 892 1377 930; x_wconf 88' lang='lat' dir='ltr'>Potest</span> <span class='ocrx_word' id='word_1_97' title='bbox 1407 892 1537 944; x_wconf 84' lang='lat' dir='ltr'>igitur,</span> <span class='ocrx_word' id='word_1_98' title='bbox 1571 891 1674 944; x_wconf 89' lang='lat' dir='ltr'>quod</span> <span class='ocrx_word' id='word_1_99' title='bbox 1706 891 1822 930; x_wconf 89' lang='lat' dir='ltr'>modo</span> 
     </span>
     <span class='ocr_line' id='line_1_12' title="bbox 433 957 1126 1010; baseline 0.001 -15"><span class='ocrx_word' id='word_1_100' title='bbox 433 957 607 1010; x_wconf 82' lang='lat' dir='ltr'>negabas,</span> <span class='ocrx_word' id='word_1_101' title='bbox 629 958 828 996; x_wconf 83' lang='lat' dir='ltr'>veritatem</span> <span class='ocrx_word' id='word_1_102' title='bbox 847 957 951 996; x_wconf 89' lang='lat' dir='ltr'>casus</span> <span class='ocrx_word' id='word_1_103' title='bbox 969 958 1126 996; x_wconf 88' lang='lat' dir='ltr'>imitari.</span> 
     </span>
    </p>

    <p class='ocr_par' dir='ltr' id='par_1_3' title="bbox 435 1022 1836 1991">
     <span class='ocr_line' id='line_1_13' title="bbox 487 1022 1823 1076; baseline -0.001 -14"><span class='ocrx_word' id='word_1_104' title='bbox 487 1024 621 1062; x_wconf 90' lang='lat' dir='ltr'><strong>XXII.</strong></span> <span class='ocrx_word' id='word_1_105' title='bbox 640 1024 711 1062; x_wconf 90' lang='lat' dir='ltr'>Sed</span> <span class='ocrx_word' id='word_1_106' title='bbox 731 1024 914 1076; x_wconf 89' lang='lat' dir='ltr'>quoniam</span> <span class='ocrx_word' id='word_1_107' title='bbox 935 1023 980 1061; x_wconf 92' lang='lat' dir='ltr'>de</span> <span class='ocrx_word' id='word_1_108' title='bbox 1000 1024 1096 1061; x_wconf 87' lang='lat' dir='ltr'>extis</span> <span class='ocrx_word' id='word_1_109' title='bbox 1117 1033 1154 1062; x_wconf 93' lang='lat' dir='ltr'>et</span> <span class='ocrx_word' id='word_1_110' title='bbox 1173 1024 1218 1062; x_wconf 93' lang='lat' dir='ltr'>de</span> <span class='ocrx_word' id='word_1_111' title='bbox 1237 1022 1456 1076; x_wconf 85' lang='lat' dir='ltr'>fulguribus</span> <span class='ocrx_word' id='word_1_112' title='bbox 1478 1023 1561 1062; x_wconf 87' lang='lat' dir='ltr'>satis</span> <span class='ocrx_word' id='word_1_113' title='bbox 1582 1023 1634 1061; x_wconf 91' lang='lat' dir='ltr'>est</span> <span class='ocrx_word' id='word_1_114' title='bbox 1654 1023 1823 1075; x_wconf 84' lang='lat' dir='ltr'>disputa-</span> 
     </span>
     <span class='ocr_line' id='line_1_14' title="bbox 435 1087 1825 1142; baseline -0.001 -15"><span class='ocrx_word' id='word_1_115' title='bbox 435 1099 534 1134; x_wconf 88' lang='lat' dir='ltr'>tum,</span> <span class='ocrx_word' id='word_1_116' title='bbox 556 1089 699 1128; x_wconf 88' lang='lat' dir='ltr'>ostenta</span> <span class='ocrx_word' id='word_1_117' title='bbox 727 1089 875 1134; x_wconf 86' lang='lat' dir='ltr'>restant,</span> <span class='ocrx_word' id='word_1_118' title='bbox 907 1098 950 1127; x_wconf 91' lang='lat' dir='ltr'>ut</span> <span class='ocrx_word' id='word_1_119' title='bbox 971 1097 1050 1127; x_wconf 91' lang='lat' dir='ltr'>tota</span> <span class='ocrx_word' id='word_1_120' title='bbox 1079 1088 1318 1141; x_wconf 88' lang='lat' dir='ltr'>haruspicina</span> <span class='ocrx_word' id='word_1_121' title='bbox 1349 1089 1392 1127; x_wconf 87' lang='lat' dir='ltr'>fit</span> <span class='ocrx_word' id='word_1_122' title='bbox 1422 1090 1658 1142; x_wconf 69' lang='lat' dir='ltr'>pertractata.</span> <span class='ocrx_word' id='word_1_123' title='bbox 1704 1087 1825 1125; x_wconf 80' lang='lat' dir='ltr'>Mulae</span> 
     </span>
     <span class='ocr_line' id='line_1_15' title="bbox 436 1152 1826 1207; baseline -0.001 -15"><span class='ocrx_word' id='word_1_124' title='bbox 436 1164 564 1206; x_wconf 87' lang='lat' dir='ltr'>partus</span> <span class='ocrx_word' id='word_1_125' title='bbox 584 1155 752 1207; x_wconf 89' lang='lat' dir='ltr'>prolatus</span> <span class='ocrx_word' id='word_1_126' title='bbox 784 1155 836 1192; x_wconf 89' lang='lat' dir='ltr'>est</span> <span class='ocrx_word' id='word_1_127' title='bbox 862 1169 882 1192; x_wconf 93' lang='lat' dir='ltr'>a</span> <span class='ocrx_word' id='word_1_128' title='bbox 902 1163 938 1192; x_wconf 86' lang='lat' dir='ltr'>te</span> <span class='ocrx_word' id='word_1_129' title='bbox 956 1169 964 1192; x_wconf 75' lang='grc' dir='ltr'>ε</span> <span class='ocrx_word' id='word_1_130' title='bbox 997 1168 1052 1192; x_wconf 86' lang='lat' dir='ltr'>res</span> <span class='ocrx_word' id='word_1_131' title='bbox 1074 1155 1276 1199; x_wconf 84' lang='lat' dir='ltr'>mirabilis,</span> <span class='ocrx_word' id='word_1_132' title='bbox 1307 1163 1504 1206; x_wconf 88' lang='lat' dir='ltr'>propterea</span> <span class='ocrx_word' id='word_1_133' title='bbox 1523 1155 1612 1206; x_wconf 89' lang='lat' dir='ltr'>quia</span> <span class='ocrx_word' id='word_1_134' title='bbox 1638 1167 1715 1192; x_wconf 89' lang='lat' dir='ltr'>non</span> <span class='ocrx_word' id='word_1_135' title='bbox 1735 1152 1826 1206; x_wconf 84' lang='lat' dir='ltr'>saepe</span> 
     </span>
     <span class='ocr_line' id='line_1_16' title="bbox 436 1218 1828 1272; baseline -0.001 -15"><span class='ocrx_word' id='word_1_136' title='bbox 436 1219 480 1257; x_wconf 86' lang='lat' dir='ltr'>fit</span> <span class='ocrx_word' id='word_1_137' title='bbox 495 1238 507 1264; x_wconf 79' lang='lat'>3</span> <span class='ocrx_word' id='word_1_138' title='bbox 539 1219 600 1257; x_wconf 92' lang='lat' dir='ltr'>sed</span> <span class='ocrx_word' id='word_1_139' title='bbox 621 1220 647 1258; x_wconf 88' lang='lat' dir='ltr'>s1</span> <span class='ocrx_word' id='word_1_140' title='bbox 667 1219 748 1257; x_wconf 90' lang='lat' dir='ltr'>fieri</span> <span class='ocrx_word' id='word_1_141' title='bbox 780 1233 856 1258; x_wconf 89' lang='lat' dir='ltr'>non</span> <span class='ocrx_word' id='word_1_142' title='bbox 877 1219 1068 1272; x_wconf 83' lang='lat' dir='ltr'>potuiffet,</span> <span class='ocrx_word' id='word_1_143' title='bbox 1090 1218 1186 1256; x_wconf 69' lang='lat' dir='ltr'>faeta</span> <span class='ocrx_word' id='word_1_144' title='bbox 1206 1232 1284 1256; x_wconf 90' lang='lat' dir='ltr'>non</span> <span class='ocrx_word' id='word_1_145' title='bbox 1303 1219 1405 1257; x_wconf 85' lang='lat' dir='ltr'>effet.</span> <span class='ocrx_word' id='word_1_146' title='bbox 1455 1221 1584 1270; x_wconf 88' lang='lat' dir='ltr'>Atque</span> <span class='ocrx_word' id='word_1_147' title='bbox 1603 1218 1678 1256; x_wconf 93' lang='lat' dir='ltr'>hoc</span> <span class='ocrx_word' id='word_1_148' title='bbox 1699 1227 1828 1256; x_wconf 90' lang='lat' dir='ltr'>contra</span> 
     </span>
     <span class='ocr_line' id='line_1_17' title="bbox 437 1282 1831 1337; baseline -0.002 -14"><span class='ocrx_word' id='word_1_149' title='bbox 437 1285 567 1323; x_wconf 89' lang='lat' dir='ltr'>omnia</span> <span class='ocrx_word' id='word_1_150' title='bbox 599 1284 742 1324; x_wconf 90' lang='lat' dir='ltr'>ostenta</span> <span class='ocrx_word' id='word_1_151' title='bbox 774 1285 921 1330; x_wconf 72' lang='lat' dir='ltr'>valeat,</span> <span class='ocrx_word' id='word_1_152' title='bbox 954 1297 1168 1337; x_wconf 85' lang='lat' dir='ltr'>nunquam,</span> <span class='ocrx_word' id='word_1_153' title='bbox 1201 1284 1306 1336; x_wconf 92' lang='lat' dir='ltr'>quod</span> <span class='ocrx_word' id='word_1_154' title='bbox 1326 1283 1407 1322; x_wconf 90' lang='lat' dir='ltr'>fieri</span> <span class='ocrx_word' id='word_1_155' title='bbox 1440 1297 1516 1322; x_wconf 89' lang='lat' dir='ltr'>non</span> <span class='ocrx_word' id='word_1_156' title='bbox 1547 1284 1727 1336; x_wconf 90' lang='lat' dir='ltr'>potuerit,</span> <span class='ocrx_word' id='word_1_157' title='bbox 1761 1282 1831 1320; x_wconf 82' lang='lat' dir='ltr'>effe</span> 
     </span>
     <span class='ocr_line' id='line_1_18' title="bbox 437 1350 1829 1404; baseline -0.002 -14"><span class='ocrx_word' id='word_1_158' title='bbox 437 1350 582 1390; x_wconf 63' lang='lat' dir='ltr'>factum</span> <span class='ocrx_word' id='word_1_159' title='bbox 597 1370 610 1397; x_wconf 67' lang='grc' dir='ltr'><strong><em>ς</em></strong></span> <span class='ocrx_word' id='word_1_160' title='bbox 642 1352 695 1390; x_wconf 86' lang='lat' dir='ltr'>fin</span> <span class='ocrx_word' id='word_1_161' title='bbox 716 1352 898 1404; x_wconf 88' lang='lat' dir='ltr'>potuerit,</span> <span class='ocrx_word' id='word_1_162' title='bbox 917 1365 994 1389; x_wconf 87' lang='lat' dir='ltr'>non</span> <span class='ocrx_word' id='word_1_163' title='bbox 1014 1351 1085 1390; x_wconf 79' lang='lat' dir='ltr'>ess’e</span> <span class='ocrx_word' id='word_1_164' title='bbox 1104 1351 1338 1389; x_wconf 81' lang='lat' dir='ltr'>mirandum.</span> <span class='ocrx_word' id='word_1_165' title='bbox 1362 1351 1571 1389; x_wconf 88' lang='lat' dir='ltr'>Causarum</span> <span class='ocrx_word' id='word_1_166' title='bbox 1591 1351 1696 1388; x_wconf 84' lang='lat' dir='ltr'>enim</span> <span class='ocrx_word' id='word_1_167' title='bbox 1717 1350 1829 1402; x_wconf 84' lang='lat' dir='ltr'>igno-</span> 
     </span>
     <span class='ocr_line' id='line_1_19' title="bbox 440 1415 1831 1469; baseline -0.002 -13"><span class='ocrx_word' id='word_1_168' title='bbox 440 1417 534 1456; x_wconf 89' lang='lat' dir='ltr'>ratio</span> <span class='ocrx_word' id='word_1_169' title='bbox 554 1418 594 1456; x_wconf 91' lang='lat' dir='ltr'>in</span> <span class='ocrx_word' id='word_1_170' title='bbox 626 1431 663 1456; x_wconf 92' lang='lat' dir='ltr'>re</span> <span class='ocrx_word' id='word_1_171' title='bbox 684 1431 780 1456; x_wconf 91' lang='lat' dir='ltr'>nova</span> <span class='ocrx_word' id='word_1_172' title='bbox 800 1417 1045 1456; x_wconf 87' lang='lat' dir='ltr'>mirationem</span> <span class='ocrx_word' id='word_1_173' title='bbox 1064 1415 1171 1455; x_wconf 83' lang='lat' dir='ltr'>facit.</span> <span class='ocrx_word' id='word_1_174' title='bbox 1218 1416 1364 1458; x_wconf 90' lang='lat' dir='ltr'>Eadem</span> <span class='ocrx_word' id='word_1_175' title='bbox 1384 1417 1572 1469; x_wconf 89' lang='lat' dir='ltr'>ignoratio</span> <span class='ocrx_word' id='word_1_176' title='bbox 1592 1416 1617 1454; x_wconf 89' lang='lat' dir='ltr'>s1</span> <span class='ocrx_word' id='word_1_177' title='bbox 1653 1417 1692 1453; x_wconf 89' lang='lat' dir='ltr'>in</span> <span class='ocrx_word' id='word_1_178' title='bbox 1721 1416 1831 1453; x_wconf 88' lang='lat' dir='ltr'>rebus</span> 
     </span>
     <span class='ocr_line' id='line_1_20' title="bbox 442 1481 1831 1535; baseline -0.001 -15"><span class='ocrx_word' id='word_1_179' title='bbox 442 1482 582 1520; x_wconf 81' lang='lat' dir='ltr'>ufitatis</span> <span class='ocrx_word' id='word_1_180' title='bbox 603 1483 668 1528; x_wconf 90' lang='lat' dir='ltr'>est,</span> <span class='ocrx_word' id='word_1_181' title='bbox 691 1496 768 1521; x_wconf 87' lang='lat' dir='ltr'>non</span> <span class='ocrx_word' id='word_1_182' title='bbox 788 1483 988 1521; x_wconf 86' lang='lat' dir='ltr'>miramur.</span> <span class='ocrx_word' id='word_1_183' title='bbox 1011 1483 1118 1521; x_wconf 88' lang='lat' dir='ltr'>Nam</span> <span class='ocrx_word' id='word_1_184' title='bbox 1136 1482 1204 1534; x_wconf 82' lang='lat' dir='ltr'>qui</span> <span class='ocrx_word' id='word_1_185' title='bbox 1225 1482 1372 1521; x_wconf 86' lang='lat' dir='ltr'>mulam</span> <span class='ocrx_word' id='word_1_186' title='bbox 1393 1481 1573 1535; x_wconf 85' lang='lat' dir='ltr'>peperiffe</span> <span class='ocrx_word' id='word_1_187' title='bbox 1593 1481 1767 1526; x_wconf 89' lang='lat' dir='ltr'>miratur,</span> <span class='ocrx_word' id='word_1_188' title='bbox 1786 1481 1831 1524; x_wconf 86' lang='lat' dir='ltr'>is,</span> 
     </span>
     <span class='ocr_line' id='line_1_21' title="bbox 442 1546 1832 1601; baseline -0.002 -15"><span class='ocrx_word' id='word_1_189' title='bbox 442 1561 520 1600; x_wconf 90' lang='lat' dir='ltr'>quo</span> <span class='ocrx_word' id='word_1_190' title='bbox 541 1548 658 1586; x_wconf 91' lang='lat' dir='ltr'>modo</span> <span class='ocrx_word' id='word_1_191' title='bbox 677 1561 773 1601; x_wconf 92' lang='lat' dir='ltr'>equa</span> <span class='ocrx_word' id='word_1_192' title='bbox 790 1549 922 1601; x_wconf 82' lang='lat' dir='ltr'>pariat,</span> <span class='ocrx_word' id='word_1_193' title='bbox 941 1557 1006 1586; x_wconf 86' lang='lat' dir='ltr'>aut</span> <span class='ocrx_word' id='word_1_194' title='bbox 1027 1548 1188 1587; x_wconf 89' lang='lat' dir='ltr'>omnino</span> <span class='ocrx_word' id='word_1_195' title='bbox 1203 1562 1286 1600; x_wconf 89' lang='lat' dir='ltr'>quae</span> <span class='ocrx_word' id='word_1_196' title='bbox 1307 1557 1439 1585; x_wconf 86' lang='lat' dir='ltr'>natura</span> <span class='ocrx_word' id='word_1_197' title='bbox 1456 1556 1608 1599; x_wconf 89' lang='lat' dir='ltr'>partum</span> <span class='ocrx_word' id='word_1_198' title='bbox 1628 1546 1832 1584; x_wconf 86' lang='lat' dir='ltr'>animantis</span> 
     </span>
     <span class='ocr_line' id='line_1_22' title="bbox 443 1611 1832 1665; baseline -0.003 -14"><span class='ocrx_word' id='word_1_199' title='bbox 443 1612 569 1658; x_wconf 88' lang='lat' dir='ltr'>faciat,</span> <span class='ocrx_word' id='word_1_200' title='bbox 593 1614 755 1665; x_wconf 86' lang='lat' dir='ltr'>ignorat.</span> <span class='ocrx_word' id='word_1_201' title='bbox 798 1614 882 1657; x_wconf 89' lang='lat' dir='ltr'>Sed,</span> <span class='ocrx_word' id='word_1_202' title='bbox 917 1613 1022 1665; x_wconf 88' lang='lat' dir='ltr'>quod</span> <span class='ocrx_word' id='word_1_203' title='bbox 1042 1613 1176 1651; x_wconf 89' lang='lat' dir='ltr'>crebro</span> <span class='ocrx_word' id='word_1_204' title='bbox 1206 1613 1323 1657; x_wconf 87' lang='lat' dir='ltr'>videt,</span> <span class='ocrx_word' id='word_1_205' title='bbox 1356 1626 1433 1650; x_wconf 90' lang='lat' dir='ltr'>non</span> <span class='ocrx_word' id='word_1_206' title='bbox 1455 1612 1626 1655; x_wconf 88' lang='lat' dir='ltr'>miratur,</span> <span class='ocrx_word' id='word_1_207' title='bbox 1648 1612 1764 1648; x_wconf 79' lang='lat' dir='ltr'>etiam</span> <span class='ocrx_word' id='word_1_208' title='bbox 1792 1611 1832 1655; x_wconf 79' lang='lat' dir='ltr'>si,</span> 
     </span>
     <span class='ocr_line' id='line_1_23' title="bbox 444 1675 1834 1729; baseline -0.002 -13"><span class='ocrx_word' id='word_1_209' title='bbox 444 1692 512 1716; x_wconf 93' lang='lat' dir='ltr'>cur</span> <span class='ocrx_word' id='word_1_210' title='bbox 531 1679 610 1722; x_wconf 90' lang='lat' dir='ltr'>fiat,</span> <span class='ocrx_word' id='word_1_211' title='bbox 647 1678 778 1716; x_wconf 88' lang='lat' dir='ltr'>nescit.</span> <span class='ocrx_word' id='word_1_212' title='bbox 821 1678 939 1729; x_wconf 84' lang='lat' dir='ltr'>Qod</span> <span class='ocrx_word' id='word_1_213' title='bbox 959 1686 1044 1715; x_wconf 89' lang='lat' dir='ltr'>ante</span> <span class='ocrx_word' id='word_1_214' title='bbox 1065 1690 1143 1715; x_wconf 90' lang='lat' dir='ltr'>non</span> <span class='ocrx_word' id='word_1_215' title='bbox 1162 1677 1272 1721; x_wconf 91' lang='lat' dir='ltr'>vidit,</span> <span class='ocrx_word' id='word_1_216' title='bbox 1304 1676 1343 1714; x_wconf 93' lang='lat' dir='ltr'>id</span> <span class='ocrx_word' id='word_1_217' title='bbox 1371 1677 1396 1713; x_wconf 89' lang='lat' dir='ltr'>s1</span> <span class='ocrx_word' id='word_1_218' title='bbox 1428 1676 1607 1720; x_wconf 87' lang='lat' dir='ltr'>evenerit,</span> <span class='ocrx_word' id='word_1_219' title='bbox 1643 1675 1834 1713; x_wconf 90' lang='lat' dir='ltr'>ostentum</span> 
     </span>
     <span class='ocr_line' id='line_1_24' title="bbox 443 1741 1834 1794; baseline -0.002 -13"><span class='ocrx_word' id='word_1_220' title='bbox 443 1743 514 1781; x_wconf 82' lang='lat' dir='ltr'>effe</span> <span class='ocrx_word' id='word_1_221' title='bbox 533 1742 671 1781; x_wconf 87' lang='lat' dir='ltr'>censet.</span> <span class='ocrx_word' id='word_1_222' title='bbox 723 1741 867 1780; x_wconf 66' lang='lat' dir='ltr'>Utrum</span> <span class='ocrx_word' id='word_1_223' title='bbox 899 1743 1029 1794; x_wconf 90' lang='lat' dir='ltr'>igitur,</span> <span class='ocrx_word' id='word_1_224' title='bbox 1060 1756 1150 1780; x_wconf 89' lang='lat' dir='ltr'>cum</span> <span class='ocrx_word' id='word_1_225' title='bbox 1171 1742 1349 1794; x_wconf 87' lang='lat' dir='ltr'>concepit</span> <span class='ocrx_word' id='word_1_226' title='bbox 1374 1742 1493 1785; x_wconf 87' lang='lat' dir='ltr'>mula,</span> <span class='ocrx_word' id='word_1_227' title='bbox 1524 1755 1570 1778; x_wconf 90' lang='lat' dir='ltr'>an</span> <span class='ocrx_word' id='word_1_228' title='bbox 1597 1755 1688 1779; x_wconf 90' lang='lat' dir='ltr'>cum</span> <span class='ocrx_word' id='word_1_229' title='bbox 1719 1754 1834 1794; x_wconf 90' lang='lat' dir='ltr'>pepe-</span> 
     </span>
     <span class='ocr_line' id='line_1_25' title="bbox 446 1805 1836 1860; baseline -0.004 -12"><span class='ocrx_word' id='word_1_230' title='bbox 446 1810 507 1854; x_wconf 91' lang='lat' dir='ltr'>rit,</span> <span class='ocrx_word' id='word_1_231' title='bbox 529 1808 720 1848; x_wconf 87' lang='lat' dir='ltr'>ostentum</span> <span class='ocrx_word' id='word_1_232' title='bbox 740 1807 792 1845; x_wconf 91' lang='lat' dir='ltr'>est</span> <span class='ocrx_word' id='word_1_233' title='bbox 810 1808 822 1844; x_wconf 95' lang='lat'>?</span> <span class='ocrx_word' id='word_1_234' title='bbox 846 1807 1060 1860; x_wconf 90' lang='lat' dir='ltr'>Conceptio</span> <span class='ocrx_word' id='word_1_235' title='bbox 1080 1815 1214 1844; x_wconf 85' lang='lat' dir='ltr'>contra</span> <span class='ocrx_word' id='word_1_236' title='bbox 1232 1815 1407 1844; x_wconf 89' lang='lat' dir='ltr'>naturam</span> <span class='ocrx_word' id='word_1_237' title='bbox 1426 1805 1575 1844; x_wconf 77' lang='lat' dir='ltr'>fortasse</span> <span class='ocrx_word' id='word_1_238' title='bbox 1588 1824 1599 1851; x_wconf 85' lang='lat'>;</span> <span class='ocrx_word' id='word_1_239' title='bbox 1628 1806 1689 1843; x_wconf 90' lang='lat' dir='ltr'>sed</span> <span class='ocrx_word' id='word_1_240' title='bbox 1709 1815 1836 1858; x_wconf 86' lang='lat' dir='ltr'>partus</span> 
     </span>
     <span class='ocr_line' id='line_1_26' title="bbox 445 1870 1836 1927; baseline -0.004 -15"><span class='ocrx_word' id='word_1_241' title='bbox 445 1887 563 1927; x_wconf 92' lang='lat' dir='ltr'>prope</span> <span class='ocrx_word' id='word_1_242' title='bbox 582 1873 816 1911; x_wconf 86' lang='lat' dir='ltr'>necessarius.</span> <span class='ocrx_word' id='word_1_243' title='bbox 863 1872 934 1910; x_wconf 90' lang='lat' dir='ltr'>Sed</span> <span class='ocrx_word' id='word_1_244' title='bbox 955 1871 1049 1924; x_wconf 88' lang='lat' dir='ltr'>quid</span> <span class='ocrx_word' id='word_1_245' title='bbox 1069 1872 1178 1924; x_wconf 84' lang='lat' dir='ltr'>plura</span> <span class='ocrx_word' id='word_1_246' title='bbox 1196 1872 1209 1909; x_wconf 92' lang='lat'>?</span> <span class='ocrx_word' id='word_1_247' title='bbox 1243 1872 1388 1909; x_wconf 82' lang='lat' dir='ltr'>Ortum</span> <span class='ocrx_word' id='word_1_248' title='bbox 1409 1871 1602 1908; x_wconf 85' lang='lat' dir='ltr'>videamus</span> <span class='ocrx_word' id='word_1_249' title='bbox 1624 1870 1836 1923; x_wconf 90' lang='lat' dir='ltr'>haruspici-</span> 
     </span>
     <span class='ocr_line' id='line_1_27' title="bbox 446 1937 1664 1991; baseline -0.003 -13"><span class='ocrx_word' id='word_1_250' title='bbox 446 1954 503 1979; x_wconf 86' lang='lat' dir='ltr'>nae</span> <span class='ocrx_word' id='word_1_251' title='bbox 521 1955 530 1978; x_wconf 91' lang='lat'><strong>:</strong></span> <span class='ocrx_word' id='word_1_252' title='bbox 562 1939 612 1977; x_wconf 89' lang='lat' dir='ltr'>fic</span> <span class='ocrx_word' id='word_1_253' title='bbox 632 1938 832 1984; x_wconf 89' lang='lat' dir='ltr'>facillime,</span> <span class='ocrx_word' id='word_1_254' title='bbox 854 1938 948 1991; x_wconf 90' lang='lat' dir='ltr'>quid</span> <span class='ocrx_word' id='word_1_255' title='bbox 966 1937 1102 1976; x_wconf 89' lang='lat' dir='ltr'>habeat</span> <span class='ocrx_word' id='word_1_256' title='bbox 1123 1937 1370 1982; x_wconf 53' lang='lat' dir='ltr'>auctoritatis,</span> <span class='ocrx_word' id='word_1_257' title='bbox 1385 1937 1664 1989; x_wconf 72' lang='lat' dir='ltr'>judicabimus.</span> 
     </span>
    </p>

    <p class='ocr_par' dir='ltr' id='par_1_4' title="bbox 449 2003 1847 2454">
     <span class='ocr_line' id='line_1_28' title="bbox 501 2003 1841 2058; baseline -0.004 -13"><span class='ocrx_word' id='word_1_258' title='bbox 501 2007 654 2045; x_wconf 91' lang='lat' dir='ltr'><strong>XXIII.</strong></span> <span class='ocrx_word' id='word_1_259' title='bbox 686 2007 813 2058; x_wconf 86' lang='lat' dir='ltr'>Tages</span> <span class='ocrx_word' id='word_1_260' title='bbox 831 2005 990 2058; x_wconf 88' lang='lat' dir='ltr'>quidam</span> <span class='ocrx_word' id='word_1_261' title='bbox 1010 2005 1152 2043; x_wconf 88' lang='lat' dir='ltr'>dicitur</span> <span class='ocrx_word' id='word_1_262' title='bbox 1171 2005 1211 2042; x_wconf 90' lang='lat' dir='ltr'>in</span> <span class='ocrx_word' id='word_1_263' title='bbox 1231 2017 1320 2057; x_wconf 89' lang='lat' dir='ltr'>agro</span> <span class='ocrx_word' id='word_1_264' title='bbox 1336 2003 1620 2056; x_wconf 88' lang='lat' dir='ltr'>Tarquinienfi,</span> <span class='ocrx_word' id='word_1_265' title='bbox 1637 2017 1728 2041; x_wconf 90' lang='lat' dir='ltr'>cum</span> <span class='ocrx_word' id='word_1_266' title='bbox 1746 2013 1841 2041; x_wconf 77' lang='lat' dir='ltr'>terra</span> 
     </span>
     <span class='ocr_line' id='line_1_29' title="bbox 449 2068 1841 2123; baseline -0.003 -13"><span class='ocrx_word' id='word_1_267' title='bbox 449 2081 625 2116; x_wconf 89' lang='lat' dir='ltr'>araretur,</span> <span class='ocrx_word' id='word_1_268' title='bbox 647 2079 685 2109; x_wconf 90' lang='lat' dir='ltr'>et</span> <span class='ocrx_word' id='word_1_269' title='bbox 705 2070 831 2109; x_wconf 85' lang='lat' dir='ltr'>sulcus</span> <span class='ocrx_word' id='word_1_270' title='bbox 851 2070 964 2108; x_wconf 89' lang='lat' dir='ltr'>altius</span> <span class='ocrx_word' id='word_1_271' title='bbox 985 2069 1074 2108; x_wconf 84' lang='lat' dir='ltr'>effet</span> <span class='ocrx_word' id='word_1_272' title='bbox 1092 2069 1304 2123; x_wconf 84' lang='lat' dir='ltr'>impreffus,</span> <span class='ocrx_word' id='word_1_273' title='bbox 1326 2068 1488 2107; x_wconf 83' lang='lat' dir='ltr'>extitiffe</span> <span class='ocrx_word' id='word_1_274' title='bbox 1508 2078 1675 2121; x_wconf 89' lang='lat' dir='ltr'>repente,</span> <span class='ocrx_word' id='word_1_275' title='bbox 1694 2077 1732 2106; x_wconf 91' lang='lat' dir='ltr'>et</span> <span class='ocrx_word' id='word_1_276' title='bbox 1750 2081 1841 2106; x_wconf 91' lang='lat' dir='ltr'>eum</span> 
     </span>
     <span class='ocr_line' id='line_1_30' title="bbox 450 2134 1840 2188; baseline -0.003 -13"><span class='ocrx_word' id='word_1_277' title='bbox 450 2137 582 2176; x_wconf 83' lang='lat' dir='ltr'>affatus</span> <span class='ocrx_word' id='word_1_278' title='bbox 595 2137 679 2182; x_wconf 84' lang='lat' dir='ltr'>effe,</span> <span class='ocrx_word' id='word_1_279' title='bbox 689 2137 756 2188; x_wconf 91' lang='lat' dir='ltr'>qui</span> <span class='ocrx_word' id='word_1_280' title='bbox 772 2137 909 2174; x_wconf 89' lang='lat' dir='ltr'>arabat.</span> <span class='ocrx_word' id='word_1_281' title='bbox 932 2137 968 2174; x_wconf 89' lang='lat' dir='ltr'>Is</span> <span class='ocrx_word' id='word_1_282' title='bbox 982 2145 1110 2174; x_wconf 88' lang='lat' dir='ltr'>autem</span> <span class='ocrx_word' id='word_1_283' title='bbox 1119 2138 1258 2188; x_wconf 87' lang='lat' dir='ltr'>Tages,</span> <span class='ocrx_word' id='word_1_284' title='bbox 1274 2144 1315 2173; x_wconf 93' lang='lat' dir='ltr'>ut</span> <span class='ocrx_word' id='word_1_285' title='bbox 1331 2136 1370 2173; x_wconf 89' lang='lat' dir='ltr'>in</span> <span class='ocrx_word' id='word_1_286' title='bbox 1392 2134 1498 2172; x_wconf 89' lang='lat' dir='ltr'>libris</span> <span class='ocrx_word' id='word_1_287' title='bbox 1511 2134 1563 2171; x_wconf 92' lang='lat' dir='ltr'>est</span> <span class='ocrx_word' id='word_1_288' title='bbox 1576 2134 1840 2179; x_wconf 90' lang='lat' dir='ltr'>Etruscorum,</span> 
     </span>
     <span class='ocr_line' id='line_1_31' title="bbox 452 2198 1842 2256; baseline -0.004 -16"><span class='ocrx_word' id='word_1_289' title='bbox 452 2203 590 2256; x_wconf 89' lang='lat' dir='ltr'>puerili</span> <span class='ocrx_word' id='word_1_290' title='bbox 610 2202 732 2255; x_wconf 85' lang='lat' dir='ltr'>specie</span> <span class='ocrx_word' id='word_1_291' title='bbox 752 2202 894 2239; x_wconf 90' lang='lat' dir='ltr'>dicitur</span> <span class='ocrx_word' id='word_1_292' title='bbox 909 2201 1021 2245; x_wconf 89' lang='lat' dir='ltr'>visus,</span> <span class='ocrx_word' id='word_1_293' title='bbox 1053 2201 1113 2239; x_wconf 92' lang='lat' dir='ltr'>sed</span> <span class='ocrx_word' id='word_1_294' title='bbox 1133 2200 1241 2238; x_wconf 87' lang='lat' dir='ltr'>senili</span> <span class='ocrx_word' id='word_1_295' title='bbox 1261 2200 1369 2238; x_wconf 68' lang='lat' dir='ltr'>fuisse</span> <span class='ocrx_word' id='word_1_296' title='bbox 1393 2199 1605 2252; x_wconf 88' lang='lat' dir='ltr'>prudentia.</span> <span class='ocrx_word' id='word_1_297' title='bbox 1652 2199 1746 2250; x_wconf 87' lang='lat' dir='ltr'>Ejus</span> <span class='ocrx_word' id='word_1_298' title='bbox 1774 2198 1842 2235; x_wconf 86' lang='lat' dir='ltr'>ad-</span> 
     </span>
     <span class='ocr_line' id='line_1_32' title="bbox 454 2267 1845 2322; baseline -0.004 -15"><span class='ocrx_word' id='word_1_299' title='bbox 454 2269 579 2322; x_wconf 63' lang='lat' dir='ltr'>spectu</span> <span class='ocrx_word' id='word_1_300' title='bbox 614 2282 705 2306; x_wconf 91' lang='lat' dir='ltr'>cum</span> <span class='ocrx_word' id='word_1_301' title='bbox 734 2267 983 2321; x_wconf 86' lang='lat' dir='ltr'>obstupuiffet</span> <span class='ocrx_word' id='word_1_302' title='bbox 1003 2268 1211 2312; x_wconf 88' lang='lat' dir='ltr'>bubulcus,</span> <span class='ocrx_word' id='word_1_303' title='bbox 1242 2267 1527 2319; x_wconf 82' lang='lat' dir='ltr'>clamoremque</span> <span class='ocrx_word' id='word_1_304' title='bbox 1548 2267 1732 2317; x_wconf 90' lang='lat' dir='ltr'>majorem</span> <span class='ocrx_word' id='word_1_305' title='bbox 1752 2277 1845 2302; x_wconf 91' lang='lat' dir='ltr'>cum</span> 
     </span>
     <span class='ocr_line' id='line_1_33' title="bbox 452 2330 1845 2384; baseline -0.004 -11"><span class='ocrx_word' id='word_1_306' title='bbox 452 2335 701 2373; x_wconf 87' lang='lat' dir='ltr'>admiratione</span> <span class='ocrx_word' id='word_1_307' title='bbox 735 2333 931 2379; x_wconf 72' lang='lat' dir='ltr'>edidisset,</span> <span class='ocrx_word' id='word_1_308' title='bbox 963 2333 1190 2372; x_wconf 88' lang='lat' dir='ltr'>concursum</span> <span class='ocrx_word' id='word_1_309' title='bbox 1224 2332 1294 2370; x_wconf 81' lang='lat' dir='ltr'>effe</span> <span class='ocrx_word' id='word_1_310' title='bbox 1325 2332 1484 2377; x_wconf 56' lang='lat' dir='ltr'>faitum,</span> <span class='ocrx_word' id='word_1_311' title='bbox 1513 2340 1711 2384; x_wconf 89' lang='lat' dir='ltr'>totamque</span> <span class='ocrx_word' id='word_1_312' title='bbox 1741 2330 1845 2368; x_wconf 92' lang='lat' dir='ltr'>brevi</span> 
     </span>
     <span class='ocr_line' id='line_1_34' title="bbox 456 2396 1847 2454; baseline -0.005 -15"><span class='ocrx_word' id='word_1_313' title='bbox 456 2410 627 2454; x_wconf 89' lang='lat' dir='ltr'>tempore</span> <span class='ocrx_word' id='word_1_314' title='bbox 656 2402 695 2438; x_wconf 89' lang='lat' dir='ltr'>in</span> <span class='ocrx_word' id='word_1_315' title='bbox 717 2414 808 2439; x_wconf 89' lang='lat' dir='ltr'>eum</span> <span class='ocrx_word' id='word_1_316' title='bbox 828 2400 960 2438; x_wconf 92' lang='lat' dir='ltr'>locum</span> <span class='ocrx_word' id='word_1_317' title='bbox 982 2400 1177 2438; x_wconf 89' lang='lat' dir='ltr'>Etruriam</span> <span class='ocrx_word' id='word_1_318' title='bbox 1205 2398 1443 2437; x_wconf 86' lang='lat' dir='ltr'>conveniffe:</span> <span class='ocrx_word' id='word_1_319' title='bbox 1477 2408 1562 2437; x_wconf 88' lang='lat' dir='ltr'>tum</span> <span class='ocrx_word' id='word_1_320' title='bbox 1593 2398 1707 2439; x_wconf 87' lang='lat' dir='ltr'>illum</span> <span class='ocrx_word' id='word_1_321' title='bbox 1739 2396 1847 2449; x_wconf 74' lang='lat' dir='ltr'>plura</span> 
     </span>
    </p>
   </div>
   <div class='ocr_carea' id='block_1_3' title="bbox 459 2461 1846 2571">
    <p class='ocr_par' dir='ltr' id='par_1_5' title="bbox 459 2461 1846 2571">
     <span class='ocr_line' id='line_1_35' title="bbox 459 2461 1846 2518; baseline -0.004 -16"><span class='ocrx_word' id='word_1_322' title='bbox 459 2464 633 2504; x_wconf 88' lang='lat' dir='ltr'>locutum</span> <span class='ocrx_word' id='word_1_323' title='bbox 664 2467 798 2505; x_wconf 86' lang='lat' dir='ltr'>multis</span> <span class='ocrx_word' id='word_1_324' title='bbox 829 2466 1086 2512; x_wconf 74' lang='lat' dir='ltr'>audientibus,</span> <span class='ocrx_word' id='word_1_325' title='bbox 1117 2465 1185 2518; x_wconf 89' lang='lat' dir='ltr'>qui</span> <span class='ocrx_word' id='word_1_326' title='bbox 1205 2465 1336 2504; x_wconf 83' lang='lat' dir='ltr'>onmia</span> <span class='ocrx_word' id='word_1_327' title='bbox 1370 2466 1450 2515; x_wconf 79' lang='lat' dir='ltr'>ejus</span> <span class='ocrx_word' id='word_1_328' title='bbox 1479 2464 1589 2502; x_wconf 85' lang='lat' dir='ltr'>verba</span> <span class='ocrx_word' id='word_1_329' title='bbox 1616 2461 1846 2513; x_wconf 78' lang='lat' dir='ltr'>exceperint,</span> 
     </span>
     <span class='ocr_line' id='line_1_36' title="bbox 541 2530 1553 2571; baseline -0.001 -4"><span class='ocrx_word' id='word_1_330' title='bbox 541 2531 668 2569; x_wconf 78' lang='lat' dir='ltr'>ToM.</span> <span class='ocrx_word' id='word_1_331' title='bbox 702 2533 774 2571; x_wconf 90' lang='lat'>111.</span> <span class='ocrx_word' id='word_1_332' title='bbox 1537 2530 1553 2566; x_wconf 93' lang='grc' dir='ltr'><strong>Ι</strong></span> 
     </span>
    </p>
   </div>
  </div>
 </body>
</html>
