2223 3003
497 263 578 305 266
896 262 1000 300 DE
1074 261 1502 300 OFFICIIS

554 366 666 404 VIII.
691 365 794 402 Cum
816 361 937 414 igitur
961 361 1089 413 aliqua
1108 360 1248 414 species
1269 361 1446 400 utilitatis
1466 361 1615 414 objed’ta
1633 357 1902 407 estjcommo-

499 432 578 470 veri
599 429 741 468 neceffe
771 428 837 466 est.
880 426 951 465 Sed
971 427 1012 472 fi,
1047 440 1140 465 cum
1160 427 1336 465 animum
1363 427 1582 472 attenderis,
1618 428 1903 481 turpitudinem

496 497 624 534 videas
655 495 874 546 adjunctam
899 493 934 531 ei
967 493 1036 538 rei,
1069 507 1156 546 quae
1175 493 1339 547 speciem
1371 494 1549 532 utilitatis
1579 493 1749 532 attulerit
1764 513 1777 539 ;
1808 503 1904 533 tune

495 574 576 599 non
612 560 758 598 utilitas
792 558 1040 611 relinquenda
1067 557 1134 603 est,
1165 558 1227 596 sed
1261 558 1571 611 intelligendum,
1600 559 1668 597 ubi
1702 559 1904 613 turpitudo

496 625 556 671 fit,
588 625 645 663 ibi
666 625 876 663 utilitatem
905 622 976 662 effe
996 637 1075 662 non
1094 623 1210 676 posse.
1256 624 1364 676 Qid
1396 624 1421 662 fi
1452 623 1552 663 nihil
1584 624 1637 662 est
1667 633 1746 663 tam
1770 631 1906 663 contra

496 700 690 737 naturam,
729 704 850 744 quam
887 690 1102 743 turpitudo,
1148 691 1265 743 (resta
1301 691 1422 737 enim,
1463 700 1501 729 et
1538 691 1819 736 convenientia,
1866 697 1906 729 et

497 758 709 798 constantia
745 766 879 796 natura
903 756 1105 802 desiderat,
1148 757 1442 810 aspernaturque
1476 757 1682 809 contraria)
1727 756 1908 810 nihilque

497 833 580 863 tam
600 823 811 863 secundum
829 832 1020 867 naturam,
1049 836 1167 874 quam
1202 823 1348 861 utilitas
1369 842 1381 868 ς
1412 832 1515 862 certe
1549 825 1590 862 in
1610 823 1744 862 eadem
1765 837 1803 862 re
1822 822 1904 861 uti-

497 891 584 929 litas
605 899 643 928 et
663 887 864 942 turpitudo
882 887 952 926 effe
972 899 1050 926 non
1069 887 1204 940 potest.
1239 888 1430 940 Itemque,
1452 887 1479 926 fi
1499 888 1546 927 ad
1564 889 1802 928 honestatem
1823 888 1905 927 nati

498 955 646 1000 sumus,
676 967 795 1007 eaque
813 963 878 992 aut
897 953 974 992 sola
991 953 1205 1007 expetenda
1233 952 1300 999 est,
1331 963 1375 992 ut
1395 954 1546 992 Zenoni
1575 954 1701 993 visum
1731 954 1809 1000 est,
1840 962 1906 992 aut

498 1029 600 1059 certe
620 1020 731 1059 omni
750 1019 917 1074 pondere
936 1019 1086 1073 gravior
1104 1017 1294 1065 habenda,
1322 1033 1441 1072 quam
1462 1019 1608 1073 reliqua
1626 1020 1771 1065 omnia,
1798 1019 1905 1072 quod

497 1086 695 1126 Aristoteli
715 1086 840 1140 placet
851 1104 864 1132 ς
897 1084 1043 1124 neceffe
1061 1085 1128 1131 est,
1159 1085 1264 1138 quod
1284 1083 1489 1124 honestum
1510 1085 1569 1131 fit,
1602 1085 1642 1123 id
1661 1085 1733 1124 effe
1756 1095 1823 1124 aut
1842 1085 1903 1124 so·-

497 1152 597 1198 lum,
619 1161 685 1191 aut
704 1152 905 1191 summum
926 1151 1075 1190 bonum
1092 1166 1102 1190 ε
1134 1151 1240 1204 quod
1259 1160 1389 1190 autem
1409 1151 1574 1198 bonum,
1600 1151 1641 1190 id
1660 1159 1763 1190 certe
1783 1151 1904 1190 utile:

497 1219 551 1258 ita
570 1219 763 1272 quidquid
781 1217 1000 1266 honestum,
1021 1218 1062 1256 id
1082 1218 1192 1258 utile.

554 1287 683 1338 Qare
716 1300 817 1324 error
851 1285 1060 1324 hominum
1094 1299 1171 1324 non
1209 1286 1437 1339 proborum,
1474 1300 1565 1325 cum
1599 1285 1760 1340 aliquid,
1798 1284 1905 1338 quod

499 1350 593 1389 utile
612 1351 735 1389 visum
757 1351 823 1397 est,
853 1352 1028 1404 arripuit,
1055 1351 1096 1389 id
1126 1352 1312 1390 continuo
1332 1352 1492 1391 secernit
1512 1353 1558 1391 ab
1578 1351 1751 1391 honesto.
1794 1352 1906 1390 Hinc

498 1417 593 1462 ficae,
624 1416 716 1456 hinc
747 1430 905 1462 venena,
935 1415 1030 1456 hinc
1055 1416 1147 1456 falsa
1167 1418 1390 1457 testamenta
1409 1418 1615 1457 nascuntur
1630 1437 1642 1464 3
1673 1417 1768 1456 hinc
1788 1416 1904 1462 furta,

497 1483 723 1536 peculatus,
764 1482 1036 1536 expilationes,
1080 1483 1390 1536 direptionesque
1425 1483 1617 1522 sociorum
1648 1493 1686 1521 et
1723 1483 1870 1520 civium
1891 1499 1905 1527 3

497 1548 592 1587 hinc
623 1562 744 1602 opum
779 1548 989 1587 nimiarum
1023 1549 1206 1601 potentiae
1236 1563 1314 1587 non
1343 1548 1533 1588 ferendae:
1565 1549 1756 1602 postremo
1787 1548 1906 1586 etiam

496 1615 538 1654 in
558 1615 689 1654 liberis
710 1614 932 1653 civitatibus
964 1614 1148 1667 regnandi
1168 1615 1335 1653 existunt
1355 1615 1600 1668 cupiditates,
1631 1615 1774 1668 quibus
1806 1613 1907 1653 nihil

497 1694 568 1722 nec
598 1681 748 1725 tetrius,
778 1693 849 1718 nec
883 1678 1026 1718 foedius
1060 1680 1268 1733 excogitari
1298 1680 1432 1733 potest.
1492 1681 1772 1719 Emolumenta
1801 1680 1907 1718 enim

497 1761 627 1787 rerum
656 1746 858 1786 fallacibus
880 1746 1041 1799 judiciis
1062 1746 1193 1785 vident
1210 1765 1219 1791 ;
1254 1760 1408 1799 poenam
1430 1760 1507 1785 non
1530 1747 1617 1785 dico
1639 1747 1785 1800 legum,
1812 1758 1906 1799 quas

497 1813 592 1866 saepe
617 1820 889 1866 perrumpunt,
929 1812 990 1851 sed
1022 1811 1137 1866 ipsius
1168 1813 1434 1867 turpitudinis,
1472 1826 1558 1866 qua:
1585 1811 1819 1851 acerbissima
1838 1810 1904 1856 est,

499 1891 576 1917 non
597 1878 742 1916 vident.

555 1944 825 1997 Qamobrem
859 1942 936 1982 hoc
956 1943 1115 1997 quidem
1137 1944 1433 1983 deliberantium
1454 1958 1574 1998 genus
1596 1946 1758 1998 pell-‚itur
1778 1958 1797 1983 e
1819 1958 1905 1983 me-

499 2011 577 2056 dio,
611 2009 691 2062 (est
720 2009 824 2048 enim
853 2018 981 2048 totum
1012 2010 1235 2049 sceleratum
1273 2020 1311 2049 et
1346 2011 1542 2064 impium)
1576 2011 1643 2063 qui
1679 2011 1905 2055 deliberant,

500 2086 633 2116 utrum
653 2075 692 2114 id
713 2075 932 2127 sequantur,
964 2076 1069 2128 quod
1088 2075 1292 2114 honestum
1324 2075 1395 2114 effe
1416 2076 1582 2121 videant,
1614 2090 1659 2114 an
1682 2076 1716 2114 le
1748 2076 1906 2114 scientes

500 2143 638 2182 scelere
668 2141 962 2181 contaminent:
1006 2141 1045 2179 in
1081 2142 1159 2195 ipsa
1193 2143 1297 2180 enim
1330 2142 1572 2181 dubitatione
1603 2141 1752 2180 facinus
1786 2142 1905 2187 inest,

499 2210 643 2249 etiamsi
664 2209 709 2247 ad
731 2209 769 2247 id
791 2221 867 2247 non
889 2208 1144 2262 pervenerint.
1191 2209 1297 2262 Ergo
1325 2222 1366 2246 ca
1386 2209 1628 2247 deliberanda
1647 2209 1809 2247 omnino
1830 2222 1907 2247 non

503 2277 602 2322 sunt,
624 2277 663 2315 in
684 2276 826 2328 quibus
847 2275 899 2314 est
920 2275 1041 2328 turpis
1068 2275 1146 2328 ipsa
1166 2275 1390 2314 deliberatio
1408 2291 1416 2315 :
1448 2285 1562 2329 atque
1592 2277 1709 2314 etiam
1730 2289 1775 2314 ex
1797 2276 1906 2313 omni

501 2342 774 2382 deliberatione
793 2341 942 2380 celandi
963 2352 999 2379 et
1019 2342 1239 2380 occultandi
1257 2342 1338 2394 spes
1358 2342 1569 2394 opinioque
1590 2341 1818 2379 removenda
1837 2343 1904 2381 cst.

504 2408 597 2447 Satis
624 2408 728 2445 enim
757 2407 868 2445 nobis
905 2407 954 2458 (si
986 2407 1104 2446 modo
1135 2407 1174 2446 in
1197 2406 1438 2461 philosophia
1471 2407 1617 2460 aliquid
1651 2406 1904 2460 profecimus)

504 2474 717 2529 persuasum
739 2473 810 2512 esse
830 2474 997 2519 debet,s1
1019 2488 1153 2514 omnes
1172 2475 1275 2513 Deos
1293 2473 1543 2526 hominesque
1564 2473 1684 2512 celare
1707 2473 1904 2526 pollinius,

504 2539 603 2579 nihil
626 2550 753 2579 tamen
775 2553 894 2584 avare,
930 2539 1028 2579 nihil
1050 2540 1200 2594 injuste,
1235 2538 1330 2579 nihil
1354 2539 1570 2585 libidinose,
1605 2538 1701 2578 nihil
1734 2539 1906 2578 inconti-

504 2615 638 2645 nenter
657 2605 726 2645 effe
748 2605 985 2646 faciendum.
