<?xml version="1.0" encoding="UTF-8"?>
<!DOCTYPE html PUBLIC "-//W3C//DTD XHTML 1.0 Transitional//EN"
    "http://www.w3.org/TR/xhtml1/DTD/xhtml1-transitional.dtd">
<html xmlns="http://www.w3.org/1999/xhtml" xml:lang="en" lang="en">
 <head>
  <title>
</title>
<meta http-equiv="Content-Type" content="text/html;charset=utf-8" />
  <meta name='ocr-system' content='tesseract 3.04.00' />
  <meta name='ocr-capabilities' content='ocr_page ocr_carea ocr_par ocr_line ocrx_word'/>
</head>
<body>
  <div class='ocr_page' id='page_1' title='image "./operacumindicibu03ciceuoft_0127.png"; bbox 0 0 2223 3003; ppageno 0'>
   <div class='ocr_carea' id='block_1_1' title="bbox 754 243 1797 286">
    <p class='ocr_par' dir='ltr' id='par_1_1' title="bbox 754 243 1797 286">
     <span class='ocr_line' id='line_1_1' title="bbox 754 243 1797 286; baseline -0.005 0"><span class='ocrx_word' id='word_1_1' title='bbox 754 245 1031 286; x_wconf 89' lang='lat' dir='ltr'>LIBER</span> <span class='ocrx_word' id='word_1_2' title='bbox 1094 243 1453 283; x_wconf 84' lang='lat' dir='ltr'><strong>PRIMUS.</strong></span> <span class='ocrx_word' id='word_1_3' title='bbox 1729 253 1797 282; x_wconf 78' lang='lat'>121</span> 
     </span>
    </p>
   </div>
   <div class='ocr_carea' id='block_1_2' title="bbox 406 336 1820 2508">
    <p class='ocr_par' dir='ltr' id='par_1_2' title="bbox 406 336 1806 648">
     <span class='ocr_line' id='line_1_2' title="bbox 406 336 1801 400; baseline -0.008 -15"><span class='ocrx_word' id='word_1_4' title='bbox 406 346 492 386; x_wconf 60' lang='lat' dir='ltr'>haec</span> <span class='ocrx_word' id='word_1_5' title='bbox 512 344 718 400; x_wconf 87' lang='lat' dir='ltr'>posterius:</span> <span class='ocrx_word' id='word_1_6' title='bbox 751 357 854 382; x_wconf 89' lang='lat' dir='ltr'>nunc</span> <span class='ocrx_word' id='word_1_7' title='bbox 870 345 967 396; x_wconf 88' lang='lat' dir='ltr'>juris</span> <span class='ocrx_word' id='word_1_8' title='bbox 989 342 1178 396; x_wconf 84' lang='lat' dir='ltr'>principia</span> <span class='ocrx_word' id='word_1_9' title='bbox 1196 341 1404 379; x_wconf 84' lang='lat' dir='ltr'>videamus.</span> <span class='ocrx_word' id='word_1_10' title='bbox 1437 338 1560 392; x_wconf 84' lang='lat' dir='ltr'>Igitur</span> <span class='ocrx_word' id='word_1_11' title='bbox 1581 336 1801 375; x_wconf 66' lang='lat' dir='ltr'>doetisfimis</span> 
     </span>
     <span class='ocr_line' id='line_1_3' title="bbox 409 404 1805 466; baseline -0.008 -15"><span class='ocrx_word' id='word_1_12' title='bbox 409 415 499 451; x_wconf 87' lang='lat' dir='ltr'>viris</span> <span class='ocrx_word' id='word_1_13' title='bbox 521 411 709 466; x_wconf 85' lang='lat' dir='ltr'>proficisci</span> <span class='ocrx_word' id='word_1_14' title='bbox 730 411 875 463; x_wconf 77' lang='lat' dir='ltr'>placuit</span> <span class='ocrx_word' id='word_1_15' title='bbox 894 424 914 447; x_wconf 91' lang='lat' dir='ltr'>a</span> <span class='ocrx_word' id='word_1_16' title='bbox 933 411 1042 462; x_wconf 83' lang='lat' dir='ltr'>legc;</span> <span class='ocrx_word' id='word_1_17' title='bbox 1074 409 1178 447; x_wconf 89' lang='lat' dir='ltr'>haud</span> <span class='ocrx_word' id='word_1_18' title='bbox 1210 408 1285 446; x_wconf 91' lang='lat' dir='ltr'>scio</span> <span class='ocrx_word' id='word_1_19' title='bbox 1318 421 1363 445; x_wconf 87' lang='lat' dir='ltr'>an</span> <span class='ocrx_word' id='word_1_20' title='bbox 1395 408 1508 450; x_wconf 69' lang='lat' dir='ltr'>rec‘te,</span> <span class='ocrx_word' id='word_1_21' title='bbox 1543 404 1569 442; x_wconf 89' lang='lat' dir='ltr'>s1</span> <span class='ocrx_word' id='word_1_22' title='bbox 1595 404 1725 447; x_wconf 86' lang='lat' dir='ltr'>m0d0‚</span> <span class='ocrx_word' id='word_1_23' title='bbox 1762 412 1805 441; x_wconf 90' lang='lat' dir='ltr'>ut</span> 
     </span>
     <span class='ocr_line' id='line_1_4' title="bbox 410 469 1806 522; baseline -0.008 -5"><span class='ocrx_word' id='word_1_24' title='bbox 410 479 530 517; x_wconf 87' lang='lat' dir='ltr'>iidem</span> <span class='ocrx_word' id='word_1_25' title='bbox 550 478 752 520; x_wconf 88' lang='lat' dir='ltr'>definiunt,</span> <span class='ocrx_word' id='word_1_26' title='bbox 775 477 858 513; x_wconf 81' lang='lat' dir='ltr'>Lex</span> <span class='ocrx_word' id='word_1_27' title='bbox 877 475 928 512; x_wconf 87' lang='lat' dir='ltr'>est</span> <span class='ocrx_word' id='word_1_28' title='bbox 947 476 1041 512; x_wconf 84' lang='lat' dir='ltr'>ratio</span> <span class='ocrx_word' id='word_1_29' title='bbox 1061 474 1224 517; x_wconf 89' lang='lat' dir='ltr'>summa,</span> <span class='ocrx_word' id='word_1_30' title='bbox 1247 473 1353 511; x_wconf 74' lang='lat' dir='ltr'>insita</span> <span class='ocrx_word' id='word_1_31' title='bbox 1369 473 1408 510; x_wconf 86' lang='lat' dir='ltr'>in</span> <span class='ocrx_word' id='word_1_32' title='bbox 1430 481 1574 515; x_wconf 86' lang='lat' dir='ltr'>natura,</span> <span class='ocrx_word' id='word_1_33' title='bbox 1593 484 1677 522; x_wconf 84' lang='lat' dir='ltr'>quae</span> <span class='ocrx_word' id='word_1_34' title='bbox 1692 469 1806 521; x_wconf 87' lang='lat' dir='ltr'>jubet</span> 
     </span>
     <span class='ocr_line' id='line_1_5' title="bbox 409 537 1806 598; baseline -0.007 -15"><span class='ocrx_word' id='word_1_35' title='bbox 409 559 466 590; x_wconf 87' lang='lat' dir='ltr'>ea,</span> <span class='ocrx_word' id='word_1_36' title='bbox 489 559 573 598; x_wconf 82' lang='lat' dir='ltr'>quae</span> <span class='ocrx_word' id='word_1_37' title='bbox 589 542 762 582; x_wconf 89' lang='lat' dir='ltr'>facienda</span> <span class='ocrx_word' id='word_1_38' title='bbox 779 541 880 584; x_wconf 88' lang='lat' dir='ltr'>sunt,</span> <span class='ocrx_word' id='word_1_39' title='bbox 907 539 1164 592; x_wconf 85' lang='lat' dir='ltr'>prohibetque</span> <span class='ocrx_word' id='word_1_40' title='bbox 1183 540 1383 577; x_wconf 81' lang='lat' dir='ltr'>contraria.</span> <span class='ocrx_word' id='word_1_41' title='bbox 1426 538 1572 576; x_wconf 85' lang='lat' dir='ltr'>Eadem</span> <span class='ocrx_word' id='word_1_42' title='bbox 1593 537 1688 574; x_wconf 90' lang='lat' dir='ltr'>ratio</span> <span class='ocrx_word' id='word_1_43' title='bbox 1713 548 1806 574; x_wconf 87' lang='lat' dir='ltr'>cum</span> 
     </span>
     <span class='ocr_line' id='line_1_6' title="bbox 409 602 1530 648; baseline -0.009 1"><span class='ocrx_word' id='word_1_44' title='bbox 409 610 464 648; x_wconf 90' lang='lat' dir='ltr'>est</span> <span class='ocrx_word' id='word_1_45' title='bbox 483 611 521 648; x_wconf 89' lang='lat' dir='ltr'>in</span> <span class='ocrx_word' id='word_1_46' title='bbox 542 607 713 646; x_wconf 85' lang='lat' dir='ltr'>hominis</span> <span class='ocrx_word' id='word_1_47' title='bbox 734 615 863 643; x_wconf 89' lang='lat' dir='ltr'>mente</span> <span class='ocrx_word' id='word_1_48' title='bbox 880 604 1107 642; x_wconf 87' lang='lat' dir='ltr'>confirmata</span> <span class='ocrx_word' id='word_1_49' title='bbox 1121 613 1158 641; x_wconf 91' lang='lat' dir='ltr'>et</span> <span class='ocrx_word' id='word_1_50' title='bbox 1177 602 1362 646; x_wconf 63' lang='lat' dir='ltr'>confecta,</span> <span class='ocrx_word' id='word_1_51' title='bbox 1384 603 1445 640; x_wconf 84' lang='lat' dir='ltr'>lex</span> <span class='ocrx_word' id='word_1_52' title='bbox 1465 602 1530 640; x_wconf 92' lang='lat' dir='ltr'>est.</span> 
     </span>
    </p>

    <p class='ocr_par' dir='ltr' id='par_1_3' title="bbox 407 667 1814 1568">
     <span class='ocr_line' id='line_1_7' title="bbox 466 667 1808 726; baseline -0.006 -15"><span class='ocrx_word' id='word_1_53' title='bbox 466 676 599 726; x_wconf 89' lang='lat' dir='ltr'>Itaque</span> <span class='ocrx_word' id='word_1_54' title='bbox 618 672 863 716; x_wconf 85' lang='lat' dir='ltr'>arbitrantur,</span> <span class='ocrx_word' id='word_1_55' title='bbox 886 670 1128 723; x_wconf 82' lang='lat' dir='ltr'>prudentiam</span> <span class='ocrx_word' id='word_1_56' title='bbox 1148 668 1219 706; x_wconf 80' lang='lat' dir='ltr'>effe</span> <span class='ocrx_word' id='word_1_57' title='bbox 1246 668 1387 719; x_wconf 82' lang='lat' dir='ltr'>legem,</span> <span class='ocrx_word' id='word_1_58' title='bbox 1409 668 1518 719; x_wconf 77' lang='lat' dir='ltr'>cujus</span> <span class='ocrx_word' id='word_1_59' title='bbox 1549 680 1589 704; x_wconf 81' lang='lat' dir='ltr'>ea</span> <span class='ocrx_word' id='word_1_60' title='bbox 1609 668 1665 705; x_wconf 69' lang='lat' dir='ltr'>vis</span> <span class='ocrx_word' id='word_1_61' title='bbox 1685 667 1742 711; x_wconf 83' lang='lat' dir='ltr'>fit,</span> <span class='ocrx_word' id='word_1_62' title='bbox 1765 674 1808 703; x_wconf 84' lang='lat' dir='ltr'>ut</span> 
     </span>
     <span class='ocr_line' id='line_1_8' title="bbox 410 732 1807 790; baseline -0.006 -12"><span class='ocrx_word' id='word_1_63' title='bbox 410 741 509 779; x_wconf 64' lang='lat' dir='ltr'>reete</span> <span class='ocrx_word' id='word_1_64' title='bbox 542 739 665 777; x_wconf 88' lang='lat' dir='ltr'>facere</span> <span class='ocrx_word' id='word_1_65' title='bbox 694 737 841 790; x_wconf 91' lang='lat' dir='ltr'>jubeat,</span> <span class='ocrx_word' id='word_1_66' title='bbox 878 745 980 775; x_wconf 88' lang='lat' dir='ltr'>vetet</span> <span class='ocrx_word' id='word_1_67' title='bbox 1003 736 1248 787; x_wconf 70' lang='lat' dir='ltr'>delinquere5</span> <span class='ocrx_word' id='word_1_68' title='bbox 1281 746 1444 785; x_wconf 83' lang='lat' dir='ltr'>eamque</span> <span class='ocrx_word' id='word_1_69' title='bbox 1470 746 1552 770; x_wconf 88' lang='lat' dir='ltr'>rem</span> <span class='ocrx_word' id='word_1_70' title='bbox 1583 732 1640 770; x_wconf 85' lang='lat' dir='ltr'>illi</span> <span class='ocrx_word' id='word_1_71' title='bbox 1668 734 1807 770; x_wconf 67' lang='lat' dir='ltr'>Gra—co</span> 
     </span>
     <span class='ocr_line' id='line_1_9' title="bbox 409 798 1806 859; baseline -0.007 -15"><span class='ocrx_word' id='word_1_72' title='bbox 409 814 548 859; x_wconf 85' lang='lat' dir='ltr'>putant</span> <span class='ocrx_word' id='word_1_73' title='bbox 563 804 736 848; x_wconf 86' lang='lat' dir='ltr'>nomine,</span> <span class='ocrx_word' id='word_1_74' title='bbox 753 817 774 840; x_wconf 91' lang='lat' dir='ltr'>a</span> <span class='ocrx_word' id='word_1_75' title='bbox 790 803 901 841; x_wconf 89' lang='lat' dir='ltr'>suum</span> <span class='ocrx_word' id='word_1_76' title='bbox 917 803 1059 855; x_wconf 89' lang='lat' dir='ltr'>cuique</span> <span class='ocrx_word' id='word_1_77' title='bbox 1079 800 1284 839; x_wconf 91' lang='lat' dir='ltr'>tribuendo</span> <span class='ocrx_word' id='word_1_78' title='bbox 1299 799 1528 852; x_wconf 84' lang='lat' dir='ltr'>appellatam</span> <span class='ocrx_word' id='word_1_79' title='bbox 1542 817 1553 843; x_wconf 81' lang='lat'><em>3</em></span> <span class='ocrx_word' id='word_1_80' title='bbox 1576 811 1647 850; x_wconf 86' lang='lat' dir='ltr'>ego</span> <span class='ocrx_word' id='word_1_81' title='bbox 1668 798 1806 841; x_wconf 89' lang='lat' dir='ltr'>nostro,</span> 
     </span>
     <span class='ocr_line' id='line_1_10' title="bbox 410 863 1809 922; baseline -0.006 -14"><span class='ocrx_word' id='word_1_82' title='bbox 410 885 431 908; x_wconf 88' lang='lat' dir='ltr'>a</span> <span class='ocrx_word' id='word_1_83' title='bbox 450 869 639 922; x_wconf 88' lang='lat' dir='ltr'>legendo:</span> <span class='ocrx_word' id='word_1_84' title='bbox 672 882 764 907; x_wconf 89' lang='lat' dir='ltr'>nam</span> <span class='ocrx_word' id='word_1_85' title='bbox 794 878 838 906; x_wconf 93' lang='lat' dir='ltr'>ut</span> <span class='ocrx_word' id='word_1_86' title='bbox 869 868 928 906; x_wconf 85' lang='lat' dir='ltr'>illi</span> <span class='ocrx_word' id='word_1_87' title='bbox 958 866 1162 919; x_wconf 77' lang='lat' dir='ltr'>aequitatis,</span> <span class='ocrx_word' id='word_1_88' title='bbox 1192 865 1242 904; x_wconf 90' lang='lat' dir='ltr'>fic</span> <span class='ocrx_word' id='word_1_89' title='bbox 1272 878 1340 903; x_wconf 87' lang='lat' dir='ltr'>nos</span> <span class='ocrx_word' id='word_1_90' title='bbox 1361 863 1526 902; x_wconf 66' lang='lat' dir='ltr'>delectus</span> <span class='ocrx_word' id='word_1_91' title='bbox 1547 863 1628 901; x_wconf 89' lang='lat' dir='ltr'>vim</span> <span class='ocrx_word' id='word_1_92' title='bbox 1654 863 1695 900; x_wconf 91' lang='lat' dir='ltr'>in</span> <span class='ocrx_word' id='word_1_93' title='bbox 1724 863 1809 914; x_wconf 84' lang='lat' dir='ltr'>lege</span> 
     </span>
     <span class='ocr_line' id='line_1_11' title="bbox 410 929 1810 989; baseline -0.006 -15"><span class='ocrx_word' id='word_1_94' title='bbox 410 937 592 989; x_wconf 85' lang='lat' dir='ltr'>ponimus</span> <span class='ocrx_word' id='word_1_95' title='bbox 608 954 620 981; x_wconf 73' lang='lat'><em>3</em></span> <span class='ocrx_word' id='word_1_96' title='bbox 652 945 691 973; x_wconf 91' lang='lat' dir='ltr'>et</span> <span class='ocrx_word' id='word_1_97' title='bbox 720 935 921 988; x_wconf 88' lang='lat' dir='ltr'>proprium</span> <span class='ocrx_word' id='word_1_98' title='bbox 949 944 1078 972; x_wconf 86' lang='lat' dir='ltr'>tamen</span> <span class='ocrx_word' id='word_1_99' title='bbox 1098 941 1308 984; x_wconf 89' lang='lat' dir='ltr'>utrumque</span> <span class='ocrx_word' id='word_1_100' title='bbox 1336 930 1430 983; x_wconf 86' lang='lat' dir='ltr'>legis</span> <span class='ocrx_word' id='word_1_101' title='bbox 1451 930 1515 968; x_wconf 88' lang='lat' dir='ltr'>est.</span> <span class='ocrx_word' id='word_1_102' title='bbox 1562 929 1681 980; x_wconf 82' lang='lat' dir='ltr'>Qod</span> <span class='ocrx_word' id='word_1_103' title='bbox 1701 929 1726 966; x_wconf 87' lang='lat' dir='ltr'>fi</span> <span class='ocrx_word' id='word_1_104' title='bbox 1759 929 1810 966; x_wconf 86' lang='lat' dir='ltr'>ita</span> 
     </span>
     <span class='ocr_line' id='line_1_12' title="bbox 408 988 1811 1053; baseline -0.007 -12"><span class='ocrx_word' id='word_1_105' title='bbox 408 1004 508 1041; x_wconf 70' lang='lat' dir='ltr'>recte</span> <span class='ocrx_word' id='word_1_106' title='bbox 541 1003 697 1047; x_wconf 88' lang='lat' dir='ltr'>dicitur,</span> <span class='ocrx_word' id='word_1_107' title='bbox 729 1011 772 1040; x_wconf 91' lang='lat' dir='ltr'>ut</span> <span class='ocrx_word' id='word_1_108' title='bbox 803 1000 904 1039; x_wconf 89' lang='lat' dir='ltr'>mihi</span> <span class='ocrx_word' id='word_1_109' title='bbox 935 1000 1094 1053; x_wconf 90' lang='lat' dir='ltr'>quidem</span> <span class='ocrx_word' id='word_1_110' title='bbox 1130 999 1357 1053; x_wconf 89' lang='lat' dir='ltr'>plerumque</span> <span class='ocrx_word' id='word_1_111' title='bbox 1390 996 1508 1035; x_wconf 88' lang='lat' dir='ltr'>videri</span> <span class='ocrx_word' id='word_1_112' title='bbox 1529 995 1622 1034; x_wconf 87' lang='lat' dir='ltr'>solet</span> <span class='ocrx_word' id='word_1_113' title='bbox 1638 1014 1649 1040; x_wconf 89' lang='lat'>;</span> <span class='ocrx_word' id='word_1_114' title='bbox 1681 1009 1701 1032; x_wconf 93' lang='lat' dir='ltr'>a</span> <span class='ocrx_word' id='word_1_115' title='bbox 1726 988 1811 1047; x_wconf 83' lang='lat' dir='ltr'>lege</span> 
     </span>
     <span class='ocr_line' id='line_1_13' title="bbox 407 1063 1810 1119; baseline -0.006 -12"><span class='ocrx_word' id='word_1_116' title='bbox 407 1068 634 1107; x_wconf 87' lang='lat' dir='ltr'>ducendum</span> <span class='ocrx_word' id='word_1_117' title='bbox 653 1068 706 1106; x_wconf 92' lang='lat' dir='ltr'>est</span> <span class='ocrx_word' id='word_1_118' title='bbox 719 1067 818 1119; x_wconf 85' lang='lat' dir='ltr'>juris</span> <span class='ocrx_word' id='word_1_119' title='bbox 839 1067 1055 1105; x_wconf 87' lang='lat' dir='ltr'>exordium.</span> <span class='ocrx_word' id='word_1_120' title='bbox 1088 1067 1145 1103; x_wconf 87' lang='lat' dir='ltr'>Ea</span> <span class='ocrx_word' id='word_1_121' title='bbox 1161 1065 1213 1103; x_wconf 89' lang='lat' dir='ltr'>est</span> <span class='ocrx_word' id='word_1_122' title='bbox 1232 1066 1338 1102; x_wconf 90' lang='lat' dir='ltr'>enim</span> <span class='ocrx_word' id='word_1_123' title='bbox 1358 1073 1499 1101; x_wconf 85' lang='lat' dir='ltr'>naturae</span> <span class='ocrx_word' id='word_1_124' title='bbox 1524 1063 1580 1101; x_wconf 86' lang='lat' dir='ltr'>vis</span> <span class='ocrx_word' id='word_1_125' title='bbox 1598 1080 1609 1107; x_wconf 67' lang='grc' dir='ltr'><strong><em>ς</em></strong></span> <span class='ocrx_word' id='word_1_126' title='bbox 1640 1075 1682 1099; x_wconf 86' lang='lat' dir='ltr'>ea</span> <span class='ocrx_word' id='word_1_127' title='bbox 1700 1074 1810 1099; x_wconf 87' lang='lat' dir='ltr'>mens</span> 
     </span>
     <span class='ocr_line' id='line_1_14' title="bbox 409 1128 1811 1188; baseline -0.006 -15"><span class='ocrx_word' id='word_1_128' title='bbox 409 1135 585 1187; x_wconf 80' lang='lat' dir='ltr'>ratioque</span> <span class='ocrx_word' id='word_1_129' title='bbox 604 1134 826 1188; x_wconf 81' lang='lat' dir='ltr'>prudentis;</span> <span class='ocrx_word' id='word_1_130' title='bbox 848 1146 890 1171; x_wconf 88' lang='lat' dir='ltr'>ea</span> <span class='ocrx_word' id='word_1_131' title='bbox 903 1133 1000 1185; x_wconf 89' lang='lat' dir='ltr'>juris</span> <span class='ocrx_word' id='word_1_132' title='bbox 1021 1141 1135 1185; x_wconf 85' lang='lat' dir='ltr'>atque</span> <span class='ocrx_word' id='word_1_133' title='bbox 1160 1131 1308 1183; x_wconf 86' lang='lat' dir='ltr'>injuriae</span> <span class='ocrx_word' id='word_1_134' title='bbox 1328 1130 1471 1182; x_wconf 87' lang='lat' dir='ltr'>regula.</span> <span class='ocrx_word' id='word_1_135' title='bbox 1517 1128 1603 1174; x_wconf 89' lang='lat' dir='ltr'>Sed,</span> <span class='ocrx_word' id='word_1_136' title='bbox 1623 1128 1811 1180; x_wconf 87' lang='lat' dir='ltr'>quoniam</span> 
     </span>
     <span class='ocr_line' id='line_1_15' title="bbox 410 1196 1811 1254; baseline -0.006 -14"><span class='ocrx_word' id='word_1_137' title='bbox 410 1202 453 1239; x_wconf 87' lang='lat' dir='ltr'>in</span> <span class='ocrx_word' id='word_1_138' title='bbox 472 1202 648 1254; x_wconf 87' lang='lat' dir='ltr'>populari</span> <span class='ocrx_word' id='word_1_139' title='bbox 667 1201 812 1239; x_wconf 89' lang='lat' dir='ltr'>ratione</span> <span class='ocrx_word' id='word_1_140' title='bbox 826 1200 953 1238; x_wconf 88' lang='lat' dir='ltr'>omnis</span> <span class='ocrx_word' id='word_1_141' title='bbox 974 1198 1096 1236; x_wconf 83' lang='lat' dir='ltr'>nostra</span> <span class='ocrx_word' id='word_1_142' title='bbox 1110 1197 1276 1235; x_wconf 84' lang='lat' dir='ltr'>versatur</span> <span class='ocrx_word' id='word_1_143' title='bbox 1291 1196 1424 1240; x_wconf 79' lang='lat' dir='ltr'>oratio,</span> <span class='ocrx_word' id='word_1_144' title='bbox 1442 1196 1675 1248; x_wconf 86' lang='lat' dir='ltr'>populariter</span> <span class='ocrx_word' id='word_1_145' title='bbox 1690 1196 1811 1233; x_wconf 91' lang='lat' dir='ltr'>inter-</span> 
     </span>
     <span class='ocr_line' id='line_1_16' title="bbox 409 1260 1812 1319; baseline -0.005 -14"><span class='ocrx_word' id='word_1_146' title='bbox 409 1268 509 1305; x_wconf 88' lang='lat' dir='ltr'>dum</span> <span class='ocrx_word' id='word_1_147' title='bbox 528 1267 639 1319; x_wconf 92' lang='lat' dir='ltr'>loqui</span> <span class='ocrx_word' id='word_1_148' title='bbox 658 1265 802 1304; x_wconf 81' lang='lat' dir='ltr'>necesse</span> <span class='ocrx_word' id='word_1_149' title='bbox 832 1266 917 1310; x_wconf 90' lang='lat' dir='ltr'>erit,</span> <span class='ocrx_word' id='word_1_150' title='bbox 948 1273 986 1302; x_wconf 91' lang='lat' dir='ltr'>et</span> <span class='ocrx_word' id='word_1_151' title='bbox 1017 1277 1102 1302; x_wconf 87' lang='lat' dir='ltr'>eam</span> <span class='ocrx_word' id='word_1_152' title='bbox 1121 1263 1262 1315; x_wconf 89' lang='lat' dir='ltr'>legem,</span> <span class='ocrx_word' id='word_1_153' title='bbox 1295 1276 1379 1315; x_wconf 80' lang='lat' dir='ltr'>quae</span> <span class='ocrx_word' id='word_1_154' title='bbox 1399 1261 1539 1314; x_wconf 86' lang='lat' dir='ltr'>scripto</span> <span class='ocrx_word' id='word_1_155' title='bbox 1559 1260 1677 1299; x_wconf 85' lang='lat' dir='ltr'>sancit</span> <span class='ocrx_word' id='word_1_156' title='bbox 1707 1260 1812 1313; x_wconf 88' lang='lat' dir='ltr'>quod</span> 
     </span>
     <span class='ocr_line' id='line_1_17' title="bbox 412 1325 1812 1384; baseline -0.006 -13"><span class='ocrx_word' id='word_1_157' title='bbox 412 1332 511 1378; x_wconf 91' lang='lat' dir='ltr'>vult,</span> <span class='ocrx_word' id='word_1_158' title='bbox 541 1341 607 1370; x_wconf 86' lang='lat' dir='ltr'>aut</span> <span class='ocrx_word' id='word_1_159' title='bbox 634 1330 822 1384; x_wconf 87' lang='lat' dir='ltr'>jubendo,</span> <span class='ocrx_word' id='word_1_160' title='bbox 852 1339 917 1368; x_wconf 85' lang='lat' dir='ltr'>aut</span> <span class='ocrx_word' id='word_1_161' title='bbox 948 1328 1126 1374; x_wconf 85' lang='lat' dir='ltr'>vetando,</span> <span class='ocrx_word' id='word_1_162' title='bbox 1157 1337 1201 1366; x_wconf 87' lang='lat' dir='ltr'>ut</span> <span class='ocrx_word' id='word_1_163' title='bbox 1230 1327 1383 1379; x_wconf 89' lang='lat' dir='ltr'>vulgus,</span> <span class='ocrx_word' id='word_1_164' title='bbox 1419 1326 1623 1380; x_wconf 87' lang='lat' dir='ltr'>appellare.</span> <span class='ocrx_word' id='word_1_165' title='bbox 1656 1325 1812 1364; x_wconf 86' lang='lat' dir='ltr'>Consti-</span> 
     </span>
     <span class='ocr_line' id='line_1_18' title="bbox 412 1391 1813 1450; baseline -0.005 -13"><span class='ocrx_word' id='word_1_166' title='bbox 412 1399 547 1438; x_wconf 86' lang='lat' dir='ltr'>tuendi</span> <span class='ocrx_word' id='word_1_167' title='bbox 567 1412 656 1437; x_wconf 89' lang='lat' dir='ltr'>vero</span> <span class='ocrx_word' id='word_1_168' title='bbox 682 1397 781 1450; x_wconf 89' lang='lat' dir='ltr'>juris</span> <span class='ocrx_word' id='word_1_169' title='bbox 812 1396 858 1434; x_wconf 94' lang='lat' dir='ltr'>ab</span> <span class='ocrx_word' id='word_1_170' title='bbox 885 1395 951 1434; x_wconf 89' lang='lat' dir='ltr'>illa</span> <span class='ocrx_word' id='word_1_171' title='bbox 970 1395 1121 1434; x_wconf 91' lang='lat' dir='ltr'>summa</span> <span class='ocrx_word' id='word_1_172' title='bbox 1149 1394 1235 1447; x_wconf 87' lang='lat' dir='ltr'>lege</span> <span class='ocrx_word' id='word_1_173' title='bbox 1265 1394 1460 1447; x_wconf 88' lang='lat' dir='ltr'>capiamus</span> <span class='ocrx_word' id='word_1_174' title='bbox 1481 1391 1696 1436; x_wconf 86' lang='lat' dir='ltr'>exordium,</span> <span class='ocrx_word' id='word_1_175' title='bbox 1729 1405 1813 1444; x_wconf 84' lang='lat' dir='ltr'>quae</span> 
     </span>
     <span class='ocr_line' id='line_1_19' title="bbox 415 1458 1814 1514; baseline -0.005 -12"><span class='ocrx_word' id='word_1_176' title='bbox 415 1464 552 1502; x_wconf 84' lang='lat' dir='ltr'>seculis</span> <span class='ocrx_word' id='word_1_177' title='bbox 571 1463 754 1502; x_wconf 88' lang='lat' dir='ltr'>omnibus</span> <span class='ocrx_word' id='word_1_178' title='bbox 784 1471 872 1501; x_wconf 83' lang='lat' dir='ltr'>ante</span> <span class='ocrx_word' id='word_1_179' title='bbox 889 1470 976 1501; x_wconf 88' lang='lat' dir='ltr'>nata</span> <span class='ocrx_word' id='word_1_180' title='bbox 993 1461 1060 1507; x_wconf 90' lang='lat' dir='ltr'>est,</span> <span class='ocrx_word' id='word_1_181' title='bbox 1095 1474 1214 1514; x_wconf 89' lang='lat' dir='ltr'>quam</span> <span class='ocrx_word' id='word_1_182' title='bbox 1233 1459 1371 1514; x_wconf 84' lang='lat' dir='ltr'>scripta</span> <span class='ocrx_word' id='word_1_183' title='bbox 1400 1458 1463 1499; x_wconf 85' lang='lat' dir='ltr'>lex</span> <span class='ocrx_word' id='word_1_184' title='bbox 1490 1458 1581 1503; x_wconf 86' lang='lat' dir='ltr'>ulla,</span> <span class='ocrx_word' id='word_1_185' title='bbox 1612 1466 1677 1496; x_wconf 90' lang='lat' dir='ltr'>aut</span> <span class='ocrx_word' id='word_1_186' title='bbox 1695 1470 1814 1510; x_wconf 88' lang='lat' dir='ltr'>quam</span> 
     </span>
     <span class='ocr_line' id='line_1_20' title="bbox 416 1528 967 1568; baseline 0.002 -2"><span class='ocrx_word' id='word_1_187' title='bbox 416 1529 579 1567; x_wconf 89' lang='lat' dir='ltr'>omnino</span> <span class='ocrx_word' id='word_1_188' title='bbox 597 1529 731 1567; x_wconf 73' lang='lat' dir='ltr'>civitas</span> <span class='ocrx_word' id='word_1_189' title='bbox 750 1528 967 1568; x_wconf 83' lang='lat' dir='ltr'>constituta.</span> 
     </span>
    </p>

    <p class='ocr_par' dir='ltr' id='par_1_4' title="bbox 415 1592 1820 2310">
     <span class='ocr_line' id='line_1_21' title="bbox 459 1592 1812 1647; baseline -0.005 -11"><span class='ocrx_word' id='word_1_190' title='bbox 459 1597 698 1647; x_wconf 75' lang='lat' dir='ltr'>Qm‘rus.</span> <span class='ocrx_word' id='word_1_191' title='bbox 721 1597 978 1635; x_wconf 85' lang='lat' dir='ltr'>Commodius</span> <span class='ocrx_word' id='word_1_192' title='bbox 998 1610 1100 1642; x_wconf 89' lang='lat' dir='ltr'>vero,</span> <span class='ocrx_word' id='word_1_193' title='bbox 1121 1605 1158 1635; x_wconf 89' lang='lat' dir='ltr'>et</span> <span class='ocrx_word' id='word_1_194' title='bbox 1178 1597 1224 1635; x_wconf 90' lang='lat' dir='ltr'>ad</span> <span class='ocrx_word' id='word_1_195' title='bbox 1244 1597 1430 1636; x_wconf 87' lang='lat' dir='ltr'>rationem</span> <span class='ocrx_word' id='word_1_196' title='bbox 1451 1594 1615 1633; x_wconf 89' lang='lat' dir='ltr'>instituti</span> <span class='ocrx_word' id='word_1_197' title='bbox 1630 1592 1812 1631; x_wconf 87' lang='lat' dir='ltr'>sermonis</span> 
     </span>
     <span class='ocr_line' id='line_1_22' title="bbox 418 1658 1813 1715; baseline -0.004 -15"><span class='ocrx_word' id='word_1_198' title='bbox 418 1661 636 1715; x_wconf 85' lang='lat' dir='ltr'>sapientius.</span> <span class='ocrx_word' id='word_1_199' title='bbox 669 1662 883 1700; x_wconf 79' lang='lat' dir='ltr'><strong>MARCUS.</strong></span> <span class='ocrx_word' id='word_1_200' title='bbox 905 1661 1022 1700; x_wconf 90' lang='lat' dir='ltr'>Visne</span> <span class='ocrx_word' id='word_1_201' title='bbox 1042 1675 1131 1714; x_wconf 84' lang='lat' dir='ltr'>ergo</span> <span class='ocrx_word' id='word_1_202' title='bbox 1148 1662 1262 1715; x_wconf 88' lang='lat' dir='ltr'>ipfius</span> <span class='ocrx_word' id='word_1_203' title='bbox 1277 1662 1375 1714; x_wconf 87' lang='lat' dir='ltr'>juris</span> <span class='ocrx_word' id='word_1_204' title='bbox 1392 1670 1521 1699; x_wconf 89' lang='lat' dir='ltr'>ortum</span> <span class='ocrx_word' id='word_1_205' title='bbox 1541 1673 1562 1696; x_wconf 92' lang='lat' dir='ltr'>a</span> <span class='ocrx_word' id='word_1_206' title='bbox 1578 1658 1685 1697; x_wconf 88' lang='lat' dir='ltr'>fonte</span> <span class='ocrx_word' id='word_1_207' title='bbox 1705 1670 1813 1711; x_wconf 88' lang='lat' dir='ltr'>repe-</span> 
     </span>
     <span class='ocr_line' id='line_1_23' title="bbox 417 1722 1813 1780; baseline -0.004 -14"><span class='ocrx_word' id='word_1_208' title='bbox 417 1728 573 1766; x_wconf 85' lang='lat' dir='ltr'>tamus?</span> <span class='ocrx_word' id='word_1_209' title='bbox 605 1741 684 1780; x_wconf 90' lang='lat' dir='ltr'>quo</span> <span class='ocrx_word' id='word_1_210' title='bbox 702 1728 874 1772; x_wconf 84' lang='lat' dir='ltr'>invento,</span> <span class='ocrx_word' id='word_1_211' title='bbox 906 1741 984 1766; x_wconf 92' lang='lat' dir='ltr'>non</span> <span class='ocrx_word' id='word_1_212' title='bbox 1003 1727 1074 1765; x_wconf 87' lang='lat' dir='ltr'>erit</span> <span class='ocrx_word' id='word_1_213' title='bbox 1104 1727 1284 1772; x_wconf 90' lang='lat' dir='ltr'>dubium,</span> <span class='ocrx_word' id='word_1_214' title='bbox 1315 1740 1394 1779; x_wconf 92' lang='lat' dir='ltr'>quo</span> <span class='ocrx_word' id='word_1_215' title='bbox 1414 1726 1486 1764; x_wconf 88' lang='lat' dir='ltr'>fint</span> <span class='ocrx_word' id='word_1_216' title='bbox 1505 1724 1586 1763; x_wconf 85' lang='lat' dir='ltr'>haec</span> <span class='ocrx_word' id='word_1_217' title='bbox 1606 1722 1813 1768; x_wconf 86' lang='lat' dir='ltr'>referenda,</span> 
     </span>
     <span class='ocr_line' id='line_1_24' title="bbox 415 1789 1813 1846; baseline -0.004 -14"><span class='ocrx_word' id='word_1_218' title='bbox 415 1807 504 1846; x_wconf 88' lang='lat' dir='ltr'>quae</span> <span class='ocrx_word' id='word_1_219' title='bbox 523 1793 746 1846; x_wconf 87' lang='lat' dir='ltr'>quaerimus.</span> <span class='ocrx_word' id='word_1_220' title='bbox 790 1794 1019 1845; x_wconf 65' lang='lat' dir='ltr'>Qum-us.</span> <span class='ocrx_word' id='word_1_221' title='bbox 1053 1793 1140 1845; x_wconf 89' lang='lat' dir='ltr'>Ego</span> <span class='ocrx_word' id='word_1_222' title='bbox 1160 1804 1248 1829; x_wconf 88' lang='lat' dir='ltr'>vero</span> <span class='ocrx_word' id='word_1_223' title='bbox 1267 1792 1320 1829; x_wconf 89' lang='lat' dir='ltr'>ita</span> <span class='ocrx_word' id='word_1_224' title='bbox 1339 1790 1559 1829; x_wconf 88' lang='lat' dir='ltr'>faciendum</span> <span class='ocrx_word' id='word_1_225' title='bbox 1577 1789 1647 1828; x_wconf 84' lang='lat' dir='ltr'>effe</span> <span class='ocrx_word' id='word_1_226' title='bbox 1666 1789 1813 1828; x_wconf 91' lang='lat' dir='ltr'>censeo.</span> 
     </span>
     <span class='ocr_line' id='line_1_25' title="bbox 418 1855 1815 1911; baseline -0.005 -12"><span class='ocrx_word' id='word_1_227' title='bbox 418 1862 645 1899; x_wconf 81' lang='lat' dir='ltr'>ATT1cus.</span> <span class='ocrx_word' id='word_1_228' title='bbox 669 1861 741 1898; x_wconf 92' lang='lat' dir='ltr'>Me</span> <span class='ocrx_word' id='word_1_229' title='bbox 768 1872 924 1911; x_wconf 89' lang='lat' dir='ltr'>quoque</span> <span class='ocrx_word' id='word_1_230' title='bbox 956 1858 1160 1896; x_wconf 91' lang='lat' dir='ltr'>adscribito</span> <span class='ocrx_word' id='word_1_231' title='bbox 1189 1856 1314 1895; x_wconf 85' lang='lat' dir='ltr'>fratris</span> <span class='ocrx_word' id='word_1_232' title='bbox 1341 1856 1547 1894; x_wconf 84' lang='lat' dir='ltr'>sententiae.</span> <span class='ocrx_word' id='word_1_233' title='bbox 1597 1855 1815 1894; x_wconf 78' lang='lat' dir='ltr'><strong>MARCUS.</strong></span> 
     </span>
     <span class='ocr_line' id='line_1_26' title="bbox 415 1921 1817 1979; baseline -0.003 -15"><span class='ocrx_word' id='word_1_234' title='bbox 415 1927 618 1979; x_wconf 82' lang='lat' dir='ltr'>Qoniam</span> <span class='ocrx_word' id='word_1_235' title='bbox 638 1926 758 1978; x_wconf 88' lang='lat' dir='ltr'>igitur</span> <span class='ocrx_word' id='word_1_236' title='bbox 769 1925 801 1977; x_wconf 91' lang='lat' dir='ltr'>ej</span> <span class='ocrx_word' id='word_1_237' title='bbox 808 1937 850 1962; x_wconf 91' lang='lat' dir='ltr'>us</span> <span class='ocrx_word' id='word_1_238' title='bbox 863 1923 1097 1978; x_wconf 62' lang='lat' dir='ltr'>reipublicae,</span> <span class='ocrx_word' id='word_1_239' title='bbox 1113 1937 1231 1976; x_wconf 90' lang='lat' dir='ltr'>quam</span> <span class='ocrx_word' id='word_1_240' title='bbox 1247 1923 1438 1977; x_wconf 88' lang='lat' dir='ltr'>optimam</span> <span class='ocrx_word' id='word_1_241' title='bbox 1454 1921 1525 1960; x_wconf 85' lang='lat' dir='ltr'>effe</span> <span class='ocrx_word' id='word_1_242' title='bbox 1537 1921 1671 1960; x_wconf 91' lang='lat' dir='ltr'>docuit</span> <span class='ocrx_word' id='word_1_243' title='bbox 1686 1921 1727 1960; x_wconf 90' lang='lat' dir='ltr'>in</span> <span class='ocrx_word' id='word_1_244' title='bbox 1738 1921 1817 1960; x_wconf 87' lang='lat' dir='ltr'>illis</span> 
     </span>
     <span class='ocr_line' id='line_1_27' title="bbox 418 1987 1818 2046; baseline -0.004 -15"><span class='ocrx_word' id='word_1_245' title='bbox 418 1992 480 2032; x_wconf 85' lang='lat' dir='ltr'>sex</span> <span class='ocrx_word' id='word_1_246' title='bbox 501 1992 608 2031; x_wconf 89' lang='lat' dir='ltr'>libris</span> <span class='ocrx_word' id='word_1_247' title='bbox 629 1992 772 2046; x_wconf 91' lang='lat' dir='ltr'>Scipio,</span> <span class='ocrx_word' id='word_1_248' title='bbox 803 1991 989 2031; x_wconf 88' lang='lat' dir='ltr'>tenendus</span> <span class='ocrx_word' id='word_1_249' title='bbox 1010 1992 1064 2030; x_wconf 82' lang='lat' dir='ltr'>est</span> <span class='ocrx_word' id='word_1_250' title='bbox 1083 1991 1194 2030; x_wconf 88' lang='lat' dir='ltr'>nobis</span> <span class='ocrx_word' id='word_1_251' title='bbox 1225 2000 1263 2029; x_wconf 90' lang='lat' dir='ltr'>et</span> <span class='ocrx_word' id='word_1_252' title='bbox 1283 1989 1483 2028; x_wconf 90' lang='lat' dir='ltr'>servandus</span> <span class='ocrx_word' id='word_1_253' title='bbox 1503 1988 1632 2034; x_wconf 77' lang='lat' dir='ltr'>statuS,</span> <span class='ocrx_word' id='word_1_254' title='bbox 1663 1987 1818 2027; x_wconf 88' lang='lat' dir='ltr'>omnes-</span> 
     </span>
     <span class='ocr_line' id='line_1_28' title="bbox 419 2054 1819 2112; baseline -0.003 -16"><span class='ocrx_word' id='word_1_255' title='bbox 419 2071 497 2111; x_wconf 91' lang='lat' dir='ltr'>que</span> <span class='ocrx_word' id='word_1_256' title='bbox 513 2058 614 2112; x_wconf 84' lang='lat' dir='ltr'>leges</span> <span class='ocrx_word' id='word_1_257' title='bbox 634 2058 971 2098; x_wconf 71' lang='lat' dir='ltr'>accommodandae</span> <span class='ocrx_word' id='word_1_258' title='bbox 1001 2058 1047 2096; x_wconf 89' lang='lat' dir='ltr'>ad</span> <span class='ocrx_word' id='word_1_259' title='bbox 1068 2057 1165 2096; x_wconf 91' lang='lat' dir='ltr'>illud</span> <span class='ocrx_word' id='word_1_260' title='bbox 1185 2057 1350 2096; x_wconf 86' lang='lat' dir='ltr'>civitatis</span> <span class='ocrx_word' id='word_1_261' title='bbox 1376 2068 1511 2108; x_wconf 86' lang='lat' dir='ltr'>genus,</span> <span class='ocrx_word' id='word_1_262' title='bbox 1539 2055 1682 2093; x_wconf 90' lang='lat' dir='ltr'>serendi</span> <span class='ocrx_word' id='word_1_263' title='bbox 1701 2054 1819 2093; x_wconf 87' lang='lat' dir='ltr'>etiam</span> 
     </span>
     <span class='ocr_line' id='line_1_29' title="bbox 419 2121 1820 2178; baseline -0.004 -15"><span class='ocrx_word' id='word_1_264' title='bbox 419 2138 560 2170; x_wconf 84' lang='lat' dir='ltr'>mores,</span> <span class='ocrx_word' id='word_1_265' title='bbox 591 2139 661 2164; x_wconf 91' lang='lat' dir='ltr'>nec</span> <span class='ocrx_word' id='word_1_266' title='bbox 694 2125 841 2178; x_wconf 88' lang='lat' dir='ltr'>scriptis</span> <span class='ocrx_word' id='word_1_267' title='bbox 871 2126 1002 2164; x_wconf 91' lang='lat' dir='ltr'>omnia</span> <span class='ocrx_word' id='word_1_268' title='bbox 1032 2124 1258 2169; x_wconf 81' lang='lat' dir='ltr'>sancienda;</span> <span class='ocrx_word' id='word_1_269' title='bbox 1288 2131 1458 2176; x_wconf 87' lang='lat' dir='ltr'>repetam</span> <span class='ocrx_word' id='word_1_270' title='bbox 1487 2122 1643 2174; x_wconf 87' lang='lat' dir='ltr'>stirpem</span> <span class='ocrx_word' id='word_1_271' title='bbox 1672 2121 1769 2173; x_wconf 89' lang='lat' dir='ltr'>juris</span> <span class='ocrx_word' id='word_1_272' title='bbox 1797 2133 1820 2157; x_wconf 89' lang='lat' dir='ltr'>a</span> 
     </span>
     <span class='ocr_line' id='line_1_30' title="bbox 419 2188 1818 2244; baseline -0.003 -15"><span class='ocrx_word' id='word_1_273' title='bbox 419 2200 565 2236; x_wconf 84' lang='lat' dir='ltr'>natura,</span> <span class='ocrx_word' id='word_1_274' title='bbox 592 2205 670 2244; x_wconf 91' lang='lat' dir='ltr'>qua</span> <span class='ocrx_word' id='word_1_275' title='bbox 688 2192 786 2229; x_wconf 87' lang='lat' dir='ltr'>duce</span> <span class='ocrx_word' id='word_1_276' title='bbox 805 2191 858 2229; x_wconf 90' lang='lat' dir='ltr'>est</span> <span class='ocrx_word' id='word_1_277' title='bbox 877 2191 989 2229; x_wconf 88' lang='lat' dir='ltr'>nobis</span> <span class='ocrx_word' id='word_1_278' title='bbox 1009 2191 1137 2229; x_wconf 87' lang='lat' dir='ltr'>omnis</span> <span class='ocrx_word' id='word_1_279' title='bbox 1158 2189 1364 2243; x_wconf 85' lang='lat' dir='ltr'>disputatio</span> <span class='ocrx_word' id='word_1_280' title='bbox 1383 2188 1622 2241; x_wconf 84' lang='lat' dir='ltr'>explicanda.</span> <span class='ocrx_word' id='word_1_281' title='bbox 1668 2189 1818 2225; x_wconf 87' lang='lat' dir='ltr'>ATT1-</span> 
     </span>
     <span class='ocr_line' id='line_1_31' title="bbox 422 2253 1771 2310; baseline -0.004 -14"><span class='ocrx_word' id='word_1_282' title='bbox 422 2270 518 2296; x_wconf 79' lang='lat' dir='ltr'>cus,</span> <span class='ocrx_word' id='word_1_283' title='bbox 542 2257 763 2296; x_wconf 61' lang='lat' dir='ltr'>Rectiffime</span> <span class='ocrx_word' id='word_1_284' title='bbox 781 2272 789 2295; x_wconf 93' lang='lat'>:</span> <span class='ocrx_word' id='word_1_285' title='bbox 812 2267 850 2295; x_wconf 91' lang='lat' dir='ltr'>et</span> <span class='ocrx_word' id='word_1_286' title='bbox 869 2257 1029 2310; x_wconf 90' lang='lat' dir='ltr'>quidem</span> <span class='ocrx_word' id='word_1_287' title='bbox 1049 2257 1115 2295; x_wconf 88' lang='lat' dir='ltr'>ista</span> <span class='ocrx_word' id='word_1_288' title='bbox 1131 2257 1227 2295; x_wconf 89' lang='lat' dir='ltr'>duce</span> <span class='ocrx_word' id='word_1_289' title='bbox 1247 2256 1358 2295; x_wconf 83' lang='lat' dir='ltr'>errari</span> <span class='ocrx_word' id='word_1_290' title='bbox 1379 2255 1490 2294; x_wconf 91' lang='lat' dir='ltr'>nullo</span> <span class='ocrx_word' id='word_1_291' title='bbox 1508 2256 1618 2308; x_wconf 61' lang='lat' dir='ltr'>pacto</span> <span class='ocrx_word' id='word_1_292' title='bbox 1637 2253 1771 2307; x_wconf 90' lang='lat' dir='ltr'>potest.</span> 
     </span>
    </p>

    <p class='ocr_par' dir='ltr' id='par_1_5' title="bbox 421 2319 1819 2508">
     <span class='ocr_line' id='line_1_32' title="bbox 462 2319 1819 2376; baseline -0.004 -14"><span class='ocrx_word' id='word_1_293' title='bbox 462 2323 554 2362; x_wconf 91' lang='lat' dir='ltr'>VII.</span> <span class='ocrx_word' id='word_1_294' title='bbox 578 2324 794 2362; x_wconf 82' lang='lat' dir='ltr'><strong>MARCUS.</strong></span> <span class='ocrx_word' id='word_1_295' title='bbox 810 2323 937 2362; x_wconf 86' lang='lat' dir='ltr'>Dasne</span> <span class='ocrx_word' id='word_1_296' title='bbox 957 2324 1075 2376; x_wconf 87' lang='lat' dir='ltr'>igitur</span> <span class='ocrx_word' id='word_1_297' title='bbox 1095 2322 1170 2362; x_wconf 92' lang='lat' dir='ltr'>hoc</span> <span class='ocrx_word' id='word_1_298' title='bbox 1190 2323 1315 2368; x_wconf 88' lang='lat' dir='ltr'>nobis,</span> <span class='ocrx_word' id='word_1_299' title='bbox 1330 2321 1538 2375; x_wconf 87' lang='lat' dir='ltr'>Pomponi,</span> <span class='ocrx_word' id='word_1_300' title='bbox 1558 2321 1665 2372; x_wconf 88' lang='lat' dir='ltr'>(nam</span> <span class='ocrx_word' id='word_1_301' title='bbox 1679 2319 1819 2372; x_wconf 85' lang='lat' dir='ltr'>Qinti</span> 
     </span>
     <span class='ocr_line' id='line_1_33' title="bbox 421 2387 1818 2442; baseline -0.004 -14"><span class='ocrx_word' id='word_1_302' title='bbox 421 2389 511 2428; x_wconf 88' lang='lat' dir='ltr'>novi</span> <span class='ocrx_word' id='word_1_303' title='bbox 531 2389 774 2442; x_wconf 86' lang='lat' dir='ltr'>sententiam)</span> <span class='ocrx_word' id='word_1_304' title='bbox 798 2391 972 2428; x_wconf 90' lang='lat' dir='ltr'>Deorum</span> <span class='ocrx_word' id='word_1_305' title='bbox 992 2389 1275 2428; x_wconf 85' lang='lat' dir='ltr'>immortalium</span> <span class='ocrx_word' id='word_1_306' title='bbox 1306 2389 1358 2434; x_wconf 91' lang='lat' dir='ltr'>vi,</span> <span class='ocrx_word' id='word_1_307' title='bbox 1390 2398 1535 2432; x_wconf 87' lang='lat' dir='ltr'>natura,</span> <span class='ocrx_word' id='word_1_308' title='bbox 1568 2387 1725 2430; x_wconf 86' lang='lat' dir='ltr'>ratione,</span> <span class='ocrx_word' id='word_1_309' title='bbox 1747 2398 1818 2438; x_wconf 88' lang='lat' dir='ltr'>po-</span> 
     </span>
     <span class='ocr_line' id='line_1_34' title="bbox 423 2451 1818 2508; baseline -0.004 -16"><span class='ocrx_word' id='word_1_310' title='bbox 423 2455 564 2501; x_wconf 85' lang='lat' dir='ltr'>testate,</span> <span class='ocrx_word' id='word_1_311' title='bbox 586 2466 729 2502; x_wconf 88' lang='lat' dir='ltr'>mente,</span> <span class='ocrx_word' id='word_1_312' title='bbox 764 2457 940 2502; x_wconf 85' lang='lat' dir='ltr'>numine,</span> <span class='ocrx_word' id='word_1_313' title='bbox 962 2456 1034 2494; x_wconf 87' lang='lat' dir='ltr'>five</span> <span class='ocrx_word' id='word_1_314' title='bbox 1054 2456 1159 2508; x_wconf 90' lang='lat' dir='ltr'>quod</span> <span class='ocrx_word' id='word_1_315' title='bbox 1178 2456 1230 2494; x_wconf 89' lang='lat' dir='ltr'>est</span> <span class='ocrx_word' id='word_1_316' title='bbox 1249 2455 1353 2494; x_wconf 89' lang='lat' dir='ltr'>aliud</span> <span class='ocrx_word' id='word_1_317' title='bbox 1373 2455 1550 2498; x_wconf 89' lang='lat' dir='ltr'>verbum,</span> <span class='ocrx_word' id='word_1_318' title='bbox 1571 2466 1651 2505; x_wconf 93' lang='lat' dir='ltr'>quo</span> <span class='ocrx_word' id='word_1_319' title='bbox 1670 2451 1818 2504; x_wconf 88' lang='lat' dir='ltr'>planius</span> 
     </span>
    </p>
   </div>
   <div class='ocr_carea' id='block_1_3' title="bbox 425 2517 1820 2636">
    <p class='ocr_par' dir='ltr' id='par_1_6' title="bbox 425 2517 1820 2636">
     <span class='ocr_line' id='line_1_35' title="bbox 425 2517 1820 2575; baseline -0.003 -18"><span class='ocrx_word' id='word_1_320' title='bbox 425 2519 637 2572; x_wconf 80' lang='lat' dir='ltr'>fignificem</span> <span class='ocrx_word' id='word_1_321' title='bbox 670 2523 776 2575; x_wconf 90' lang='lat' dir='ltr'>quod</span> <span class='ocrx_word' id='word_1_322' title='bbox 808 2523 911 2570; x_wconf 91' lang='lat' dir='ltr'>volo,</span> <span class='ocrx_word' id='word_1_323' title='bbox 942 2532 1118 2563; x_wconf 77' lang='lat' dir='ltr'>naturam</span> <span class='ocrx_word' id='word_1_324' title='bbox 1139 2535 1295 2562; x_wconf 86' lang='lat' dir='ltr'>omnem</span> <span class='ocrx_word' id='word_1_325' title='bbox 1316 2521 1424 2574; x_wconf 84' lang='lat' dir='ltr'>regi?</span> <span class='ocrx_word' id='word_1_326' title='bbox 1456 2520 1563 2558; x_wconf 88' lang='lat' dir='ltr'>Nam</span> <span class='ocrx_word' id='word_1_327' title='bbox 1584 2518 1609 2557; x_wconf 77' lang='lat' dir='ltr'>si</span> <span class='ocrx_word' id='word_1_328' title='bbox 1643 2517 1716 2555; x_wconf 91' lang='lat' dir='ltr'>hoc</span> <span class='ocrx_word' id='word_1_329' title='bbox 1744 2528 1820 2554; x_wconf 87' lang='lat' dir='ltr'>non</span> 
     </span>
     <span class='ocr_line' id='line_1_36' title="bbox 530 2586 1548 2636; baseline -0.002 -12"><span class='ocrx_word' id='word_1_330' title='bbox 530 2586 568 2624; x_wconf 93' lang='lat' dir='ltr'><strong>T</strong></span> <span class='ocrx_word' id='word_1_331' title='bbox 583 2599 607 2625; x_wconf 93' lang='lat'><em>0</em></span> <span class='ocrx_word' id='word_1_332' title='bbox 623 2599 674 2626; x_wconf 90' lang='lat' dir='ltr'>M.</span> <span class='ocrx_word' id='word_1_333' title='bbox 706 2588 780 2627; x_wconf 93' lang='grc' dir='ltr'><strong>ΙΙΙ.</strong></span> <span class='ocrx_word' id='word_1_334' title='bbox 1481 2586 1548 2636; x_wconf 29' lang='grc' dir='ltr'>Ο»</span> 
     </span>
    </p>
   </div>
  </div>
 </body>
</html>
