2223 3003
469 235 544 288 338
843 228 946 268 DE
1016 224 1494 265 AMICITIA.

466 335 623 379 virium,
653 334 706 371 ita
725 328 913 369 amicitias
944 336 1121 380 appetere
1151 324 1349 364 maxime:
1381 336 1428 362 ex
1453 335 1499 361 eo
1518 321 1615 368 fieri,
1647 329 1692 361 ut
1709 325 1870 365 mulier-

467 401 563 439 culae
583 398 705 450 magis
725 394 985 433 amicitiarum
1004 391 1174 446 praefidia
1192 398 1376 444 quaerant,
1398 403 1516 443 quam
1537 389 1608 428 viri
1623 407 1635 435 3
1666 397 1704 428 et
1722 389 1870 443 inopes,

467 479 585 519 quam
605 461 779 517 opulenti
791 479 804 506 3
835 468 874 498 et
893 458 1118 504 calamitosi,
1138 471 1258 511 quam
1279 457 1320 502 ii,
1342 456 1412 510 qui
1431 464 1616 510 putantur
1636 455 1751 494 beati.

523 533 561 570 O
581 529 800 584 praeclaram
821 525 1067 580 sapientiam!
1101 525 1231 564 Solem
1250 525 1357 564 enim
1376 537 1397 562 e
1418 523 1566 562 mundo
1586 523 1720 562 tollere
1737 522 1872 562 viden-

467 607 543 643 tur,
564 597 634 650 qui
653 594 867 635 amicitiam
887 607 908 632 e
928 593 1006 632 vita
1025 592 1172 632 tollunt
1183 611 1195 638 3
1222 605 1299 645 qua
1315 605 1337 630 a
1356 591 1444 630 Diis
1465 589 1753 630 immortalibus
1774 587 1874 627 nihil

466 663 607 702 melius
627 661 832 706 habemus,
852 658 1197 711 nihiljucundius.
1230 659 1329 709 Qae
1358 657 1412 696 est
1439 657 1547 695 enim
1576 656 1644 694 ista
1662 655 1839 694 securitas
1860 654 1873 692 ?

466 729 588 783 specie
622 728 781 782 quidem
813 726 965 772 blanda,
998 725 1060 764 sed
1080 724 1206 778 reapse
1225 724 1360 763 multis
1391 724 1487 762 locis
1507 722 1755 776 repudianda.
1788 721 1874 760 Ne-

465 809 543 850 que
560 795 669 834 enim
687 793 739 832 est
758 792 1071 836 consentaneum,
1093 791 1215 829 ullam
1234 789 1433 829 honestam
1453 803 1536 829 rem
1556 789 1806 833 afflonemve‚
1828 799 1877 825 ne

467 862 656 902 sollicitus
676 861 738 905 fis,
759 868 825 897 aut
843 872 921 896 non
942 857 1142 910 suscipere,
1163 864 1230 894 aut
1249 856 1459 910 susceptam
1479 856 1681 909 deponere.
1713 854 1832 907 Qod
1848 853 1876 893 si

466 942 600 968 curam
620 927 811 979 fugimus,
833 924 954 962 virtus
974 922 1158 975 fugienda
1177 922 1229 961 est
1244 940 1256 968 ς
1287 936 1372 976 quae
1392 921 1535 960 necess‘e
1554 922 1606 960 est
1636 935 1729 960 cum
1748 921 1878 974 aliqua

466 1007 558 1033 cura
577 1006 633 1032 res
655 992 725 1031 fibi
745 990 952 1030 contrarias
972 989 1190 1042 aspernetur
1209 997 1324 1041 atque
1342 988 1467 1027 oderit
1482 1006 1494 1033 ;
1526 997 1570 1025 ut
1589 987 1740 1026 bonitas
1760 987 1876 1025 mali-

466 1061 578 1106 tiam,
599 1057 853 1112 temperantia
871 1056 1093 1102 libidinem,
1124 1055 1318 1109 ignaviam
1338 1053 1542 1093 fortitudo.
1584 1055 1720 1106 Itaque
1749 1053 1877 1092 videas

466 1128 580 1167 rebus
601 1125 751 1179 injustis
765 1124 889 1178 justos
910 1123 1081 1162 maxime
1100 1122 1242 1168 dolere,
1269 1121 1536 1161 imbecillibus
1554 1120 1686 1166 fortes,
1708 1119 1877 1173 flagitio-

467 1195 514 1233 sis
535 1192 742 1233 modestos.
785 1192 892 1244 Ergo
911 1189 987 1229 hoc
1017 1189 1221 1244 proprium
1252 1189 1306 1228 est
1328 1189 1450 1228 animi
1470 1189 1568 1228 bene
1593 1186 1806 1232 constituti,
1841 1196 1880 1225 et

467 1261 586 1300 laetari
607 1259 719 1298 bonis
739 1257 867 1303 rebus,
888 1266 926 1295 et
946 1256 1073 1295 dolere
1092 1255 1306 1295 contrariis.

523 1325 795 1379 Qamobrem
826 1324 852 1362 si
883 1323 986 1361 cadit
1014 1323 1055 1361 in
1076 1322 1284 1376 sapientem
1304 1321 1426 1360 animi
1445 1321 1568 1366 dolor,
1598 1319 1685 1373 (qui
1705 1318 1879 1373 profesto

467 1393 585 1438 cadit,
615 1391 684 1430 nisi
715 1404 764 1429 ex
795 1390 877 1443 ejus
897 1390 1030 1428 animo
1062 1389 1292 1442 extirpatam
1324 1387 1608 1427 humanitatem
1627 1386 1876 1437 arbitremur)

468 1473 556 1513 quae
575 1457 682 1497 causa
709 1457 776 1502 est,
806 1469 876 1494 cur
906 1455 1121 1494 amicitiam
1140 1454 1319 1494 funditus
1350 1455 1534 1493 tollamus
1565 1467 1585 1491 e
1615 1453 1707 1498 vita,
1737 1466 1786 1490 ne
1805 1453 1878 1490 ali-

468 1538 562 1579 quas
589 1533 744 1578 propter
775 1535 861 1560 eam
893 1520 1141 1574 suscipiamus
1173 1520 1364 1558 molestias
1384 1521 1396 1556 ?
1429 1519 1539 1571 Qid
1568 1519 1675 1557 enim
1708 1517 1878 1565 interest,

469 1601 582 1630 motu
602 1590 723 1629 animi
744 1587 908 1633 sublato,
939 1601 1018 1626 non
1050 1587 1138 1625 dico
1159 1587 1258 1625 inter
1283 1585 1488 1625 hominem
1518 1596 1555 1624 et
1575 1585 1780 1639 pecudem,
1816 1585 1879 1624 sed

466 1659 567 1697 inter
585 1656 790 1696 hominem
811 1664 848 1693 et
869 1654 1016 1699 saxum,
1039 1662 1103 1692 aut
1125 1663 1292 1692 truncun
1357 1662 1415 1692 tut
1436 1652 1587 1706 quidvis
1608 1653 1757 1706 generis
1777 1651 1877 1705 ejus-

467 1723 589 1763 dem?
620 1724 763 1776 Neque
793 1721 901 1760 enim
922 1720 1009 1759 sunt
1040 1720 1099 1758 isti
1120 1720 1313 1766 audiendi,
1345 1720 1412 1773 qui
1440 1719 1626 1758 virtutem
1658 1719 1808 1764 duram,
1840 1728 1879 1757 et

467 1789 571 1844 quasi
592 1789 752 1828 ferream
773 1787 844 1826 effe
864 1786 1059 1840 quandam
1076 1786 1213 1825 volunt
1228 1805 1240 1831 ς
1271 1801 1357 1839 quae
1377 1786 1536 1839 quidem
1557 1785 1609 1823 est
1629 1799 1722 1824 cum
1742 1785 1879 1824 multis

468 1857 509 1895 in
530 1856 657 1900 rebus,
682 1864 770 1892 tum
801 1854 842 1892 in
863 1853 1049 1897 amicitia,
1086 1862 1212 1890 tenera
1231 1863 1345 1905 atque
1366 1852 1571 1891 tractabilis
1589 1870 1600 1896 ;
1633 1861 1676 1890 ut
1706 1861 1744 1890 et
1765 1852 1878 1890 bonis

468 1922 586 1961 amici
607 1920 710 1974 quasi
731 1918 1011 1963 diffundantur,
1042 1928 1080 1956 et
1111 1919 1372 1956 incommodis
1402 1918 1690 1956 contrahantur.
1767 1931 1877 1955 uam-

468 1989 604 2027 obrem
623 2000 743 2040 angor
762 1986 842 2031 iste,
864 1985 933 2038 qui
953 1998 1023 2038 pro
1044 1984 1170 2022 amico
1190 1984 1283 2037 saepe
1309 1984 1515 2036 capiendus
1535 1984 1602 2029 est,
1624 1997 1701 2022 non
1725 1993 1878 2021 tantum

468 2054 583 2099 valet,
606 2062 649 2091 ut
682 2052 793 2091 tollat
822 2065 843 2089 e
874 2052 951 2089 vita
970 2051 1212 2095 amicitiam;
1244 2063 1322 2088 non
1345 2050 1445 2103 plus,
1480 2064 1597 2102 quam
1630 2060 1673 2088 ut
1703 2050 1878 2095 virtutes,

469 2120 559 2173 quia
579 2118 782 2158 nonnullas
803 2131 910 2156 curas
932 2126 970 2155 et
989 2117 1181 2155 molestias
1200 2115 1379 2161 afferunt,
1400 2117 1665 2170 repudientur.

525 2187 638 2225 XIV.
672 2187 778 2224 Cum
799 2194 928 2222 autem
949 2183 1149 2222 contrahat
1169 2183 1396 2227 amicitiam,
1430 2193 1473 2221 ut
1494 2183 1602 2236 supra
1621 2183 1717 2228 dixi,
1747 2182 1774 2221 si
1805 2194 1880 2235 qua

470 2252 698 2305 significatio
717 2251 871 2290 virtutis
892 2250 1053 2295 eluceat,
1071 2250 1117 2288 ad
1138 2262 1255 2302 quam
1276 2249 1311 2287 se
1332 2249 1466 2287 similis
1482 2250 1633 2288 animus
1654 2249 1821 2302 applicet
1840 2257 1879 2285 et

471 2319 678 2371 adjungat;
712 2318 750 2355 id
784 2331 877 2356 cum
905 2317 1114 2370 confingit,
1145 2330 1252 2355 amor
1272 2316 1464 2354 exoriatur
1485 2314 1627 2353 necesse
1657 2314 1721 2352 est.
1769 2313 1880 2370 Qid

470 2385 577 2423 enim
599 2394 678 2423 tam
709 2384 930 2429 absurdum,
963 2398 1082 2436 quam
1102 2384 1279 2422 delectari
1301 2383 1436 2421 multis
1467 2382 1645 2420 inanibus
1677 2381 1803 2425 rebus,
1836 2390 1879 2419 ut

471 2451 630 2497 honore,
667 2461 710 2489 ut
743 2451 879 2504 gloria,
926 2461 967 2489 ut
998 2450 1174 2496 aedificio,
1210 2460 1251 2488 ut
1286 2449 1423 2488 vestitu
1459 2450 1645 2502 cultuque
1676 2448 1846 2501 corporis
1864 2465 1876 2493 ς

471 2519 601 2559 animo
634 2528 762 2558 autem
798 2520 938 2559 virtute
965 2519 1139 2574 praedito,
1178 2532 1237 2564 eo,
1269 2518 1338 2571 qui
1373 2517 1432 2556 vel
1467 2530 1604 2563 amare,
1637 2517 1696 2556 vel
1733 2518 1795 2568 (ut
1826 2515 1879 2554 ita
