2223 3003
449 271 526 312 ¹34
856 251 960 291 DE
1031 251 1434 291 LEGIBUS

445 370 570 411 neque
592 353 764 398 Zaleuci,
787 364 858 390 nec
878 350 1018 389 nostras
1041 363 1120 388 XII
1144 349 1305 395 tabulas,
1334 363 1406 388 nec
1432 349 1630 403 plebiscita
1649 350 1817 392 defidero
1830 370 1844 400 3

443 425 505 463 sed
527 433 564 460 tc
583 420 760 459 existimo
789 415 880 455 cum
902 416 1071 470 populis,
1103 425 1188 454 tum
1221 416 1339 454 etiam
1366 416 1523 469 fingulis
1553 415 1743 456 hodierno
1770 419 1846 458 ser·

443 502 558 528 mone
578 488 679 538 leges
709 483 862 522 vivendi
881 493 919 521 et
938 483 1182 536 disciplinam
1201 482 1396 521 daturum.
1444 483 1660 522 MARCUS.
1682 483 1751 522 Est
1770 483 1848 523 hu-

437 557 502 607 jus
537 566 625 590 vero
658 549 940 603 disputationis,
972 549 1136 601 Qinte,
1179 549 1380 602 proprium
1413 549 1467 594 id,
1499 549 1605 602 quod
1635 551 1810 602 expe&as
1832 568 1845 595 ς

441 631 556 673 atque
577 620 727 657 utinam
749 616 837 655 effet
856 617 974 655 etiam
994 615 1188 654 facultatis
1209 629 1304 654 meae
1323 614 1329 652 !
1364 615 1435 654 Sed
1454 615 1626 669 profecto
1651 617 1704 654 ita
1724 616 1760 654 se
1789 629 1847 655 res

441 687 572 732 habet,
604 694 660 730 ut,
696 684 882 737 quoniam
914 683 1099 721 vitiorum
1134 682 1448 727 emendatricem,
1485 682 1611 736 legem
1637 682 1708 721 effe
1728 696 1846 736 opor-

441 764 510 799 tet,
541 750 991 802 commendatricemque
1019 749 1225 794 virtutum,
1256 749 1303 786 ab
1336 763 1378 787 ea
1396 749 1548 787 vivendi
1569 749 1740 787 doctrina
1770 749 1846 787 du-

440 829 560 860 catur.
594 820 653 857 Ita
671 817 730 862 fit,
747 826 790 855 ut
810 825 932 854 mater
951 815 1133 853 omnium
1153 815 1343 853 bonarum
1363 816 1503 853 artium
1521 815 1701 869 sapientia
1722 815 1794 860 sit3
1826 829 1847 853 a

440 888 550 939 cujus
567 897 710 928 amore,
723 885 862 921 Graeco
878 881 1010 926 verbo,
1027 879 1273 934 philosophia
1292 894 1435 920 nomen
1455 882 1603 920 invenit
1616 901 1628 927 ;
1649 896 1726 935 qua
1745 881 1845 920 nihil

440 966 460 991 a
481 953 568 991 Diis
589 949 876 989 immortalibus
907 948 1078 993 uberius,
1109 946 1210 985 nihil
1231 947 1444 993 florentius,
1466 947 1565 986 nihil
1596 948 1846 1002 praestabilius

440 1017 650 1056 hominum
670 1016 758 1054 vitae
777 1014 913 1053 datum
932 1013 999 1052 est.
1043 1014 1142 1052 Haec
1162 1014 1268 1051 enim
1289 1027 1365 1051 una
1394 1027 1463 1052 nos
1483 1027 1576 1052 cum
1606 1023 1758 1052 caeteras
1788 1025 1845 1052 res

438 1098 587 1128 omnes,
619 1092 720 1127 tum,
751 1081 858 1135 quod
890 1081 944 1119 est
977 1079 1275 1125 difficillimum,
1311 1079 1458 1125 docuit,
1487 1089 1530 1118 ut
1563 1079 1715 1118 nosmet
1744 1080 1845 1132 ipsos

438 1151 706 1189 nosceremus:
738 1149 848 1201 cujus
868 1147 1048 1202 praecepti
1070 1156 1175 1185 tanta
1192 1147 1265 1192 vis,
1299 1134 1404 1186 tanta
1423 1147 1609 1186 sententia
1641 1146 1710 1193 est,
1740 1156 1785 1185 ut
1803 1159 1846 1185 ea

438 1231 516 1256 non
537 1216 691 1255 homini
711 1215 896 1268 cuipiam,
919 1214 982 1252 sed
1002 1211 1199 1266 Delphico
1219 1215 1318 1258 Deo,
1341 1214 1587 1251 tribueretur.

494 1283 601 1321 Nam
621 1281 691 1334 qui
712 1280 748 1318 se
770 1279 847 1333 ipse
868 1279 984 1324 norit,
1006 1276 1181 1331 primum
1201 1278 1348 1330 aliquid
1370 1277 1504 1316 sentiet
1520 1278 1556 1316 se
1582 1276 1722 1316 habere
1741 1276 1843 1315 divi-

439 1363 550 1394 num,
585 1347 866 1401 ingeniumque
885 1345 925 1384 in
943 1345 978 1384 se
997 1345 1125 1390 suum,
1146 1345 1242 1383 ficut
1263 1344 1511 1384 simulacrum
1539 1345 1711 1398 aliquod,
1732 1344 1843 1383 dedi-

437 1425 568 1454 catum
589 1414 765 1469 putabit3
798 1422 981 1466 tantoque
1012 1424 1172 1450 munere
1203 1412 1380 1450 Deorum
1401 1411 1550 1465 semper
1579 1412 1744 1465 dignum
1771 1411 1844 1449 ali-

438 1483 534 1536 quid
553 1491 592 1520 et
611 1480 738 1526 faciet,
770 1489 807 1518 et
827 1479 989 1517 sentiet:
1021 1488 1073 1523 et,
1108 1491 1200 1516 cum
1222 1478 1257 1516 se
1278 1478 1355 1531 ipse
1371 1477 1615 1530 perspexerit,
1637 1486 1844 1530 totumque

437 1549 607 1594 tentarit,
639 1546 843 1599 intelliget,
866 1544 1199 1598 quemadmodum
1220 1557 1240 1581 a
1261 1554 1395 1582 natura
1416 1543 1642 1582 subornatus
1663 1544 1702 1581 in
1724 1544 1844 1582 vitam

435 1614 596 1658 venerit,
617 1620 838 1665 quantaque
857 1610 1110 1648 instrumenta
1128 1609 1266 1647 habeat
1287 1609 1332 1647 ad
1352 1609 1604 1648 obtinendam
1628 1609 1843 1662 adipiscen-

436 1681 602 1733 damque
622 1677 866 1732 sapientiam:
890 1677 1076 1729 quoniam
1096 1675 1291 1729 principio
1310 1689 1438 1714 rerum
1454 1676 1633 1715 omnium
1650 1676 1752 1729 quafi
1773 1677 1841 1714 ad-

436 1747 632 1785 umbratas
652 1744 925 1796 intelligentias
945 1744 1077 1781 animo
1096 1756 1138 1780 ac
1155 1752 1286 1781 mente
1305 1742 1546 1794 conceperit;
1569 1742 1710 1794 quibus
1731 1742 1841 1780 illus-

435 1822 570 1857 tratus,
603 1809 784 1863 sapientia
814 1808 925 1853 duce,
959 1808 1109 1847 bonum
1131 1809 1272 1853 virum,
1304 1815 1343 1845 et
1372 1807 1424 1846 ob
1443 1820 1529 1845 eam
1549 1807 1669 1860 ipsam
1691 1807 1840 1846 causam

434 1886 565 1915 cernat
586 1877 620 1914 se
640 1876 796 1913 beatum
817 1873 912 1911 fore.

491 1942 646 1981 XXIII.
679 1941 786 1979 Nam
806 1953 899 1977 cum
919 1939 1085 1983 animus,
1107 1938 1272 1991 cognitis
1294 1938 1557 1991 perceptisque
1577 1939 1798 1984 virtutibus,
1820 1953 1841 1977 a

435 2010 605 2063 corporis
623 2007 805 2060 obsequio
822 2005 1138 2059 indulgentiaque
1154 2004 1372 2049 discess‘erit,
1393 2005 1725 2058 voluptatemque,
1745 2006 1840 2045 sicut

434 2077 562 2116 labem
583 2076 752 2128 aliquam
773 2073 935 2118 decoris,
953 2071 1187 2126 oppress‘erit,
1209 2086 1445 2125 omnemque
1467 2072 1601 2110 mortis
1623 2071 1840 2125 dolorisque

434 2145 617 2182 timorem
637 2140 831 2194 effugerit,
855 2139 1152 2192 societatemque
1171 2139 1336 2177 caritatis
1356 2139 1490 2177 coierit
1510 2152 1602 2177 cum
1630 2138 1718 2184 suis,
1750 2153 1838 2178 om-

433 2210 575 2263 nesque
595 2209 728 2247 natura
747 2207 990 2260 conjunctos,
1022 2205 1106 2244 suos
1137 2206 1303 2251 duxerit,
1325 2205 1556 2259 cultumque
1580 2207 1768 2250 Deorum,
1800 2215 1837 2244 ct

432 2290 571 2331 puram
607 2275 834 2328 religionem
856 2273 1072 2327 susceperit,
1102 2283 1141 2312 et
1170 2274 1364 2312 exacuerit
1395 2273 1518 2318 illam,
1550 2283 1592 2312 ut
1617 2272 1836 2317 oculorum,

432 2343 484 2383 fic
516 2342 662 2395 ingenii
693 2342 831 2386 aciem,
861 2341 908 2378 ad
939 2340 1039 2379 bona
1070 2340 1285 2394 deligenda,
1316 2349 1354 2378 et
1388 2339 1590 2391 rejicienda
1619 2339 1833 2383 contraria3

434 2410 541 2462 (quae
560 2409 679 2446 virtus
698 2421 744 2446 ex
767 2407 1001 2461 providendo
1019 2406 1072 2446 est
1092 2406 1279 2461 appellata
1300 2405 1523 2457 Prudentia)
1556 2404 1650 2458 quid
1677 2419 1722 2443 co
1742 2405 1835 2450 dici,

430 2486 499 2516 aut
518 2475 740 2529 excogitari,
760 2475 899 2528 poterit
919 2474 1091 2513 beatius?

487 2541 679 2595 Idemque
723 2554 815 2580 cum
852 2540 1006 2587 caelum,
1051 2549 1181 2587 terras,
1223 2540 1358 2586 maria,
1406 2552 1613 2593 rerumque
1653 2537 1834 2578 omnium
