2223 3003
523 277 601 319 126
932 273 1035 312 DE
1108 272 1510 313 LEGIBUS

519 376 614 416 ratio
633 390 654 414 a
672 384 805 413 natura
824 372 909 410 data
927 370 994 416 est,
1017 369 1152 408 iisdem
1171 369 1288 409 etiam
1309 371 1409 409 resta
1428 370 1523 410 ratio
1542 370 1628 410 data
1653 371 1706 410 est
1720 389 1732 417 3
1762 384 1854 425 ergo
1880 381 1918 412 et

519 443 594 486 lex,
609 454 694 493 quae
711 439 764 477 est
783 438 880 475 resta
898 436 994 475 ratio
1014 436 1054 475 in
1066 435 1242 489 jubendo
1260 444 1298 474 et
1317 436 1480 475 vetando
1497 450 1507 474 :
1530 437 1556 475 fi
1576 436 1652 482 lex,
1664 437 1728 489 jus
1747 450 1917 490 quoque.

517 510 573 546 At
592 505 774 544 omnibus
794 503 912 542 ratio:
944 504 1014 554 Jus
1035 502 1155 555 igitur
1173 502 1308 541 datum
1333 502 1386 541 est
1404 502 1588 541 omnibus
1607 517 1616 541 ε
1648 503 1823 556 reeteque
1848 505 1918 542 So-

516 581 636 611 crates
656 570 838 610 exsecrari
868 583 959 608 eum
979 569 1136 614 solebat,
1165 569 1233 621 qui
1263 569 1412 622 primus
1432 569 1643 608 utilitatem
1663 583 1684 607 a
1709 578 1843 608 natura
1861 568 1919 607 se-

511 637 712 691 junxisset.
763 636 808 675 Id
841 635 947 674 enim
977 634 1205 688 querebatur
1234 644 1350 687 caput
1380 634 1452 673 effe
1481 636 1690 674 exitiorum
1722 635 1917 674 omnium.

518 705 635 743 Unde
654 703 706 742 est
725 703 792 741 illa
812 701 1049 754 Pythagorea
1067 715 1142 740 vox
1155 702 1179 727 *⁶
1196 703 1219 727 ”³
1237 703 1261 727 *
1279 701 1342 739 Ex
1357 714 1436 754 quo
1454 700 1695 754 perspicitur,
1710 715 1803 740 curn
1818 699 1919 739 hanc

517 769 827 810 benevolentiam
846 777 926 807 tam
946 768 1020 806 late
1040 767 1231 820 longeque
1251 766 1429 805 diffusam
1448 768 1506 806 vir
1525 767 1668 820 sapiens
1688 768 1730 805 in
1749 767 1920 818 aliquem

518 837 599 890 pari
620 837 760 874 virtute
781 834 986 887 praeditum
1006 833 1228 877 contulerit,
1261 841 1347 871 tum
1367 832 1466 871 illud
1482 833 1598 878 effici,
1630 833 1735 886 quod
1755 831 1918 884 quibus-

518 902 607 940 dam
629 901 855 939 incredibile
876 899 1060 944 videatur,
1095 897 1140 936 fit
1159 906 1289 936 autem
1309 897 1570 944 necessarium,
1602 908 1668 937 aut
1690 896 1817 936 nihilo
1847 895 1920 935 sese

516 967 620 1021 plus,
648 981 765 1020 quam
785 967 964 1011 alterum,
985 965 1134 1017 diligat.
1167 964 1276 1015 Qid
1295 965 1402 1003 enim
1421 965 1488 1010 est,
1510 965 1615 1018 quod
1635 964 1798 1010 differat,
1827 979 1921 1004 cum

517 1038 590 1075 fint
606 1037 743 1074 c’unCta
757 1033 887 1087 paria?
906 1032 1026 1084 Qod
1038 1032 1063 1070 st
1084 1030 1255 1070 intercise
1270 1031 1474 1084 quippiam
1494 1032 1689 1070 tantulum
1710 1033 1828 1071 modo
1846 1045 1920 1085 po-

516 1102 648 1146 tuerit‚
664 1102 747 1153 jam
769 1099 949 1137 amicitiae
969 1110 1113 1135 nomen
1131 1097 1315 1135 occiderit
1327 1116 1339 1142 ς
1371 1097 1481 1148 cujus
1501 1097 1554 1134 est
1573 1110 1616 1134 ea
1633 1097 1706 1142 vis,
1729 1107 1786 1143 ut,
1808 1097 1920 1136 fimul

517 1177 632 1221 atque
648 1167 717 1205 fibi
737 1164 898 1218 aliquid,
920 1177 1039 1216 quam
1059 1163 1181 1208 alteri,
1204 1163 1398 1208 maluerit,
1416 1163 1523 1201 nulla
1542 1162 1600 1201 fit.
1633 1163 1732 1215 Qae
1751 1177 1921 1216 praemu-

515 1235 678 1272 niuntur
691 1232 824 1270 omnia
839 1230 989 1281 reliquo
1000 1229 1165 1267 sermoni
1181 1228 1507 1281 disputationique
1519 1229 1665 1272 nostrae,
1679 1243 1758 1280 quo
1769 1229 1921 1269 facilius

511 1300 576 1351 jus
597 1298 637 1335 in
659 1306 790 1335 natura
810 1294 880 1333 effe
900 1293 1082 1346 politum,
1104 1293 1270 1345 intelligi
1287 1293 1412 1346 poffit.
1446 1293 1508 1331 De
1523 1306 1602 1345 quo
1621 1306 1713 1331 cum
1733 1307 1921 1347 perpauca

516 1363 662 1407 dixero,
678 1371 763 1400 tum
779 1360 825 1398 ad
837 1361 902 1412 jus
915 1358 1030 1396 civile
1044 1357 1210 1403 veniam,
1224 1371 1270 1396 ex
1283 1371 1362 1410 quo
1377 1356 1459 1396 haec
1474 1358 1600 1396 omnis
1614 1366 1700 1396 nata
1715 1357 1768 1397 est
1783 1360 1918 1399 oratio.

572 1427 689 1466 XIII.
726 1426 957 1477 Qum-us.
975 1425 1042 1462 Tu
1061 1436 1150 1461 vero
1164 1424 1247 1475 jam
1266 1436 1456 1476 perpauca
1474 1423 1641 1462 scilicet:
1664 1436 1710 1462 ex
1731 1423 1776 1462 iis
1797 1424 1919 1470 enim,

516 1508 603 1548 quae
623 1493 765 1537 dixisti,
787 1491 924 1530 Attico
943 1491 1108 1535 videtur,
1130 1488 1229 1528 mihi
1250 1490 1410 1542 quidem
1426 1499 1541 1534 certe,
1563 1503 1610 1528 ex
1631 1498 1764 1527 natura
1788 1499 1920 1529 ortum

517 1560 589 1598 effe
603 1561 682 1612 jus.
726 1560 953 1596 ATT1cus.
977 1558 1041 1594 An
1068 1554 1168 1593 mihi
1186 1555 1296 1593 aliter
1316 1555 1435 1593 videri
1453 1555 1578 1608 poffit,
1614 1568 1706 1593 cum
1727 1554 1809 1595 haec
1834 1557 1920 1608 jam

514 1624 681 1678 perfecta
701 1624 772 1662 sint
785 1641 797 1668 3
819 1623 1008 1675 primum,
1029 1621 1132 1673 quasi
1148 1620 1376 1658 muneribus
1389 1621 1564 1659 Deorum
1582 1634 1651 1659 nos
1668 1620 1740 1659 effe
1754 1621 1920 1660 instruc·

516 1700 576 1729 tos
597 1699 635 1729 et
651 1697 802 1729 ornatos
816 1706 828 1733 5
860 1687 1026 1726 secundo
1051 1695 1195 1732 autem,
1214 1699 1333 1725 unam
1353 1685 1425 1724 effe
1455 1685 1665 1726 hominum
1690 1687 1790 1725 inter
1819 1687 1920 1740 ipsos

515 1756 669 1795 vivendi
699 1768 830 1808 parem
861 1766 1195 1806 communemque
1225 1753 1411 1792 rationem
1432 1771 1444 1798 3
1476 1753 1627 1798 deinde,
1654 1766 1790 1791 omnes
1820 1753 1920 1791 inter

516 1823 552 1861 se
572 1821 735 1861 naturali
755 1820 920 1873 quadam
947 1819 1188 1871 indulgentia
1204 1829 1242 1857 et
1262 1819 1541 1864 benevolentia,
1564 1828 1649 1857 tum
1668 1819 1776 1857 enim
1797 1818 1918 1858 socie-

516 1897 592 1926 tate
607 1889 704 1939 juris
725 1886 941 1924 contineri?
974 1886 1073 1936 Qae
1101 1898 1193 1922 cum
1211 1898 1296 1922 vera
1315 1885 1400 1929 effe,
1429 1887 1539 1929 recte,
1562 1894 1605 1924 ut
1623 1885 1798 1930 arbitror,
1820 1899 1917 1924 con-

515 1953 759 1997 eess‘erimus;
782 1952 849 2004 qui*
864 1952 946 2002 jam
966 1951 1056 1988 licet
1077 1951 1188 1989 nobis
1209 1964 1228 1988 a
1248 1959 1381 1988 natura
1401 1951 1501 2003 leges
1522 1959 1560 1988 et
1574 1952 1661 2002 jura
1676 1950 1898 2004 sejungere?

562 2021 777 2058 MARCUS.
799 2019 919 2056 Recte
939 2017 1063 2063 dicis,
1085 2026 1123 2055 et
1144 2031 1199 2055 res
1221 2017 1270 2055 sic
1286 2017 1320 2055 se
1340 2015 1468 2055 habet.
1498 2015 1644 2055 Verum
1662 2016 1916 2071 philosopho-

517 2100 603 2125 rum
626 2099 747 2130 more,
771 2098 847 2123 non
874 2093 1046 2123 veterum
1067 2084 1225 2136 quidem
1247 2083 1420 2129 illorum,
1453 2083 1514 2121 sed
1543 2097 1692 2128 eorum,
1720 2084 1788 2136 qui
1814 2086 1916 2137 quati

516 2152 687 2190 officinas
709 2150 968 2189 instruxerunt
989 2149 1178 2202 sapientia:
1199 2168 1210 2194 ς
1243 2163 1327 2202 quae
1347 2148 1428 2188 fuse
1447 2149 1543 2188 olim
1564 2149 1855 2202 disputabantur
1874 2163 1917 2188 ac

516 2218 648 2263 libere,
679 2231 721 2255 ea
742 2231 844 2255 nunc
865 2216 1098 2254 articulatim
1118 2215 1372 2269 distin-{teque
1406 2216 1611 2254 dicuntur:
1646 2229 1715 2254 nec
1734 2216 1839 2254 enim
1861 2216 1915 2254 sa-

516 2283 648 2321 tisfieri
680 2283 833 2321 censent
866 2281 958 2320 huic
990 2282 1090 2327 loco,
1123 2282 1192 2334 qui
1219 2294 1323 2320 nunc
1353 2281 1405 2319 est
1430 2282 1469 2319 in
1496 2282 1690 2325 manibus,
1722 2280 1787 2319 nisi
1812 2281 1915 2333 sepa-

517 2349 630 2386 ratim
664 2347 740 2387 hoc
776 2348 916 2402 ipsum,
952 2357 1093 2386 naturae
1112 2347 1184 2386 effe
1208 2349 1287 2400 jus,
1314 2347 1554 2400 disputarint.
1607 2349 1830 2385 ATTicus.
1865 2348 1916 2385 Et

517 2415 661 2453 scilicet
675 2424 738 2453 tua
756 2415 906 2453 libertas
924 2414 1121 2453 differendi
1140 2414 1269 2452 amiffa
1283 2412 1360 2458 est;
1382 2423 1446 2452 aut
1464 2423 1504 2451 tu
1527 2415 1556 2452 is
1572 2427 1625 2457 es,
1642 2413 1709 2465 qui
1727 2413 1766 2450 in
1784 2413 1914 2467 dispu-

516 2481 632 2519 tando
653 2495 727 2519 non
747 2490 857 2519 tuum
870 2481 1065 2533 judicium
1084 2480 1248 2533 sequare,
1266 2480 1326 2518 sed
1344 2481 1556 2519 auctoritati
1574 2480 1738 2517 aliorum
1759 2492 1883 2532 pareas
1900 2479 1912 2516 ?

516 2547 728 2587 Mazaeus.
756 2547 849 2587 Non
871 2547 1029 2601 semper,
1047 2547 1164 2587 Tite:
1195 2546 1272 2592 sed,
1292 2547 1362 2586 iter
1382 2546 1497 2599 hujus
1520 2546 1701 2585 sermonis
1729 2544 1834 2598 quod
1855 2544 1913 2588 fit,
