<?xml version="1.0" encoding="UTF-8"?>
<!DOCTYPE html PUBLIC "-//W3C//DTD XHTML 1.0 Transitional//EN"
    "http://www.w3.org/TR/xhtml1/DTD/xhtml1-transitional.dtd">
<html xmlns="http://www.w3.org/1999/xhtml" xml:lang="en" lang="en">
 <head>
  <title>
</title>
<meta http-equiv="Content-Type" content="text/html;charset=utf-8" />
  <meta name='ocr-system' content='tesseract 3.04.00' />
  <meta name='ocr-capabilities' content='ocr_page ocr_carea ocr_par ocr_line ocrx_word'/>
</head>
<body>
  <div class='ocr_page' id='page_1' title='image "./operacumindicibu03ciceuoft_0358.png"; bbox 0 0 2223 3003; ppageno 0'>
   <div class='ocr_carea' id='block_1_1' title="bbox 554 228 1581 292">
    <p class='ocr_par' dir='ltr' id='par_1_1' title="bbox 554 228 1581 292">
     <span class='ocr_line' id='line_1_1' title="bbox 554 228 1581 292; baseline 0 -23"><span class='ocrx_word' id='word_1_1' title='bbox 554 247 632 292; x_wconf 77' lang='lat'>35²</span> <span class='ocrx_word' id='word_1_2' title='bbox 923 230 1030 268; x_wconf 88' lang='lat' dir='ltr'>DE</span> <span class='ocrx_word' id='word_1_3' title='bbox 1101 228 1581 269; x_wconf 84' lang='lat' dir='ltr'><strong>AMICITIA.</strong></span> 
     </span>
    </p>
   </div>
   <div class='ocr_carea' id='block_1_2' title="bbox 550 316 1970 2233">
    <p class='ocr_par' dir='ltr' id='par_1_2' title="bbox 550 316 1962 849">
     <span class='ocr_line' id='line_1_2' title="bbox 550 316 1954 382; baseline -0.001 -6"><span class='ocrx_word' id='word_1_4' title='bbox 550 333 796 377; x_wconf 86' lang='lat' dir='ltr'>meministis,</span> <span class='ocrx_word' id='word_1_5' title='bbox 827 330 1099 382; x_wconf 75' lang='lat' dir='ltr'>QMaximo,</span> <span class='ocrx_word' id='word_1_6' title='bbox 1133 328 1248 367; x_wconf 87' lang='lat' dir='ltr'>fratre</span> <span class='ocrx_word' id='word_1_7' title='bbox 1268 328 1474 382; x_wconf 88' lang='lat' dir='ltr'>Scipionis,</span> <span class='ocrx_word' id='word_1_8' title='bbox 1505 338 1543 368; x_wconf 91' lang='lat' dir='ltr'>et</span> <span class='ocrx_word' id='word_1_9' title='bbox 1563 330 1613 369; x_wconf 94' lang='lat' dir='ltr'>L.</span> <span class='ocrx_word' id='word_1_10' title='bbox 1637 329 1826 372; x_wconf 84' lang='lat' dir='ltr'>Mancino</span> <span class='ocrx_word' id='word_1_11' title='bbox 1844 316 1954 375; x_wconf 62' lang='lat' dir='ltr'>Conss</span> 
     </span>
     <span class='ocr_line' id='line_1_3' title="bbox 553 394 1956 451; baseline -0.001 -11"><span class='ocrx_word' id='word_1_12' title='bbox 553 402 713 444; x_wconf 82' lang='lat' dir='ltr'>sulibus,</span> <span class='ocrx_word' id='word_1_13' title='bbox 735 410 852 451; x_wconf 90' lang='lat' dir='ltr'>quam</span> <span class='ocrx_word' id='word_1_14' title='bbox 872 395 1066 449; x_wconf 87' lang='lat' dir='ltr'>popularis</span> <span class='ocrx_word' id='word_1_15' title='bbox 1087 395 1150 434; x_wconf 86' lang='lat' dir='ltr'>lex</span> <span class='ocrx_word' id='word_1_16' title='bbox 1170 394 1217 433; x_wconf 93' lang='lat' dir='ltr'>de</span> <span class='ocrx_word' id='word_1_17' title='bbox 1236 394 1451 434; x_wconf 84' lang='lat' dir='ltr'>sacerdotiis</span> <span class='ocrx_word' id='word_1_18' title='bbox 1472 396 1521 434; x_wconf 93' lang='lat' dir='ltr'>C.</span> <span class='ocrx_word' id='word_1_19' title='bbox 1544 395 1690 435; x_wconf 85' lang='lat' dir='ltr'>Licinii</span> <span class='ocrx_word' id='word_1_20' title='bbox 1711 396 1828 435; x_wconf 84' lang='lat' dir='ltr'>Craffi</span> <span class='ocrx_word' id='word_1_21' title='bbox 1846 400 1956 438; x_wconf 83' lang='lat' dir='ltr'>vide-</span> 
     </span>
     <span class='ocr_line' id='line_1_4' title="bbox 553 460 1958 516; baseline -0.001 -13"><span class='ocrx_word' id='word_1_22' title='bbox 553 467 664 504; x_wconf 85' lang='lat' dir='ltr'>batur</span> <span class='ocrx_word' id='word_1_23' title='bbox 683 479 691 502; x_wconf 89' lang='lat'>:</span> <span class='ocrx_word' id='word_1_24' title='bbox 724 461 921 516; x_wconf 90' lang='lat' dir='ltr'>cooptatio</span> <span class='ocrx_word' id='word_1_25' title='bbox 950 461 1058 499; x_wconf 89' lang='lat' dir='ltr'>enim</span> <span class='ocrx_word' id='word_1_26' title='bbox 1077 460 1331 513; x_wconf 91' lang='lat' dir='ltr'>collegiorum</span> <span class='ocrx_word' id='word_1_27' title='bbox 1357 461 1403 500; x_wconf 87' lang='lat' dir='ltr'>ad</span> <span class='ocrx_word' id='word_1_28' title='bbox 1423 461 1561 514; x_wconf 92' lang='lat' dir='ltr'>populi</span> <span class='ocrx_word' id='word_1_29' title='bbox 1581 461 1817 501; x_wconf 88' lang='lat' dir='ltr'>beneficium</span> <span class='ocrx_word' id='word_1_30' title='bbox 1838 463 1958 502; x_wconf 85' lang='lat' dir='ltr'>trans-</span> 
     </span>
     <span class='ocr_line' id='line_1_5' title="bbox 550 527 1959 582; baseline -0.001 -13"><span class='ocrx_word' id='word_1_31' title='bbox 550 530 756 570; x_wconf 83' lang='lat' dir='ltr'>ferebatur.</span> <span class='ocrx_word' id='word_1_32' title='bbox 799 530 932 580; x_wconf 89' lang='lat' dir='ltr'>Atque</span> <span class='ocrx_word' id='word_1_33' title='bbox 951 527 982 566; x_wconf 88' lang='lat' dir='ltr'>is</span> <span class='ocrx_word' id='word_1_34' title='bbox 1000 528 1176 580; x_wconf 88' lang='lat' dir='ltr'>primum</span> <span class='ocrx_word' id='word_1_35' title='bbox 1194 527 1361 566; x_wconf 87' lang='lat' dir='ltr'>instituit</span> <span class='ocrx_word' id='word_1_36' title='bbox 1381 528 1422 566; x_wconf 89' lang='lat' dir='ltr'>in</span> <span class='ocrx_word' id='word_1_37' title='bbox 1442 527 1572 566; x_wconf 85' lang='lat' dir='ltr'>forum</span> <span class='ocrx_word' id='word_1_38' title='bbox 1593 527 1720 567; x_wconf 88' lang='lat' dir='ltr'>versus</span> <span class='ocrx_word' id='word_1_39' title='bbox 1740 542 1848 582; x_wconf 87' lang='lat' dir='ltr'>agere</span> <span class='ocrx_word' id='word_1_40' title='bbox 1866 542 1959 568; x_wconf 89' lang='lat' dir='ltr'>cum</span> 
     </span>
     <span class='ocr_line' id='line_1_6' title="bbox 552 593 1959 650; baseline -0.001 -15"><span class='ocrx_word' id='word_1_41' title='bbox 552 596 714 650; x_wconf 89' lang='lat' dir='ltr'>populo.</span> <span class='ocrx_word' id='word_1_42' title='bbox 737 597 890 635; x_wconf 86' lang='lat' dir='ltr'><strong>Tamen</strong></span> <span class='ocrx_word' id='word_1_43' title='bbox 911 593 1016 632; x_wconf 90' lang='lat' dir='ltr'>illius</span> <span class='ocrx_word' id='word_1_44' title='bbox 1036 593 1274 632; x_wconf 85' lang='lat' dir='ltr'>vendibilem</span> <span class='ocrx_word' id='word_1_45' title='bbox 1294 594 1508 632; x_wconf 88' lang='lat' dir='ltr'>orationem</span> <span class='ocrx_word' id='word_1_46' title='bbox 1528 593 1667 648; x_wconf 86' lang='lat' dir='ltr'>religio</span> <span class='ocrx_word' id='word_1_47' title='bbox 1684 595 1861 633; x_wconf 87' lang='lat' dir='ltr'>Deorum</span> <span class='ocrx_word' id='word_1_48' title='bbox 1880 595 1959 633; x_wconf 89' lang='lat' dir='ltr'>im-</span> 
     </span>
     <span class='ocr_line' id='line_1_7' title="bbox 554 659 1962 714; baseline -0.002 -12"><span class='ocrx_word' id='word_1_49' title='bbox 554 662 795 706; x_wconf 84' lang='lat' dir='ltr'>mortalium,</span> <span class='ocrx_word' id='word_1_50' title='bbox 819 660 930 700; x_wconf 89' lang='lat' dir='ltr'>nobis</span> <span class='ocrx_word' id='word_1_51' title='bbox 951 659 1261 705; x_wconf 88' lang='lat' dir='ltr'>defendentibus,</span> <span class='ocrx_word' id='word_1_52' title='bbox 1276 659 1388 699; x_wconf 81' lang='lat' dir='ltr'>facile</span> <span class='ocrx_word' id='word_1_53' title='bbox 1407 661 1598 700; x_wconf 84' lang='lat' dir='ltr'>vincebat.</span> <span class='ocrx_word' id='word_1_54' title='bbox 1622 662 1754 714; x_wconf 89' lang='lat' dir='ltr'>Atque</span> <span class='ocrx_word' id='word_1_55' title='bbox 1774 660 1814 699; x_wconf 90' lang='lat' dir='ltr'>id</span> <span class='ocrx_word' id='word_1_56' title='bbox 1834 661 1962 700; x_wconf 63' lang='lat' dir='ltr'>actum</span> 
     </span>
     <span class='ocr_line' id='line_1_8' title="bbox 553 726 1961 779; baseline -0.002 -12"><span class='ocrx_word' id='word_1_57' title='bbox 553 728 608 767; x_wconf 90' lang='lat' dir='ltr'>est</span> <span class='ocrx_word' id='word_1_58' title='bbox 628 729 792 768; x_wconf 79' lang='lat' dir='ltr'>Proetore</span> <span class='ocrx_word' id='word_1_59' title='bbox 811 739 889 772; x_wconf 90' lang='lat' dir='ltr'>me,</span> <span class='ocrx_word' id='word_1_60' title='bbox 911 727 1181 779; x_wconf 90' lang='lat' dir='ltr'>quinquennio</span> <span class='ocrx_word' id='word_1_61' title='bbox 1200 734 1287 765; x_wconf 89' lang='lat' dir='ltr'>ante</span> <span class='ocrx_word' id='word_1_62' title='bbox 1307 740 1425 779; x_wconf 88' lang='lat' dir='ltr'>quam</span> <span class='ocrx_word' id='word_1_63' title='bbox 1442 726 1588 766; x_wconf 89' lang='lat' dir='ltr'>Consul</span> <span class='ocrx_word' id='word_1_64' title='bbox 1609 727 1693 766; x_wconf 88' lang='lat' dir='ltr'>sum</span> <span class='ocrx_word' id='word_1_65' title='bbox 1712 726 1850 765; x_wconf 64' lang='lat' dir='ltr'>faetus.</span> <span class='ocrx_word' id='word_1_66' title='bbox 1883 727 1961 765; x_wconf 86' lang='lat' dir='ltr'>Ita-</span> 
     </span>
     <span class='ocr_line' id='line_1_9' title="bbox 554 792 1716 849; baseline -0.001 -16"><span class='ocrx_word' id='word_1_67' title='bbox 554 808 632 849; x_wconf 87' lang='lat' dir='ltr'>que</span> <span class='ocrx_word' id='word_1_68' title='bbox 652 807 690 833; x_wconf 90' lang='lat' dir='ltr'>re</span> <span class='ocrx_word' id='word_1_69' title='bbox 710 793 848 846; x_wconf 87' lang='lat' dir='ltr'>magis,</span> <span class='ocrx_word' id='word_1_70' title='bbox 870 805 989 844; x_wconf 90' lang='lat' dir='ltr'>quam</span> <span class='ocrx_word' id='word_1_71' title='bbox 1009 793 1244 837; x_wconf 70' lang='lat' dir='ltr'>auctoritate,</span> <span class='ocrx_word' id='word_1_72' title='bbox 1267 792 1376 831; x_wconf 91' lang='lat' dir='ltr'>causa</span> <span class='ocrx_word' id='word_1_73' title='bbox 1394 793 1461 831; x_wconf 92' lang='lat' dir='ltr'>illa</span> <span class='ocrx_word' id='word_1_74' title='bbox 1479 792 1632 832; x_wconf 84' lang='lat' dir='ltr'>defensa</span> <span class='ocrx_word' id='word_1_75' title='bbox 1650 794 1716 832; x_wconf 88' lang='lat' dir='ltr'>est.</span> 
     </span>
    </p>

    <p class='ocr_par' dir='ltr' id='par_1_3' title="bbox 553 857 1965 1506">
     <span class='ocr_line' id='line_1_10' title="bbox 611 857 1962 912; baseline -0.002 -13"><span class='ocrx_word' id='word_1_76' title='bbox 611 860 763 899; x_wconf 89' lang='lat' dir='ltr'><strong>XXVI.</strong></span> <span class='ocrx_word' id='word_1_77' title='bbox 796 857 916 908; x_wconf 83' lang='lat' dir='ltr'>Qod</span> <span class='ocrx_word' id='word_1_78' title='bbox 946 857 973 895; x_wconf 85' lang='lat' dir='ltr'>fi</span> <span class='ocrx_word' id='word_1_79' title='bbox 1006 857 1047 894; x_wconf 91' lang='lat' dir='ltr'>in</span> <span class='ocrx_word' id='word_1_80' title='bbox 1067 857 1188 902; x_wconf 87' lang='lat' dir='ltr'>scena,</span> <span class='ocrx_word' id='word_1_81' title='bbox 1220 858 1258 895; x_wconf 92' lang='lat' dir='ltr'>id</span> <span class='ocrx_word' id='word_1_82' title='bbox 1279 858 1345 903; x_wconf 90' lang='lat' dir='ltr'>est,</span> <span class='ocrx_word' id='word_1_83' title='bbox 1368 859 1409 896; x_wconf 91' lang='lat' dir='ltr'>in</span> <span class='ocrx_word' id='word_1_84' title='bbox 1431 860 1633 905; x_wconf 89' lang='lat' dir='ltr'>concione,</span> <span class='ocrx_word' id='word_1_85' title='bbox 1670 860 1710 898; x_wconf 91' lang='lat' dir='ltr'>in</span> <span class='ocrx_word' id='word_1_86' title='bbox 1742 872 1819 912; x_wconf 88' lang='lat' dir='ltr'>qua</span> <span class='ocrx_word' id='word_1_87' title='bbox 1849 859 1962 897; x_wconf 90' lang='lat' dir='ltr'>rebus</span> 
     </span>
     <span class='ocr_line' id='line_1_11' title="bbox 555 922 1962 976; baseline -0.003 -10"><span class='ocrx_word' id='word_1_88' title='bbox 555 927 654 966; x_wconf 66' lang='lat' dir='ltr'>fietis</span> <span class='ocrx_word' id='word_1_89' title='bbox 675 934 713 963; x_wconf 92' lang='lat' dir='ltr'>et</span> <span class='ocrx_word' id='word_1_90' title='bbox 731 922 968 962; x_wconf 83' lang='lat' dir='ltr'>adumbratis</span> <span class='ocrx_word' id='word_1_91' title='bbox 988 922 1065 961; x_wconf 92' lang='lat' dir='ltr'>loci</span> <span class='ocrx_word' id='word_1_92' title='bbox 1099 923 1317 976; x_wconf 89' lang='lat' dir='ltr'>plurimum</span> <span class='ocrx_word' id='word_1_93' title='bbox 1336 923 1403 969; x_wconf 92' lang='lat' dir='ltr'>est,</span> <span class='ocrx_word' id='word_1_94' title='bbox 1439 932 1567 963; x_wconf 87' lang='lat' dir='ltr'>tamen</span> <span class='ocrx_word' id='word_1_95' title='bbox 1598 938 1731 964; x_wconf 90' lang='lat' dir='ltr'>verum</span> <span class='ocrx_word' id='word_1_96' title='bbox 1756 925 1883 970; x_wconf 69' lang='lat' dir='ltr'>valet,</span> <span class='ocrx_word' id='word_1_97' title='bbox 1918 924 1962 975; x_wconf 81' lang='lat' dir='ltr'>(si</span> 
     </span>
     <span class='ocr_line' id='line_1_12' title="bbox 553 987 1963 1043; baseline -0.002 -12"><span class='ocrx_word' id='word_1_98' title='bbox 553 991 673 1031; x_wconf 90' lang='lat' dir='ltr'>modo</span> <span class='ocrx_word' id='word_1_99' title='bbox 707 989 747 1029; x_wconf 91' lang='lat' dir='ltr'>id</span> <span class='ocrx_word' id='word_1_100' title='bbox 767 987 1000 1043; x_wconf 64' lang='lat' dir='ltr'>patefactum</span> <span class='ocrx_word' id='word_1_101' title='bbox 1019 998 1057 1027; x_wconf 94' lang='lat' dir='ltr'>et</span> <span class='ocrx_word' id='word_1_102' title='bbox 1087 988 1320 1028; x_wconf 89' lang='lat' dir='ltr'>illustratum</span> <span class='ocrx_word' id='word_1_103' title='bbox 1353 989 1407 1027; x_wconf 91' lang='lat' dir='ltr'>est</span> <span class='ocrx_word' id='word_1_104' title='bbox 1422 990 1455 1041; x_wconf 68' lang='grc' dir='ltr'>ς)</span> <span class='ocrx_word' id='word_1_105' title='bbox 1488 989 1583 1042; x_wconf 91' lang='lat' dir='ltr'>quid</span> <span class='ocrx_word' id='word_1_106' title='bbox 1613 990 1653 1028; x_wconf 89' lang='lat' dir='ltr'>in</span> <span class='ocrx_word' id='word_1_107' title='bbox 1680 991 1851 1028; x_wconf 89' lang='lat' dir='ltr'>amicitia</span> <span class='ocrx_word' id='word_1_108' title='bbox 1880 989 1963 1028; x_wconf 81' lang='lat' dir='ltr'>fieri</span> 
     </span>
     <span class='ocr_line' id='line_1_13' title="bbox 553 1055 1962 1112; baseline -0.003 -15"><span class='ocrx_word' id='word_1_109' title='bbox 553 1066 721 1112; x_wconf 88' lang='lat' dir='ltr'>oportet,</span> <span class='ocrx_word' id='word_1_110' title='bbox 753 1069 840 1109; x_wconf 83' lang='lat' dir='ltr'>quae</span> <span class='ocrx_word' id='word_1_111' title='bbox 859 1064 941 1094; x_wconf 89' lang='lat' dir='ltr'>tota</span> <span class='ocrx_word' id='word_1_112' title='bbox 966 1055 1124 1094; x_wconf 83' lang='lat' dir='ltr'>veritate</span> <span class='ocrx_word' id='word_1_113' title='bbox 1142 1055 1425 1109; x_wconf 76' lang='lat' dir='ltr'>perpenditur?</span> <span class='ocrx_word' id='word_1_114' title='bbox 1455 1056 1497 1094; x_wconf 90' lang='lat' dir='ltr'>in</span> <span class='ocrx_word' id='word_1_115' title='bbox 1528 1069 1605 1108; x_wconf 88' lang='lat' dir='ltr'>qua</span> <span class='ocrx_word' id='word_1_116' title='bbox 1631 1056 1714 1101; x_wconf 86' lang='lat' dir='ltr'>nifi,</span> <span class='ocrx_word' id='word_1_117' title='bbox 1744 1065 1787 1094; x_wconf 89' lang='lat' dir='ltr'>ut</span> <span class='ocrx_word' id='word_1_118' title='bbox 1806 1057 1962 1101; x_wconf 85' lang='lat' dir='ltr'>dicitur,</span> 
     </span>
     <span class='ocr_line' id='line_1_14' title="bbox 555 1121 1962 1178; baseline -0.002 -15"><span class='ocrx_word' id='word_1_119' title='bbox 555 1134 732 1178; x_wconf 89' lang='lat' dir='ltr'>apertum</span> <span class='ocrx_word' id='word_1_120' title='bbox 751 1124 886 1177; x_wconf 62' lang='lat' dir='ltr'>peetus</span> <span class='ocrx_word' id='word_1_121' title='bbox 906 1122 1045 1168; x_wconf 88' lang='lat' dir='ltr'>videas,</span> <span class='ocrx_word' id='word_1_122' title='bbox 1068 1131 1260 1176; x_wconf 88' lang='lat' dir='ltr'>tuumque</span> <span class='ocrx_word' id='word_1_123' title='bbox 1278 1122 1466 1168; x_wconf 84' lang='lat' dir='ltr'>ostendas,</span> <span class='ocrx_word' id='word_1_124' title='bbox 1496 1121 1596 1161; x_wconf 89' lang='lat' dir='ltr'>nihil</span> <span class='ocrx_word' id='word_1_125' title='bbox 1615 1122 1755 1168; x_wconf 90' lang='lat' dir='ltr'>fidum,</span> <span class='ocrx_word' id='word_1_126' title='bbox 1776 1121 1876 1161; x_wconf 89' lang='lat' dir='ltr'>nihil</span> <span class='ocrx_word' id='word_1_127' title='bbox 1893 1135 1962 1161; x_wconf 87' lang='lat' dir='ltr'>ex-</span> 
     </span>
     <span class='ocr_line' id='line_1_15' title="bbox 555 1188 1964 1246; baseline -0.002 -16"><span class='ocrx_word' id='word_1_128' title='bbox 555 1192 750 1246; x_wconf 82' lang='lat' dir='ltr'>ploratum</span> <span class='ocrx_word' id='word_1_129' title='bbox 770 1189 910 1229; x_wconf 89' lang='lat' dir='ltr'>habeas</span> <span class='ocrx_word' id='word_1_130' title='bbox 925 1209 938 1236; x_wconf 76' lang='lat'>5</span> <span class='ocrx_word' id='word_1_131' title='bbox 970 1203 1019 1228; x_wconf 92' lang='lat' dir='ltr'>ne</span> <span class='ocrx_word' id='word_1_132' title='bbox 1049 1203 1173 1228; x_wconf 86' lang='lat' dir='ltr'>amare</span> <span class='ocrx_word' id='word_1_133' title='bbox 1193 1189 1368 1243; x_wconf 85' lang='lat' dir='ltr'>quidem,</span> <span class='ocrx_word' id='word_1_134' title='bbox 1404 1199 1469 1229; x_wconf 93' lang='lat' dir='ltr'>aut</span> <span class='ocrx_word' id='word_1_135' title='bbox 1489 1190 1607 1229; x_wconf 89' lang='lat' dir='ltr'>amari</span> <span class='ocrx_word' id='word_1_136' title='bbox 1626 1189 1754 1243; x_wconf 84' lang='lat' dir='ltr'>poffis,</span> <span class='ocrx_word' id='word_1_137' title='bbox 1789 1202 1882 1228; x_wconf 89' lang='lat' dir='ltr'>cum</span> <span class='ocrx_word' id='word_1_138' title='bbox 1908 1188 1964 1234; x_wconf 86' lang='lat' dir='ltr'>id,</span> 
     </span>
     <span class='ocr_line' id='line_1_16' title="bbox 554 1255 1965 1312; baseline -0.001 -16"><span class='ocrx_word' id='word_1_139' title='bbox 554 1272 676 1312; x_wconf 88' lang='lat' dir='ltr'>quam</span> <span class='ocrx_word' id='word_1_140' title='bbox 695 1271 781 1296; x_wconf 91' lang='lat' dir='ltr'>vere</span> <span class='ocrx_word' id='word_1_141' title='bbox 799 1256 880 1303; x_wconf 89' lang='lat' dir='ltr'>fiat,</span> <span class='ocrx_word' id='word_1_142' title='bbox 902 1257 1067 1309; x_wconf 74' lang='lat' dir='ltr'>ignoreS.</span> <span class='ocrx_word' id='word_1_143' title='bbox 1100 1257 1336 1309; x_wconf 85' lang='lat' dir='ltr'>Qanquam</span> <span class='ocrx_word' id='word_1_144' title='bbox 1356 1256 1423 1295; x_wconf 87' lang='lat' dir='ltr'>ista</span> <span class='ocrx_word' id='word_1_145' title='bbox 1442 1255 1651 1302; x_wconf 81' lang='lat' dir='ltr'>assentatio,</span> <span class='ocrx_word' id='word_1_146' title='bbox 1674 1256 1850 1309; x_wconf 90' lang='lat' dir='ltr'>quamvis</span> <span class='ocrx_word' id='word_1_147' title='bbox 1876 1268 1965 1308; x_wconf 86' lang='lat' dir='ltr'>per-</span> 
     </span>
     <span class='ocr_line' id='line_1_17' title="bbox 556 1321 1963 1375; baseline -0.002 -13"><span class='ocrx_word' id='word_1_148' title='bbox 556 1323 701 1363; x_wconf 89' lang='lat' dir='ltr'>niciosa</span> <span class='ocrx_word' id='word_1_149' title='bbox 720 1323 778 1368; x_wconf 89' lang='lat' dir='ltr'>fit,</span> <span class='ocrx_word' id='word_1_150' title='bbox 810 1335 948 1361; x_wconf 89' lang='lat' dir='ltr'>nocere</span> <span class='ocrx_word' id='word_1_151' title='bbox 967 1331 1097 1361; x_wconf 87' lang='lat' dir='ltr'>tamen</span> <span class='ocrx_word' id='word_1_152' title='bbox 1117 1323 1265 1361; x_wconf 85' lang='lat' dir='ltr'>nemini</span> <span class='ocrx_word' id='word_1_153' title='bbox 1285 1322 1422 1375; x_wconf 90' lang='lat' dir='ltr'>potest,</span> <span class='ocrx_word' id='word_1_154' title='bbox 1445 1322 1513 1361; x_wconf 77' lang='lat' dir='ltr'>nisi</span> <span class='ocrx_word' id='word_1_155' title='bbox 1533 1323 1581 1368; x_wconf 92' lang='lat' dir='ltr'>ei,</span> <span class='ocrx_word' id='word_1_156' title='bbox 1615 1322 1684 1375; x_wconf 91' lang='lat' dir='ltr'>qui</span> <span class='ocrx_word' id='word_1_157' title='bbox 1704 1335 1789 1360; x_wconf 83' lang='lat' dir='ltr'>eam</span> <span class='ocrx_word' id='word_1_158' title='bbox 1810 1321 1963 1373; x_wconf 86' lang='lat' dir='ltr'>recipit,</span> 
     </span>
     <span class='ocr_line' id='line_1_18' title="bbox 556 1385 1965 1443; baseline -0.001 -16"><span class='ocrx_word' id='word_1_159' title='bbox 556 1399 674 1443; x_wconf 88' lang='lat' dir='ltr'>atque</span> <span class='ocrx_word' id='word_1_160' title='bbox 692 1402 735 1427; x_wconf 86' lang='lat' dir='ltr'>ea</span> <span class='ocrx_word' id='word_1_161' title='bbox 753 1388 975 1427; x_wconf 68' lang='lat' dir='ltr'>delectatur.</span> <span class='ocrx_word' id='word_1_162' title='bbox 1020 1389 1080 1427; x_wconf 91' lang='lat' dir='ltr'>Ita</span> <span class='ocrx_word' id='word_1_163' title='bbox 1100 1387 1158 1433; x_wconf 87' lang='lat' dir='ltr'>fit,</span> <span class='ocrx_word' id='word_1_164' title='bbox 1189 1397 1234 1427; x_wconf 90' lang='lat' dir='ltr'>ut</span> <span class='ocrx_word' id='word_1_165' title='bbox 1264 1388 1295 1426; x_wconf 92' lang='lat' dir='ltr'>is</span> <span class='ocrx_word' id='word_1_166' title='bbox 1315 1387 1602 1427; x_wconf 74' lang='lat' dir='ltr'>assentatoribus</span> <span class='ocrx_word' id='word_1_167' title='bbox 1625 1385 1828 1441; x_wconf 89' lang='lat' dir='ltr'>patefaciat</span> <span class='ocrx_word' id='word_1_168' title='bbox 1858 1399 1965 1425; x_wconf 87' lang='lat' dir='ltr'>aures</span> 
     </span>
     <span class='ocr_line' id='line_1_19' title="bbox 555 1452 1949 1506; baseline -0.003 -11"><span class='ocrx_word' id='word_1_169' title='bbox 555 1457 639 1495; x_wconf 82' lang='lat' dir='ltr'>suas</span> <span class='ocrx_word' id='word_1_170' title='bbox 659 1455 842 1499; x_wconf 84' lang='lat' dir='ltr'>maxime,</span> <span class='ocrx_word' id='word_1_171' title='bbox 863 1453 932 1505; x_wconf 92' lang='lat' dir='ltr'>qui</span> <span class='ocrx_word' id='word_1_172' title='bbox 951 1452 1029 1505; x_wconf 88' lang='lat' dir='ltr'>ipse</span> <span class='ocrx_word' id='word_1_173' title='bbox 1049 1453 1117 1492; x_wconf 84' lang='lat' dir='ltr'>fibi</span> <span class='ocrx_word' id='word_1_174' title='bbox 1137 1452 1352 1499; x_wconf 85' lang='lat' dir='ltr'>affentetur,</span> <span class='ocrx_word' id='word_1_175' title='bbox 1373 1463 1411 1492; x_wconf 90' lang='lat' dir='ltr'>et</span> <span class='ocrx_word' id='word_1_176' title='bbox 1430 1453 1466 1492; x_wconf 90' lang='lat' dir='ltr'>se</span> <span class='ocrx_word' id='word_1_177' title='bbox 1485 1455 1656 1493; x_wconf 86' lang='lat' dir='ltr'>maxime</span> <span class='ocrx_word' id='word_1_178' title='bbox 1676 1453 1754 1506; x_wconf 88' lang='lat' dir='ltr'>ipse</span> <span class='ocrx_word' id='word_1_179' title='bbox 1774 1453 1949 1491; x_wconf 65' lang='lat' dir='ltr'>delectet.</span> 
     </span>
    </p>

    <p class='ocr_par' dir='ltr' id='par_1_4' title="bbox 556 1518 1970 2102">
     <span class='ocr_line' id='line_1_20' title="bbox 615 1518 1965 1571; baseline -0.002 -12"><span class='ocrx_word' id='word_1_180' title='bbox 615 1521 794 1560; x_wconf 90' lang='lat' dir='ltr'>Omnino</span> <span class='ocrx_word' id='word_1_181' title='bbox 826 1518 878 1557; x_wconf 89' lang='lat' dir='ltr'>est</span> <span class='ocrx_word' id='word_1_182' title='bbox 911 1531 1043 1557; x_wconf 89' lang='lat' dir='ltr'>amans</span> <span class='ocrx_word' id='word_1_183' title='bbox 1074 1518 1131 1556; x_wconf 90' lang='lat' dir='ltr'>sui</span> <span class='ocrx_word' id='word_1_184' title='bbox 1164 1519 1284 1556; x_wconf 88' lang='lat' dir='ltr'>virtus</span> <span class='ocrx_word' id='word_1_185' title='bbox 1305 1533 1314 1556; x_wconf 88' lang='lat'>:</span> <span class='ocrx_word' id='word_1_186' title='bbox 1345 1519 1495 1571; x_wconf 88' lang='lat' dir='ltr'>optime</span> <span class='ocrx_word' id='word_1_187' title='bbox 1528 1519 1635 1557; x_wconf 87' lang='lat' dir='ltr'>enim</span> <span class='ocrx_word' id='word_1_188' title='bbox 1670 1518 1705 1556; x_wconf 91' lang='lat' dir='ltr'>se</span> <span class='ocrx_word' id='word_1_189' title='bbox 1732 1518 1811 1571; x_wconf 89' lang='lat' dir='ltr'>ipsa</span> <span class='ocrx_word' id='word_1_190' title='bbox 1842 1519 1965 1564; x_wconf 90' lang='lat' dir='ltr'>novit,</span> 
     </span>
     <span class='ocr_line' id='line_1_21' title="bbox 556 1583 1969 1641; baseline -0.002 -15"><span class='ocrx_word' id='word_1_191' title='bbox 556 1599 757 1641; x_wconf 84' lang='lat' dir='ltr'>quamque</span> <span class='ocrx_word' id='word_1_192' title='bbox 776 1583 952 1624; x_wconf 86' lang='lat' dir='ltr'>amabilis</span> <span class='ocrx_word' id='word_1_193' title='bbox 972 1583 1032 1629; x_wconf 85' lang='lat' dir='ltr'>fit,</span> <span class='ocrx_word' id='word_1_194' title='bbox 1053 1583 1263 1637; x_wconf 90' lang='lat' dir='ltr'>intelligit:</span> <span class='ocrx_word' id='word_1_195' title='bbox 1294 1597 1367 1637; x_wconf 90' lang='lat' dir='ltr'>ego</span> <span class='ocrx_word' id='word_1_196' title='bbox 1385 1592 1516 1623; x_wconf 90' lang='lat' dir='ltr'>autem</span> <span class='ocrx_word' id='word_1_197' title='bbox 1537 1597 1617 1623; x_wconf 87' lang='lat' dir='ltr'>non</span> <span class='ocrx_word' id='word_1_198' title='bbox 1637 1583 1684 1623; x_wconf 91' lang='lat' dir='ltr'>de</span> <span class='ocrx_word' id='word_1_199' title='bbox 1703 1584 1845 1623; x_wconf 89' lang='lat' dir='ltr'>virtute</span> <span class='ocrx_word' id='word_1_200' title='bbox 1863 1598 1969 1624; x_wconf 90' lang='lat' dir='ltr'>nunc</span> 
     </span>
     <span class='ocr_line' id='line_1_22' title="bbox 557 1650 1970 1707; baseline -0.002 -14"><span class='ocrx_word' id='word_1_201' title='bbox 557 1654 711 1707; x_wconf 87' lang='lat' dir='ltr'>loquor,</span> <span class='ocrx_word' id='word_1_202' title='bbox 729 1651 791 1691; x_wconf 90' lang='lat' dir='ltr'>sed</span> <span class='ocrx_word' id='word_1_203' title='bbox 810 1651 858 1690; x_wconf 91' lang='lat' dir='ltr'>de</span> <span class='ocrx_word' id='word_1_204' title='bbox 876 1650 1030 1690; x_wconf 90' lang='lat' dir='ltr'>virtutis</span> <span class='ocrx_word' id='word_1_205' title='bbox 1050 1651 1233 1704; x_wconf 89' lang='lat' dir='ltr'>opinione</span> <span class='ocrx_word' id='word_1_206' title='bbox 1250 1665 1260 1690; x_wconf 92' lang='lat'><strong>:</strong></span> <span class='ocrx_word' id='word_1_207' title='bbox 1282 1651 1425 1690; x_wconf 88' lang='lat' dir='ltr'>virtute</span> <span class='ocrx_word' id='word_1_208' title='bbox 1439 1650 1546 1690; x_wconf 89' lang='lat' dir='ltr'>enim</span> <span class='ocrx_word' id='word_1_209' title='bbox 1562 1650 1640 1705; x_wconf 86' lang='lat' dir='ltr'>ipsa</span> <span class='ocrx_word' id='word_1_210' title='bbox 1655 1664 1733 1690; x_wconf 89' lang='lat' dir='ltr'>non</span> <span class='ocrx_word' id='word_1_211' title='bbox 1750 1659 1829 1689; x_wconf 89' lang='lat' dir='ltr'>tam</span> <span class='ocrx_word' id='word_1_212' title='bbox 1851 1651 1970 1690; x_wconf 91' lang='lat' dir='ltr'>multi</span> 
     </span>
     <span class='ocr_line' id='line_1_23' title="bbox 557 1715 1967 1774; baseline -0.002 -15"><span class='ocrx_word' id='word_1_213' title='bbox 557 1719 708 1774; x_wconf 84' lang='lat' dir='ltr'>praediti</span> <span class='ocrx_word' id='word_1_214' title='bbox 727 1717 813 1764; x_wconf 84' lang='lat' dir='ltr'>effe,</span> <span class='ocrx_word' id='word_1_215' title='bbox 846 1731 966 1771; x_wconf 89' lang='lat' dir='ltr'>quam</span> <span class='ocrx_word' id='word_1_216' title='bbox 995 1717 1131 1763; x_wconf 89' lang='lat' dir='ltr'>videri,</span> <span class='ocrx_word' id='word_1_217' title='bbox 1158 1717 1310 1757; x_wconf 89' lang='lat' dir='ltr'>volunt.</span> <span class='ocrx_word' id='word_1_218' title='bbox 1342 1718 1430 1757; x_wconf 87' lang='lat' dir='ltr'>Hos</span> <span class='ocrx_word' id='word_1_219' title='bbox 1461 1717 1623 1757; x_wconf 65' lang='lat' dir='ltr'>delectat</span> <span class='ocrx_word' id='word_1_220' title='bbox 1651 1717 1874 1757; x_wconf 79' lang='lat' dir='ltr'>assentatio:</span> <span class='ocrx_word' id='word_1_221' title='bbox 1905 1715 1967 1756; x_wconf 86' lang='lat' dir='ltr'>his</span> 
     </span>
     <span class='ocr_line' id='line_1_24' title="bbox 557 1783 1969 1839; baseline -0.002 -13"><span class='ocrx_word' id='word_1_222' title='bbox 557 1787 670 1826; x_wconf 69' lang='lat' dir='ltr'>fictus</span> <span class='ocrx_word' id='word_1_223' title='bbox 696 1785 744 1824; x_wconf 88' lang='lat' dir='ltr'>ad</span> <span class='ocrx_word' id='word_1_224' title='bbox 763 1784 933 1839; x_wconf 89' lang='lat' dir='ltr'>ipsorum</span> <span class='ocrx_word' id='word_1_225' title='bbox 962 1785 1204 1839; x_wconf 88' lang='lat' dir='ltr'>voluptatem</span> <span class='ocrx_word' id='word_1_226' title='bbox 1237 1784 1359 1824; x_wconf 89' lang='lat' dir='ltr'>sermo</span> <span class='ocrx_word' id='word_1_227' title='bbox 1380 1798 1473 1824; x_wconf 88' lang='lat' dir='ltr'>cum</span> <span class='ocrx_word' id='word_1_228' title='bbox 1505 1783 1724 1830; x_wconf 88' lang='lat' dir='ltr'>adhibetur,</span> <span class='ocrx_word' id='word_1_229' title='bbox 1755 1784 1969 1824; x_wconf 86' lang='lat' dir='ltr'>orationem</span> 
     </span>
     <span class='ocr_line' id='line_1_25' title="bbox 558 1849 1969 1906; baseline -0.002 -16"><span class='ocrx_word' id='word_1_230' title='bbox 558 1852 669 1891; x_wconf 87' lang='lat' dir='ltr'>illam</span> <span class='ocrx_word' id='word_1_231' title='bbox 690 1865 826 1890; x_wconf 87' lang='lat' dir='ltr'>vanam</span> <span class='ocrx_word' id='word_1_232' title='bbox 847 1851 1113 1890; x_wconf 88' lang='lat' dir='ltr'>testimonium</span> <span class='ocrx_word' id='word_1_233' title='bbox 1133 1850 1204 1890; x_wconf 87' lang='lat' dir='ltr'>effe</span> <span class='ocrx_word' id='word_1_234' title='bbox 1222 1851 1381 1891; x_wconf 90' lang='lat' dir='ltr'>laudum</span> <span class='ocrx_word' id='word_1_235' title='bbox 1403 1851 1556 1890; x_wconf 88' lang='lat' dir='ltr'>suarum</span> <span class='ocrx_word' id='word_1_236' title='bbox 1575 1861 1727 1906; x_wconf 89' lang='lat' dir='ltr'>putant.</span> <span class='ocrx_word' id='word_1_237' title='bbox 1774 1850 1897 1891; x_wconf 86' lang='lat' dir='ltr'>Nulla</span> <span class='ocrx_word' id='word_1_238' title='bbox 1915 1849 1969 1888; x_wconf 91' lang='lat' dir='ltr'>est</span> 
     </span>
     <span class='ocr_line' id='line_1_26' title="bbox 561 1915 1970 1971; baseline -0.002 -15"><span class='ocrx_word' id='word_1_239' title='bbox 561 1918 682 1971; x_wconf 89' lang='lat' dir='ltr'>igitur</span> <span class='ocrx_word' id='word_1_240' title='bbox 700 1916 783 1956; x_wconf 84' lang='lat' dir='ltr'>haec</span> <span class='ocrx_word' id='word_1_241' title='bbox 804 1916 988 1961; x_wconf 86' lang='lat' dir='ltr'>amicitia,</span> <span class='ocrx_word' id='word_1_242' title='bbox 1023 1929 1116 1954; x_wconf 90' lang='lat' dir='ltr'>cum</span> <span class='ocrx_word' id='word_1_243' title='bbox 1137 1917 1230 1955; x_wconf 87' lang='lat' dir='ltr'>alter</span> <span class='ocrx_word' id='word_1_244' title='bbox 1248 1931 1382 1956; x_wconf 87' lang='lat' dir='ltr'>verum</span> <span class='ocrx_word' id='word_1_245' title='bbox 1407 1918 1537 1956; x_wconf 87' lang='lat' dir='ltr'>audire</span> <span class='ocrx_word' id='word_1_246' title='bbox 1571 1931 1649 1956; x_wconf 89' lang='lat' dir='ltr'>non</span> <span class='ocrx_word' id='word_1_247' title='bbox 1680 1918 1779 1962; x_wconf 88' lang='lat' dir='ltr'>vult,</span> <span class='ocrx_word' id='word_1_248' title='bbox 1812 1916 1906 1954; x_wconf 81' lang='lat' dir='ltr'>alter</span> <span class='ocrx_word' id='word_1_249' title='bbox 1924 1915 1970 1953; x_wconf 91' lang='lat' dir='ltr'>ad</span> 
     </span>
     <span class='ocr_line' id='line_1_27' title="bbox 560 1980 1969 2036; baseline -0.002 -14"><span class='ocrx_word' id='word_1_250' title='bbox 560 1982 832 2023; x_wconf 82' lang='lat' dir='ltr'>mentiendum</span> <span class='ocrx_word' id='word_1_251' title='bbox 854 1991 1004 2035; x_wconf 85' lang='lat' dir='ltr'>paratus</span> <span class='ocrx_word' id='word_1_252' title='bbox 1024 1981 1090 2020; x_wconf 91' lang='lat' dir='ltr'>est.</span> <span class='ocrx_word' id='word_1_253' title='bbox 1123 1982 1210 2020; x_wconf 89' lang='lat' dir='ltr'>Nec</span> <span class='ocrx_word' id='word_1_254' title='bbox 1227 1982 1474 2036; x_wconf 78' lang='lat' dir='ltr'>parasitorum</span> <span class='ocrx_word' id='word_1_255' title='bbox 1495 1983 1535 2020; x_wconf 90' lang='lat' dir='ltr'>in</span> <span class='ocrx_word' id='word_1_256' title='bbox 1551 1982 1757 2021; x_wconf 79' lang='lat' dir='ltr'>comoediis</span> <span class='ocrx_word' id='word_1_257' title='bbox 1776 1980 1969 2020; x_wconf 80' lang='lat' dir='ltr'>affentatio</span> 
     </span>
     <span class='ocr_line' id='line_1_28' title="bbox 560 2047 1617 2102; baseline 0 -14"><span class='ocrx_word' id='word_1_258' title='bbox 560 2049 674 2088; x_wconf 87' lang='lat' dir='ltr'>nobis</span> <span class='ocrx_word' id='word_1_259' title='bbox 695 2047 817 2087; x_wconf 89' lang='lat' dir='ltr'>faceta</span> <span class='ocrx_word' id='word_1_260' title='bbox 835 2047 1038 2093; x_wconf 84' lang='lat' dir='ltr'>videretur,</span> <span class='ocrx_word' id='word_1_261' title='bbox 1062 2047 1129 2086; x_wconf 86' lang='lat' dir='ltr'>nifi</span> <span class='ocrx_word' id='word_1_262' title='bbox 1150 2047 1266 2087; x_wconf 83' lang='lat' dir='ltr'>effent</span> <span class='ocrx_word' id='word_1_263' title='bbox 1286 2049 1431 2088; x_wconf 86' lang='lat' dir='ltr'>milites</span> <span class='ocrx_word' id='word_1_264' title='bbox 1451 2048 1617 2102; x_wconf 87' lang='lat' dir='ltr'>gloriofi.</span> 
     </span>
    </p>

    <p class='ocr_par' dir='ltr' id='par_1_5' title="bbox 562 2112 1970 2233">
     <span class='ocr_line' id='line_1_29' title="bbox 699 2112 1813 2169; baseline -0.001 -15"><span class='ocrx_word' id='word_1_265' title='bbox 699 2115 864 2169; x_wconf 81' lang='lat' dir='ltr'>Magnas</span> <span class='ocrx_word' id='word_1_266' title='bbox 881 2128 968 2153; x_wconf 75' lang='lat' dir='ltr'>vero</span> <span class='ocrx_word' id='word_1_267' title='bbox 988 2128 1094 2167; x_wconf 80' lang='lat' dir='ltr'>agere</span> <span class='ocrx_word' id='word_1_268' title='bbox 1108 2115 1255 2167; x_wconf 78' lang='lat' dir='ltr'>gratias</span> <span class='ocrx_word' id='word_1_269' title='bbox 1272 2112 1383 2154; x_wconf 77' lang='lat' dir='ltr'>Thais</span> <span class='ocrx_word' id='word_1_270' title='bbox 1401 2115 1491 2154; x_wconf 79' lang='lat' dir='ltr'>mihi</span> <span class='ocrx_word' id='word_1_271' title='bbox 1503 2116 1524 2154; x_wconf 69' lang='grc' dir='ltr'><strong><em>ἒ</em></strong></span> <span class='ocrx_word' id='word_1_272' title='bbox 1806 2148 1813 2153; x_wconf 88' lang='grc'><strong>.</strong></span> 
     </span>
     <span class='ocr_line' id='line_1_30' title="bbox 562 2178 1970 2233; baseline -0.002 -14"><span class='ocrx_word' id='word_1_273' title='bbox 562 2180 658 2219; x_wconf 78' lang='lat' dir='ltr'>Satis</span> <span class='ocrx_word' id='word_1_274' title='bbox 691 2190 770 2218; x_wconf 86' lang='lat' dir='ltr'>crat</span> <span class='ocrx_word' id='word_1_275' title='bbox 805 2178 1044 2233; x_wconf 87' lang='lat' dir='ltr'>respondere,</span> <span class='ocrx_word' id='word_1_276' title='bbox 1073 2193 1248 2232; x_wconf 77' lang='lat' dir='ltr'>magnas:</span> <span class='ocrx_word' id='word_1_277' title='bbox 1279 2181 1452 2233; x_wconf 76' lang='lat' dir='ltr'>ingentes,</span> <span class='ocrx_word' id='word_1_278' title='bbox 1485 2179 1628 2233; x_wconf 88' lang='lat' dir='ltr'>inquit.</span> <span class='ocrx_word' id='word_1_279' title='bbox 1667 2180 1824 2232; x_wconf 85' lang='lat' dir='ltr'>Semper</span> <span class='ocrx_word' id='word_1_280' title='bbox 1857 2186 1970 2231; x_wconf 85' lang='lat' dir='ltr'>auget</span> 
     </span>
    </p>
   </div>
   <div class='ocr_carea' id='block_1_3' title="bbox 562 2243 1970 2364">
    <p class='ocr_par' dir='ltr' id='par_1_6' title="bbox 562 2243 1970 2364">
     <span class='ocr_line' id='line_1_31' title="bbox 562 2243 1970 2299; baseline -0.002 -14"><span class='ocrx_word' id='word_1_281' title='bbox 562 2247 762 2285; x_wconf 71' lang='lat' dir='ltr'>assentator</span> <span class='ocrx_word' id='word_1_282' title='bbox 796 2246 850 2291; x_wconf 90' lang='lat' dir='ltr'>id,</span> <span class='ocrx_word' id='word_1_283' title='bbox 885 2244 990 2298; x_wconf 92' lang='lat' dir='ltr'>quod</span> <span class='ocrx_word' id='word_1_284' title='bbox 1024 2246 1070 2290; x_wconf 91' lang='lat' dir='ltr'>is,</span> <span class='ocrx_word' id='word_1_285' title='bbox 1094 2247 1205 2299; x_wconf 89' lang='lat' dir='ltr'>cujus</span> <span class='ocrx_word' id='word_1_286' title='bbox 1239 2246 1286 2285; x_wconf 83' lang='lat' dir='ltr'>ad</span> <span class='ocrx_word' id='word_1_287' title='bbox 1315 2246 1556 2285; x_wconf 85' lang='lat' dir='ltr'>voluntatem</span> <span class='ocrx_word' id='word_1_288' title='bbox 1590 2245 1746 2292; x_wconf 87' lang='lat' dir='ltr'>dicitur,</span> <span class='ocrx_word' id='word_1_289' title='bbox 1782 2244 1864 2284; x_wconf 74' lang='lat' dir='ltr'>vult</span> <span class='ocrx_word' id='word_1_290' title='bbox 1899 2243 1970 2282; x_wconf 78' lang='lat' dir='ltr'>ess&#39;e</span> 
     </span>
     <span class='ocr_line' id='line_1_32' title="bbox 563 2325 767 2364; baseline -0.01 -14"><span class='ocrx_word' id='word_1_291' title='bbox 563 2325 767 2364; x_wconf 80' lang='lat' dir='ltr'>magnum.</span> 
     </span>
    </p>
   </div>
   <div class='ocr_carea' id='block_1_4' title="bbox 563 2374 1971 2560">
    <p class='ocr_par' dir='ltr' id='par_1_7' title="bbox 563 2374 1971 2560">
     <span class='ocr_line' id='line_1_33' title="bbox 622 2374 1968 2429; baseline 0 -16"><span class='ocrx_word' id='word_1_292' title='bbox 622 2376 905 2429; x_wconf 86' lang='lat' dir='ltr'>Qamobrem,</span> <span class='ocrx_word' id='word_1_293' title='bbox 937 2375 1112 2428; x_wconf 85' lang='lat' dir='ltr'>quamvis</span> <span class='ocrx_word' id='word_1_294' title='bbox 1144 2375 1282 2414; x_wconf 87' lang='lat' dir='ltr'>blanda</span> <span class='ocrx_word' id='word_1_295' title='bbox 1319 2375 1387 2415; x_wconf 88' lang='lat' dir='ltr'>ista</span> <span class='ocrx_word' id='word_1_296' title='bbox 1422 2375 1566 2415; x_wconf 85' lang='lat' dir='ltr'>vanitas</span> <span class='ocrx_word' id='word_1_297' title='bbox 1601 2374 1702 2428; x_wconf 87' lang='lat' dir='ltr'>apud</span> <span class='ocrx_word' id='word_1_298' title='bbox 1735 2388 1798 2413; x_wconf 83' lang='lat' dir='ltr'>eos</span> <span class='ocrx_word' id='word_1_299' title='bbox 1835 2374 1968 2418; x_wconf 80' lang='lat' dir='ltr'>valeat,</span> 
     </span>
     <span class='ocr_line' id='line_1_34' title="bbox 563 2440 1970 2494; baseline 0 -17"><span class='ocrx_word' id='word_1_300' title='bbox 563 2441 633 2494; x_wconf 86' lang='lat' dir='ltr'>qui</span> <span class='ocrx_word' id='word_1_301' title='bbox 657 2440 723 2494; x_wconf 80' lang='lat' dir='ltr'>ipsi</span> <span class='ocrx_word' id='word_1_302' title='bbox 746 2441 850 2478; x_wconf 71' lang='lat' dir='ltr'>illam</span> <span class='ocrx_word' id='word_1_303' title='bbox 874 2441 1051 2479; x_wconf 60' lang='lat' dir='ltr'>allectam</span> <span class='ocrx_word' id='word_1_304' title='bbox 1071 2451 1108 2480; x_wconf 91' lang='lat' dir='ltr'>et</span> <span class='ocrx_word' id='word_1_305' title='bbox 1142 2441 1321 2487; x_wconf 85' lang='lat' dir='ltr'>invitant,</span> <span class='ocrx_word' id='word_1_306' title='bbox 1354 2451 1483 2480; x_wconf 87' lang='lat' dir='ltr'>tamen</span> <span class='ocrx_word' id='word_1_307' title='bbox 1510 2441 1625 2479; x_wconf 85' lang='lat' dir='ltr'>etiam</span> <span class='ocrx_word' id='word_1_308' title='bbox 1655 2440 1844 2493; x_wconf 78' lang='lat' dir='ltr'>graviores</span> <span class='ocrx_word' id='word_1_309' title='bbox 1873 2453 1970 2478; x_wconf 84' lang='lat' dir='ltr'>con-</span> 
     </span>
     <span class='ocr_line' id='line_1_35' title="bbox 563 2505 1971 2560; baseline -0.001 -14"><span class='ocrx_word' id='word_1_310' title='bbox 563 2507 834 2560; x_wconf 81' lang='lat' dir='ltr'>stantioresque</span> <span class='ocrx_word' id='word_1_311' title='bbox 866 2507 1099 2547; x_wconf 76' lang='lat' dir='ltr'>admonendi</span> <span class='ocrx_word' id='word_1_312' title='bbox 1120 2507 1221 2555; x_wconf 86' lang='lat' dir='ltr'>sunt,</span> <span class='ocrx_word' id='word_1_313' title='bbox 1253 2517 1297 2548; x_wconf 92' lang='lat' dir='ltr'>ut</span> <span class='ocrx_word' id='word_1_314' title='bbox 1327 2508 1503 2548; x_wconf 84' lang='lat' dir='ltr'>animum</span> <span class='ocrx_word' id='word_1_315' title='bbox 1525 2507 1733 2554; x_wconf 74' lang='lat' dir='ltr'>advertant,</span> <span class='ocrx_word' id='word_1_316' title='bbox 1762 2520 1809 2546; x_wconf 88' lang='lat' dir='ltr'>ne</span> <span class='ocrx_word' id='word_1_317' title='bbox 1834 2505 1971 2546; x_wconf 76' lang='lat' dir='ltr'>callida</span> 
     </span>
    </p>
   </div>
  </div>
 </body>
</html>
