2223 3003
419 208 454 250 6
687 203 794 255 DE
879 200 1549 244 DIVINATIONE

426 305 498 352 rei,
521 305 585 345 vel
605 317 683 344 non
705 304 795 343 satis
814 304 999 357 cognitae,
1020 301 1297 349 affentiamur;
1328 302 1557 343 faciendum
1576 302 1748 348 videtur,
1768 311 1813 342 ut

422 373 634 425 diligenter
652 370 772 410 etiam
792 378 909 421 atque
928 371 1048 407 etiam
1067 378 1299 420 argumenta
1317 382 1412 407 cum
1431 369 1674 422 argumentis
1696 382 1811 408 corn-

423 451 620 493 paremus,
638 446 683 475 ut
702 435 871 474 fecimus
888 435 929 471 in
949 434 997 471 iis
1016 433 1143 472 tribus
1164 433 1291 477 libris,
1308 446 1407 486 quos
1424 433 1472 472 de
1492 443 1628 472 natura
1647 434 1811 473 deorum

424 503 662 557 scripsimus.
706 499 814 537 Nam
841 511 935 537 cum
965 498 1153 537 omnibus
1174 499 1215 536 in
1238 499 1352 537 rebus
1374 500 1570 538 temeritas
1591 500 1631 537 in
1654 499 1812 538 affenti-

424 568 542 612 endo,
562 579 745 619 errorque
767 564 892 617 turpis
913 563 982 609 est,
1019 573 1104 602 tum
1126 564 1167 602 in
1187 577 1232 602 eo
1253 564 1342 602 loco
1363 565 1550 610 maxime,
1581 566 1622 603 in
1644 579 1724 618 quo
1739 566 1809 617 ju·

425 632 640 672 dicandum
660 631 728 677 est,
747 640 941 683 quantum
962 630 1145 683 auspiciis
1163 630 1353 683 rebusque
1369 630 1530 675 divinis,
1548 631 1813 684 religionique

424 699 662 738 tribuamus.
708 696 777 736 Est
802 697 910 736 enim
931 697 1170 750 periculum,
1205 711 1253 735 ne
1273 706 1354 742 aut,
1387 696 1574 750 neglectis
1596 697 1658 743 iis,
1690 697 1815 750 impia

423 765 586 809 fraude;
617 773 699 810 aut,
731 763 932 816 susceptis,
963 763 1058 801 anili
1080 762 1350 816 superstitione
1369 763 1608 816 obligemur.
1653 763 1813 814 Qibus

425 833 474 871 de
494 832 609 870 rebus
629 840 669 869 et
688 830 781 869 alias
802 830 914 882 saepe,
944 838 983 867 et
1015 830 1132 882 paulo
1159 830 1378 868 accuratius
1408 843 1547 884 nuper,
1578 842 1671 868 cum
1697 829 1814 868 essem

424 911 520 938 cum
542 896 736 950 eratre
757 897 798 934 in
819 895 1062 940 Tusculano,
1094 895 1335 948 disputatum
1356 895 1423 934 est.

481 964 531 1002 V.
567 963 673 1002 Nam
695 976 788 1000 cum
816 961 1044 999 ambulandi
1065 961 1177 999 causa
1198 962 1238 999 in
1261 962 1437 1013 Lyceum
1458 960 1716 999 venissemus:
1755 959 1814 1012 (id

425 1029 535 1068 enim
554 1028 741 1082 superiori
763 1027 964 1080 gymnaslo
986 1039 1130 1064 nomen
1151 1026 1225 1079 est)
1248 1026 1414 1079 Perlegi,
1438 1028 1571 1079 inquit
1591 1027 1673 1071 ille,
1697 1035 1815 1065 tuum

425 1095 544 1150 paulo
564 1104 653 1133 ante
674 1095 835 1132 tertium
853 1093 901 1130 de
921 1102 1058 1131 natura
1077 1092 1261 1130 deorum:
1285 1093 1326 1130 in
1344 1106 1424 1145 quo
1440 1092 1652 1145 disputatio
1670 1092 1815 1137 Cottae,

426 1175 656 1215 quanquam
675 1158 923 1197 labefastavit
949 1158 1181 1196 sententiam
1203 1171 1347 1204 meam,
1380 1171 1457 1197 non
1479 1157 1661 1197 funditus
1685 1168 1817 1196 tamen

426 1227 596 1267 sustulit.
620 1227 786 1279 Optime
802 1238 907 1270 vero,
927 1225 1104 1278 inquam.
1133 1225 1296 1263 Etenim
1318 1225 1398 1278 ipse
1419 1225 1538 1263 Cotta
1558 1225 1608 1263 fic
1628 1224 1816 1277 disputat.

425 1302 471 1332 ut
487 1293 711 1331 Stoicorum
729 1291 853 1343 magis
869 1299 1100 1342 argumenta
1114 1289 1311 1335 confutet,
1327 1304 1446 1343 quam
1463 1289 1675 1329 hominum
1691 1289 1818 1328 deleat

426 1359 673 1412 religionem.
723 1359 834 1396 Tum
859 1357 1052 1408 Qintus‚
1085 1356 1248 1395 Dicitur
1277 1357 1441 1410 quidem
1472 1356 1585 1401 istuc,
1620 1356 1767 1408 inquit,
1798 1369 1820 1394 a

426 1427 561 1472 Cotta,
579 1435 618 1464 et
638 1438 728 1463 vero
749 1424 908 1477 saepius:
932 1423 1064 1469 credo,
1087 1437 1135 1462 ne
1151 1423 1381 1462 communia
1395 1425 1485 1477 jura
1501 1424 1668 1476 migrare
1683 1422 1815 1461 videa-

425 1501 516 1531 tur:
550 1492 613 1530 sed
643 1490 771 1529 studio
805 1498 940 1528 contra
970 1489 1122 1528 Stoicos
1154 1488 1376 1535 differendi,
1413 1489 1505 1528 deos
1537 1488 1640 1528 mihi
1663 1489 1818 1527 videtur

425 1558 608 1597 funditus
628 1557 778 1596 tollere.
803 1557 900 1609 Ejus
916 1557 1085 1594 orationi
1102 1569 1181 1595 non
1200 1555 1286 1595 sane
1307 1556 1479 1595 desidero
1493 1555 1590 1609 quid
1607 1555 1817 1608 responde—

425 1639 487 1663 am
507 1640 516 1663 :
551 1625 639 1663 satis
660 1624 767 1662 enim
788 1622 944 1661 defensa
962 1623 1105 1676 'religio
1125 1623 1178 1661 est
1211 1623 1251 1661 in
1274 1623 1444 1661 secundo
1465 1623 1569 1660 libro
1589 1635 1609 1659 a
1630 1621 1816 1659 Lucilio:

425 1691 540 1742 cujus
561 1689 774 1741 disputatio
795 1688 870 1725 tibi
895 1688 981 1740 ipsi,
1003 1697 1048 1726 ut
1069 1688 1108 1726 in
1129 1698 1310 1726 extremo
1331 1688 1448 1726 tertio
1469 1686 1620 1729 scribis,
1648 1686 1693 1723 ad
1716 1685 1819 1723 veri·-

425 1764 547 1794 tatem
570 1754 623 1791 est
643 1753 720 1791 visa
740 1753 978 1805 propenfior.
1030 1754 1117 1795 Sed,
1148 1753 1254 1804 quod
1275 1750 1574 1804 praetermissum
1598 1750 1652 1788 est
1672 1750 1712 1788 in
1734 1750 1814 1789 illis

426 1821 554 1865 libris,
577 1819 692 1857 credo
714 1819 806 1871 quia
828 1817 1078 1856 commodius
1101 1817 1309 1855 arbitratus
1330 1830 1369 1855 es
1392 1817 1597 1870 separatim
1618 1816 1659 1854 id
1680 1817 1816 1869 quoeri,

427 1888 554 1941 deque
576 1899 623 1924 eo
643 1884 786 1929 differi,
818 1883 857 1922 id
879 1883 945 1928 est,
978 1884 1024 1921 de
1046 1883 1303 1929 divinatione,
1335 1897 1421 1936 quae
1443 1883 1494 1921 est
1515 1896 1647 1921 carum
1671 1896 1817 1927 rerum,

426 1968 514 2007 quae
536 1952 708 1991 fortuita:
725 1960 928 2005 putantur,
958 1949 1158 2003 praedictio
1175 1959 1292 2003 atque
1314 1949 1528 2002 praesensio,
1547 1949 1601 1995 id,
1628 1949 1652 1987 sl
1675 1949 1818 2002 placet,

427 2019 645 2063 videamus,
665 2031 783 2071 quam
805 2016 945 2056 habeat
967 2017 1064 2062 vim,
1087 2027 1124 2056 et
1145 2016 1261 2070 quale
1284 2016 1342 2054 sit.
1376 2016 1463 2069 Ego
1483 2016 1590 2055 enim
1615 2016 1664 2054 slc
1684 2015 1819 2054 existi-

425 2100 516 2128 mo:
543 2086 568 2125 fi
587 2086 660 2125 fint
676 2098 718 2123 ea
736 2097 874 2137 genera
892 2084 1094 2122 divinandi
1111 2097 1212 2129 vera,
1227 2083 1273 2121 de
1290 2083 1436 2136 quibus
1454 2083 1693 2136 accepimus,
1710 2097 1819 2135 quae-

428 2166 506 2208 que
522 2153 707 2196 colimus,
725 2151 796 2190 esse
813 2150 926 2189 deos:
949 2149 1208 2203 vicissimque,
1228 2150 1252 2188 s1
1271 2150 1326 2188 dii
1345 2149 1432 2194 sint,
1447 2149 1519 2188 effe
1535 2150 1605 2202 qui
1622 2149 1817 2187 divinent.

484 2220 556 2258 VI.
590 2220 734 2257 Arcem
757 2226 798 2256 tu
821 2216 982 2269 quidem
1008 2216 1247 2261 Stoicorum,
1280 2217 1457 2269 inquam,
1480 2216 1648 2268 Qinte,
1680 2214 1819 2253 desen-

428 2287 505 2331 dis,
541 2286 566 2325 si
588 2284 750 2339 quidem
773 2284 840 2323 ista
862 2284 910 2322 sic
932 2284 1251 2337 reciprocantur,
1283 2293 1326 2322 ut
1352 2292 1390 2322 ct
1413 2283 1437 2322 si
1459 2282 1651 2322 divinatio
1673 2282 1732 2327 sit,
1765 2281 1820 2320 dii

429 2353 517 2397 sint,
548 2361 587 2391 et
608 2352 632 2390 fi
655 2351 710 2390 dii
734 2351 820 2396 sint,
854 2350 895 2388 fit
918 2349 1122 2389 divinatio.
1173 2351 1358 2402 Qorum
1382 2359 1566 2388 neutrum
1589 2359 1667 2387 tam
1691 2348 1819 2392 facilc.

426 2432 546 2473 quam
564 2427 606 2458 tu
624 2417 836 2461 arbitraris.
851 2416 1096 2456 conceditur.
1126 2416 1231 2456 Nam
1249 2426 1286 2455 ct
1306 2426 1440 2456 natura
1459 2415 1667 2470 significari
1690 2414 1821 2453 sutura

428 2485 506 2526 fine
526 2485 600 2526 deo
619 2484 797 2539 poffunt:
820 2494 873 2530 ct,
894 2494 937 2523 ut
955 2484 1027 2523 sint
1044 2483 1115 2530 dii,
1134 2483 1258 2538 potest
1276 2483 1374 2529 fieri,
1396 2493 1438 2523 ut
1460 2484 1569 2523 nulla
1584 2483 1632 2522 ab
1655 2483 1701 2521 iis
1719 2482 1822 2521 divi-
