2223 3003
519 271 602 327 328
897 264 1002 304 DE
1075 262 1554 302 AMICITIA.

518 369 685 409 vixerim
702 385 714 413 ;
746 375 919 419 quocum
938 362 1041 402 mihi
1059 363 1146 415 conj
1155 363 1268 401 uncta
1285 375 1377 400 cura
1396 360 1443 400 de
1461 374 1499 400 re
1519 360 1689 415 publica,
1717 370 1756 400 et
1783 363 1830 401 de
1850 364 1932 418 pri-

523 445 608 474 vata
626 434 702 472 fuit
718 451 731 478 3
763 443 936 484 quocum
967 438 1006 468 et
1025 429 1179 474 domus,
1209 438 1248 467 et
1278 428 1420 467 militia
1450 428 1674 467 communis
1691 447 1702 473 ς
1735 437 1773 467 et
1804 429 1858 475 id,
1893 431 1935 468 in

518 515 603 553 ‚quo
622 499 675 537 est
705 497 834 536 omnis
861 496 918 535 vis
949 496 1145 541 amicitiae,
1175 495 1438 540 voluntatum,
1469 494 1698 541 studiorum,
1727 495 1936 534 sententia-

518 580 612 605 -rum
633 565 785 604 summa
801 562 1011 602 consenfio.
1050 563 1185 615 Itaque
1206 576 1283 601 non
1304 571 1385 601 tam
1405 562 1473 600 ista
1493 575 1557 601 me
1577 562 1783 616 sapientiae‚
1815 575 1935 615 quam

520 633 643 672 modo
674 631 845 671 Fannius
878 630 1217 675 commemoravit,
1255 628 1358 668 fama
1391 629 1566 675 delee‘mt,
1598 628 1688 668 falfa
1715 628 1936 683 praesertim,

522 713 645 752 quam
664 698 771 752 quod
790 697 970 736 amicitiae
991 696 1124 735 nostrae
1145 696 1376 735 memoriam
1397 696 1504 750 spero
1526 695 1798 749 sempiternam
1825 695 1906 734 fore
1925 710 1935 734 ε

524 766 643 818 idque
674 763 775 803 mihi
805 776 852 802 eo
881 763 1005 816 magis
1039 762 1092 801 est
1123 762 1246 808 cordi,
1281 762 1387 815 quod
1419 776 1467 801 ex
1495 762 1679 801 omnibus
1710 762 1846 801 seculis
1873 764 1939 801 vix

522 833 610 878 tria,
641 842 706 870 aut
739 839 904 882 quatuor
939 829 1192 867 nominantur
1222 829 1325 882 paria
1354 829 1600 868 amicorum:
1634 843 1713 882 quo
1741 830 1780 868 in
1802 843 1940 883 genere

523 898 671 952 sperare
698 896 841 940 videor,
873 894 1078 948 Scipionis,
1110 903 1149 933 et
1177 894 1291 934 Laelii
1320 895 1535 934 amicitiam
1565 905 1697 934 notam
1731 895 1940 949 posteritati

525 964 621 1004 fore.

583 1032 615 1070 F
621 1042 809 1069 ANNIUS.
845 1027 951 1067 Istud
971 1027 1145 1082 quidem,
1167 1026 1279 1073 Laeli,
1301 1027 1353 1066 ita
1378 1027 1524 1066 neceffe
1543 1027 1620 1067 est:
1656 1027 1734 1073 sed,
1755 1029 1941 1080 quoniam

525 1097 708 1137 amicitiae
741 1096 985 1135 mentionem
1026 1094 1163 1140 fecisti,
1197 1103 1236 1133 et
1266 1094 1398 1134 sumus
1429 1094 1554 1140 otiosi,
1584 1104 1806 1148 pergratum
1838 1094 1941 1132 mihi

524 1164 676 1210 feceris,
716 1163 842 1217 (spero
867 1163 964 1201 item
985 1162 1178 1214 Scaevolae)
1207 1161 1248 1207 fi,
1270 1162 1578 1215 quemamodum
1600 1161 1694 1201 soles
1723 1161 1771 1200 de
1796 1161 1942 1199 caeteris

526 1231 656 1276 rebus,
678 1243 772 1268 cum
792 1243 840 1268 ex
861 1239 898 1268 te
918 1238 1157 1282 quaeruntur,
1179 1228 1228 1267 fic
1248 1227 1295 1266 de
1315 1228 1488 1267 amicitia
1502 1228 1719 1282 disputaris,
1740 1227 1838 1281 quid
1857 1225 1942 1265 sen-

528 1299 613 1344 tias,
636 1297 793 1350 qualem
813 1296 1021 1341 existimes,
1042 1310 1128 1348 quae
1145 1305 1333 1349 praecepta
1352 1295 1432 1334 des.

585 1366 824 1402 SCAEVOLA.
861 1361 971 1400 Mihi
1000 1375 1088 1400 vero
1122 1371 1345 1415 pergratum
1365 1362 1465 1406 erit;
1498 1370 1628 1414 atque,
1652 1360 1822 1414 idipsum
1848 1374 1944 1399 cum

528 1440 660 1468 tecum
695 1442 804 1482 agere
834 1441 1005 1472 conarer,
1038 1428 1210 1466 Fannius
1242 1428 1472 1466 antevertit:
1505 1427 1762 1480 quamobrem
1791 1428 1945 1480 utrique

529 1495 702 1534 nostrfim
723 1504 878 1547 gratum
899 1493 1112 1531 admodum
1132 1492 1283 1532 feceris.

586 1561 637 1599 V.
666 1562 868 1599 LAELms.
892 1561 980 1612 Ego
999 1573 1088 1598 vero
1109 1572 1186 1597 non
1206 1571 1394 1612 gravarer,
1413 1558 1440 1597 fi
1461 1557 1563 1597 mihi
1583 1558 1663 1612 ipse
1682 1557 1945 1598 confiderem:

529 1628 637 1667 Nam
672 1637 710 1665 et
745 1625 923 1680 praeclara
956 1639 1012 1664 res
1043 1625 1110 1671 est,
1140 1635 1178 1664 et
1206 1625 1352 1670 sumus,
1386 1633 1430 1662 ut
1463 1624 1564 1662 dixit
1596 1626 1784 1670 FannIus,
1818 1624 1944 1664 otiosi.

530 1695 604 1733 Sed
624 1694 711 1747 quis
733 1706 804 1746 ego
826 1692 910 1731 sum
931 1692 944 1729 ?
975 1701 1042 1730 aut
1061 1705 1147 1745 quae
1178 1692 1219 1730 in
1250 1704 1314 1730 me
1343 1691 1396 1730 est
1415 1690 1575 1730 facultas
1595 1691 1607 1728 ?
1641 1692 1858 1731 Doftorum
1893 1691 1948 1730 est

531 1761 599 1799 ista
619 1759 870 1805 consuetudo,
903 1772 1023 1812 eaque
1045 1759 1289 1804 Graecorum,
1323 1767 1366 1796 ut
1397 1758 1443 1797 iis
1470 1768 1648 1812 ponatur,
1680 1758 1728 1797 de
1759 1772 1839 1811 quo
1869 1757 1947 1796 dis-

531 1837 686 1880 putent,
709 1826 886 1879 quamvis
907 1825 1048 1864 subito.
1081 1826 1279 1879 Magnum
1298 1838 1395 1878 opus
1415 1824 1482 1871 est,
1512 1835 1678 1879 egetque
1703 1825 1948 1864 exercitatio-

533 1907 580 1931 ne
601 1907 678 1931 non
701 1905 825 1945 parva.
860 1892 1147 1942 Qamobrem,
1179 1905 1264 1944 quae
1295 1891 1480 1944 disputari
1507 1893 1555 1930 de
1585 1893 1757 1931 amicitia
1779 1892 1947 1945 possunt,

531 1960 580 1998 ab
600 1960 653 1997 eis
685 1958 820 1997 censeo
851 1958 1004 2011 petatis,
1038 1958 1107 2010 qui
1129 1957 1194 1996 ista
1214 1957 1445 2011 profitentur
1464 1974 1472 1996 ε
1505 1972 1577 2010 ego
1607 1971 1674 1997 vos
1694 1958 1838 1996 hortari
1859 1967 1946 1996 tan-

533 2025 619 2064 tum
640 2024 807 2079 poffum,
830 2033 874 2062 ut
893 2024 1107 2062 amicitiam
1137 2024 1322 2064 omnibus
1344 2024 1456 2063 rebus
1478 2023 1658 2063 humanis
1682 2024 1946 2077 anteponatis:

533 2091 632 2130 nihil
655 2091 708 2130 est
728 2091 834 2129 enim
857 2099 936 2129 tam
958 2100 1100 2129 naturae
1120 2100 1270 2145 aptum,
1295 2101 1373 2130 tam
1394 2091 1627 2131 conveniens
1657 2092 1703 2130 ad
1730 2104 1787 2130 res
1808 2090 1868 2129 vel
1890 2089 1947 2128 se-

532 2159 693 2204 cundas,
715 2158 774 2196 vel
795 2157 977 2196 adversas.

591 2225 662 2264 Sed
697 2223 772 2262 hoc
805 2222 979 2278 primum
1015 2224 1150 2270 sentio,
1189 2224 1256 2263 nifi
1293 2225 1333 2263 in
1367 2225 1480 2263 bonis
1516 2225 1730 2264 amicitiam
1765 2224 1836 2263 effe
1871 2237 1948 2262 non

534 2291 648 2345 polse.
695 2291 837 2342 Neque
872 2291 911 2329 id
943 2290 988 2328 ad
1024 2291 1157 2329 vivum
1192 2290 1331 2336 reseco,
1364 2302 1408 2330 ut
1442 2291 1515 2336 illi,
1550 2292 1617 2344 qui
1653 2290 1735 2329 haec
1771 2290 1948 2328 subtilius

535 2356 732 2401 differunt,
767 2355 914 2395 fortaffe
945 2370 1044 2401 vere,
1082 2357 1143 2395 sed
1173 2357 1219 2395 ad
1253 2370 1508 2395 communem
1540 2357 1748 2395 utilitatem
1783 2370 1947 2409 parum:

536 2433 678 2476 negant
712 2423 841 2467 enim,
874 2437 1113 2476 quemquam
1145 2423 1272 2461 virum
1308 2423 1457 2461 bonum
1491 2422 1585 2468 esse,
1619 2423 1686 2461 nisi
1725 2422 1948 2476 sapientem.

536 2490 593 2528 Sit
629 2489 682 2527 ita
717 2489 826 2527 sane:
862 2489 921 2527 scd
954 2503 1037 2528 cam
1071 2490 1295 2544 sapientiam
1325 2490 1637 2543 interpretantur,
1673 2503 1790 2543 quam
1825 2488 1952 2528 adhuc

536 2556 712 2595 mortalis
735 2570 849 2595 nemo
869 2557 921 2594 est
942 2557 1182 2596 consecutus.
1217 2558 1302 2596 Nos
1330 2567 1458 2596 autem
1489 2571 1544 2603 ea,
1575 2572 1660 2610 qum
1682 2557 1767 2596 sunt
1798 2557 1838 2595 in
1865 2555 1949 2599 usu.

538 2624 692 2675 vitaque
711 2624 929 2669 communi,
952 2638 1029 2664 non
1051 2638 1107 2670 ea,
1129 2638 1214 2678 qua:
1236 2624 1450 2678 finguntur,
1473 2635 1538 2665 aut
1558 2634 1753 2679 optantur,
1788 2623 1953 2677 spectare
