2223 3003
743 268 1021 308 LIBER
1084 268 1448 309 PRIMUS.
1722 285 1797 326 213

396 369 422 408 fi
458 378 591 407 natura
621 381 699 407 non
735 367 844 414 feret,
875 378 919 407 ut
953 369 1130 422 quaedam
1161 371 1305 409 imitari
1337 372 1492 426 possint,
1526 382 1569 412 ut
1599 373 1800 427 superioris

397 435 574 474 Africani
595 435 712 480 filius,
743 437 811 488 qui
831 435 937 474 hunc
959 437 1079 476 Paulo
1109 447 1244 476 natum
1265 438 1472 492 adoptavit,
1503 450 1658 494 propter
1689 442 1799 480 infir-

395 504 574 541 mitatem
609 503 837 542 valetudinis
868 515 946 539 non
981 512 1059 540 tam
1094 505 1223 556 potuit
1257 507 1372 557 patris
1399 506 1533 546 similis
1565 507 1648 553 effe,
1681 523 1801 561 quam

396 569 463 607 ille
482 568 604 608 fuerat
624 569 694 608 sui.
737 568 775 606 Si
795 568 915 619 igitur
944 581 1023 606 non
1053 570 1194 621 poterit
1213 571 1287 608 five
1307 571 1432 625 causas
1463 573 1697 620 defensitare,
1729 575 1802 612 five

396 636 589 689 populum
632 633 887 672 concionibus
926 642 1066 679 tenere,
1113 635 1187 673 five
1224 636 1323 674 bella
1359 651 1486 689 gerere
1503 658 1514 684 5
1558 640 1625 678 illa
1671 650 1802 680 tamen

397 701 566 754 praestare
583 700 756 745 debebit,
785 713 870 751 quae
889 710 1002 738 erunt
1021 701 1061 738 in
1078 701 1192 754 ipsius
1212 702 1410 754 potestate,
1435 705 1638 756 justitiam,
1667 707 1800 752 fidem,

396 767 681 812 liberalitatem,
713 764 955 811 modestiam,
987 769 1295 820 temperantiam,
1326 783 1406 822 quo
1432 771 1562 809 minus
1593 773 1640 810 ab
1673 787 1717 811 eo
1746 774 1800 818 id,

396 833 503 886 quod
521 833 629 878 defit,
660 832 890 885 requiratur.
942 833 1106 886 Optima
1125 843 1253 873 autem
1274 834 1472 874 haereditas
1493 850 1513 874 a
1531 838 1704 890 patribus
1726 849 1801 876 tra-

395 899 500 937 ditur
532 899 680 944 liberis,
723 897 911 950 omnique
946 901 1180 951 patrimonio
1212 901 1460 954 praestantior,
1494 903 1616 956 gloria
1649 904 1802 942 virtutis

394 978 602 1019 rerumque
621 967 812 1020 gestarum
827 983 841 1010 ς
865 966 931 1004 cui
950 966 1125 1006 dedecori
1143 967 1228 1014 effe,
1251 968 1354 1007 nefas
1376 978 1415 1008 et
1432 970 1601 1024 impium
1617 971 1802 1022 judican-

395 1032 492 1071 dum
513 1033 583 1072 est.

450 1099 645 1138 XXXIV.
676 1101 730 1139 Et
760 1102 947 1152 quoniam
981 1101 1108 1140 officia
1138 1115 1214 1141 non
1241 1102 1372 1141 eadem
1394 1102 1605 1156 disparibus
1627 1105 1801 1142 aetatibus

395 1165 639 1211 tribuuntur,
666 1167 814 1219 aliaque
833 1167 920 1206 sunt
935 1169 1140 1220 juvenum,
1172 1171 1245 1207 alia
1265 1170 1456 1208 seniorum
1475 1188 1487 1215 3
1518 1170 1664 1222 aliquid
1685 1172 1803 1208 etiam

395 1232 443 1269 de
462 1231 536 1270 hac
555 1232 796 1271 distinetione
817 1234 1025 1272 dicendum
1045 1234 1111 1273 est.
1131 1235 1198 1273 Est
1218 1236 1337 1288 igitur
1357 1236 1617 1281 adolescentis,
1640 1238 1802 1288 majores

395 1307 489 1336 natu
505 1300 642 1344 vereri,
659 1313 784 1353 exque
803 1299 865 1339 his
885 1301 1051 1354 deligere
1070 1302 1240 1355 optimos
1260 1311 1297 1340 et
1317 1302 1610 1355 probaffliirnos,
1632 1317 1803 1355 quorum

396 1364 557 1404 consilio
575 1375 690 1418 atque
709 1367 933 1405 auctoritate
952 1367 1110 1405 nitatur.
1161 1368 1335 1405 Ineuntis
1364 1368 1470 1406 enim
1496 1368 1614 1406 aetatis
1635 1368 1803 1406 inscien-

395 1430 450 1467 tia
469 1430 603 1470 senum
623 1431 890 1470 constituenda
918 1442 958 1470 et
985 1433 1149 1486 regenda
1177 1433 1382 1486 prudentia
1410 1433 1476 1471 est.
1536 1434 1714 1472 Maxime
1734 1447 1803 1471 au-

398 1503 479 1533 tem
498 1495 580 1534 haec
600 1506 688 1535 aetas
717 1511 740 1535 a
757 1498 986 1536 libidinibus
1006 1500 1168 1536 arcenda
1192 1500 1258 1544 est,
1289 1499 1573 1552 exercendaque
1600 1500 1641 1537 in
1675 1500 1804 1538 labore

398 1561 660 1613 patientiaque
688 1571 725 1599 et
756 1563 891 1607 animi,
922 1573 961 1601 et
980 1565 1179 1616 corporis;
1210 1575 1254 1602 ut
1284 1578 1418 1603 eorum
1449 1574 1487 1603 et
1507 1566 1548 1602 in
1569 1565 1733 1609 bellicis,
1765 1575 1806 1603 et

399 1628 439 1664 in
460 1627 640 1665 civilibus
661 1627 798 1666 officiis
830 1629 954 1680 vigeat
974 1629 1170 1667 industria.
1221 1632 1354 1681 Atque
1373 1631 1504 1674 etiam,
1526 1643 1618 1668 cum
1639 1631 1804 1668 relaxare

397 1693 561 1738 animos,
596 1703 634 1731 et
665 1694 751 1731 dare
770 1694 807 1732 se
830 1695 1068 1746 jucunditati
1087 1695 1231 1740 volent,
1264 1706 1421 1734 caveant
1451 1697 1813 1749 intemperantiam,

397 1761 651 1798 meminerint
671 1761 934 1806 verecundiae,
967 1761 1072 1813 quod
1092 1762 1165 1799 erit
1184 1761 1349 1807 facilius,
1380 1762 1406 1800 fi
1439 1763 1478 1800 in
1505 1762 1692 1815 ejusmodi
1711 1764 1803 1817 qui-

398 1825 488 1863 dem
510 1826 622 1864 rebus
643 1826 805 1877 majores
826 1836 918 1864 natu
938 1827 1109 1865 interesse
1129 1827 1262 1866 velint.

454 1892 616 1930 Senibus
637 1901 764 1930 autem
786 1892 930 1930 labores
951 1893 1120 1944 corporis
1138 1893 1354 1937 minuendi,
1372 1893 1661 1931 exercitationes
1682 1895 1804 1932 animi

398 1958 516 1995 etiam
547 1957 740 2010 augendae,
773 1957 966 1996 videntur.
1009 1958 1148 1996 Danda
1168 1972 1256 1996 vero
1276 1972 1402 2011 opera,
1433 1968 1477 1997 ut
1508 1969 1545 1997 et
1577 1960 1735 2005 amicos,
1767 1971 1805 1999 et

392 2024 653 2075 juventutem,
675 2033 712 2061 et
733 2024 904 2062 maxime
920 2024 1203 2077 rempublicam
1224 2024 1382 2063 contilio
1403 2034 1440 2062 et
1460 2026 1662 2077 prudentia
1685 2039 1803 2078 quam

398 2089 612 2141 plurimum
634 2090 827 2141 adjuvent.
869 2089 986 2128 Nihil
1006 2100 1136 2128 autem
1156 2091 1279 2144 magis
1300 2092 1513 2128 cavendum
1534 2091 1586 2128 est
1605 2091 1802 2137 senectuti,

398 2169 517 2207 quam
537 2169 584 2193 nc
605 2156 778 2208 languori
799 2156 834 2193 se
855 2155 1080 2208 desidiaeque
1099 2156 1224 2194 dedat.
1281 2156 1453 2193 Luxuria
1473 2169 1562 2194 vero
1581 2170 1673 2194 cum
1693 2159 1804 2196 omni

398 2223 499 2259 aetati
531 2223 667 2274 turpis,
698 2231 784 2259 tum
815 2221 997 2258 senectuti
1032 2220 1236 2259 foediffima
1255 2221 1333 2259 est:
1367 2222 1421 2259 fin
1441 2232 1569 2260 autem
1589 2223 1802 2262 libidinum

397 2288 513 2326 ctiam
545 2288 837 2340 intemperantia
871 2286 1074 2330 accesserit,
1105 2287 1248 2339 duplex
1268 2288 1416 2325 malum
1437 2288 1502 2332 est,
1535 2289 1639 2340 quod
1670 2298 1706 2326 et
1726 2290 1804 2342 ipsa

398 2354 566 2393 senectus
585 2354 757 2406 concipit
777 2353 955 2398 dedecus,
983 2363 1020 2391 et
1040 2352 1133 2391 facit
1152 2353 1453 2392 adolescentium
1473 2355 1804 2408 impudentiorem

398 2421 750 2474 intemperantiam.

455 2489 515 2525 Ac
542 2501 588 2525 ne
609 2488 707 2525 illud
738 2487 898 2539 quidem
919 2487 1087 2525 alienum
1109 2486 1174 2531 est,
1205 2487 1251 2524 de
1270 2487 1576 2540 magistratuum,
1607 2488 1653 2526 de
1674 2489 1800 2541 priva-

400 2560 545 2597 torum,
577 2553 623 2590 de
653 2554 814 2598 civium,
845 2554 892 2591 de
917 2554 1208 2606 peregrinorum
1239 2553 1376 2591 officiis
1407 2554 1545 2592 dicere.
1596 2554 1663 2592 Est
1683 2555 1802 2606 igitur

400 2619 601 2672 proprium
635 2633 777 2657 munus
811 2620 1064 2673 magistratus,
1102 2619 1328 2673 intelligere,
1374 2619 1409 2658 se
1442 2633 1569 2673 gerere
1602 2619 1801 2673 personam
