2223 3003
465 234 546 274 262
860 229 969 269 DE
1039 227 1467 266 OFFICIIS

464 331 619 386 poffunt
649 336 713 368 aut
733 326 882 379 corpori
902 325 1086 370 accidere,
1116 333 1182 362 aut
1202 324 1313 362 rebus
1340 323 1530 362 externis:
1562 336 1652 362 nam
1677 323 1871 379 principio

466 398 571 436 tollit
604 395 826 434 convictum
859 391 1094 435 humanum,
1124 399 1162 428 et
1192 389 1412 429 societatem
1433 404 1452 428 ε.
1474 389 1500 427 fi
1521 389 1628 428 enirn
1657 389 1708 427 fic
1727 389 1871 428 erimus

467 463 606 506 affecti,
638 469 680 498 ut
700 467 855 512 propter
875 457 988 496 suum
1009 457 1171 510 quisque
1190 457 1504 495 emolumentum
1523 455 1673 508 spoliet,
1703 465 1769 494 aut
1786 456 1871 494 vio-

466 530 519 568 let
539 528 717 570 alterum,
735 524 922 577 disrumpi
942 523 1086 562 neceffe
1104 523 1157 562 est
1176 537 1275 569 eam,
1297 537 1382 577 quae
1402 523 1572 561 maxime
1589 522 1643 561 est
1662 521 1874 561 secundum

466 604 658 637 naturam,
679 591 842 630 humani
861 591 1010 644 generis
1031 590 1265 629 societatem.
1290 591 1360 635 Ut,
1375 590 1399 628 fi
1419 589 1728 641 unumquodque
1744 601 1872 627 mem-

467 662 584 700 brum
605 658 755 697 sensum
775 656 881 696 hunc
902 655 1072 701 haberet,
1095 666 1138 694 ut
1159 656 1259 710 pofl‘e
1279 665 1429 709 putaret
1449 655 1484 693 se
1503 655 1639 701 valere,
1658 656 1685 693 s1
1705 654 1876 708 proximi

467 726 638 766 membri
658 723 920 763 valetudinem
935 723 982 761 ad
1002 723 1038 761 se
1057 723 1292 768 traduxiffet,
1308 722 1500 760 debilitari
1519 731 1557 760 et
1573 721 1725 760 interire
1745 730 1876 760 totum

467 807 607 847 corpus
627 791 770 830 neceffe
789 790 866 836 est,
899 790 962 834 fic,
983 790 1009 827 sl
1029 789 1289 842 unusquisque
1306 788 1478 827 nostrum
1499 789 1619 842 rapiat
1639 786 1685 826 ad
1705 787 1742 826 se
1761 801 1874 826 com-

467 861 584 900 moda
601 860 781 902 aliorum,
812 854 1062 907 detrahatque
1083 854 1189 907 quod
1209 856 1351 907 cuique
1385 855 1510 908 poffit,
1540 855 1799 894 emolumenti
1819 853 1876 892 sui

467 926 603 980 gratia,
625 924 779 963 societas
811 921 1023 960 hominum
1054 929 1093 958 et
1126 921 1387 959 communitas
1418 930 1608 959 evertatur
1638 920 1781 959 necess'e
1806 921 1873 959 est.

468 993 592 1037 Nam,
614 991 683 1029 fibi
704 997 747 1028 ut
767 987 929 1041 quisque
948 986 1074 1032 malit,
1096 987 1201 1039 quod
1227 987 1273 1025 ad
1292 987 1403 1025 usum
1424 987 1510 1025 vitae
1536 988 1736 1040 pertineat,
1757 1001 1876 1040 quam

468 1059 592 1102 alteri,
625 1056 834 1109 acquirere,
866 1052 1087 1093 conceffum
1118 1053 1184 1099 est,
1212 1067 1290 1091 non
1321 1062 1558 1106 repugnante
1589 1062 1747 1091 natura:
1779 1053 1878 1091 illud

469 1134 605 1164 natura
625 1136 702 1161 non
722 1122 879 1176 patitur,
912 1130 956 1159 ut
986 1119 1150 1159 aliorum
1170 1119 1299 1175 spoliis
1320 1119 1461 1158 nostras
1487 1118 1702 1165 facultates,
1733 1119 1877 1172 copias,

469 1204 561 1245 opes
581 1203 801 1244 augeamus.

527 1258 670 1309 Neque
689 1269 778 1294 vero
797 1254 874 1293 hoc
895 1254 1021 1294 solum
1042 1254 1190 1300 natura,
1218 1255 1257 1293 id
1277 1254 1343 1300 est,
1360 1255 1446 1306 jure
1466 1254 1658 1307 gentium,
1679 1254 1741 1292 sed
1761 1253 1879 1291 etiam

470 1324 622 1377 legibus
654 1322 891 1375 populorum
905 1350 917 1366 ,
953 1321 1096 1373 quibus
1131 1321 1171 1358 in
1208 1321 1365 1373 singulis
1401 1321 1621 1359 civitatibus
1656 1319 1879 1373 respublicae

468 1390 736 1433 continentur,
772 1387 907 1426 eodem
942 1387 1061 1426 modo
1087 1387 1342 1426 constitutum
1371 1386 1437 1432 est,
1470 1389 1527 1425 Ut
1557 1401 1636 1425 non
1666 1387 1794 1431 liceat,
1826 1385 1882 1424 sui

469 1455 672 1495 commodi
702 1453 824 1498 caus-21,
858 1466 994 1491 nocere
1024 1454 1146 1491 alteri.
1194 1454 1285 1492 Hoc
1319 1454 1426 1491 enim
1460 1453 1627 1505 spectant
1657 1453 1774 1505 leges,
1804 1450 1881 1490 hoc

471 1521 622 1566 volunt,
654 1520 895 1559 incolumem
916 1519 987 1558 effe
1007 1519 1156 1557 civium
1177 1519 1492 1571 conjunctionem
1508 1537 1520 1563 5
1552 1531 1670 1570 quam
1691 1518 1760 1570 qui
1787 1516 1881 1555 diri-

472 1597 601 1633 munt,
633 1601 695 1625 eos
717 1595 856 1631 morte,
877 1586 1008 1631 exilio,
1030 1585 1213 1630 vinculis,
1243 1585 1386 1623 damno
1413 1593 1605 1623 coercent.
1647 1586 1781 1637 Atque
1805 1582 1882 1623 hoc

472 1655 600 1694 multo
621 1653 744 1706 magis
765 1653 886 1706 exigit
906 1642 984 1706 ipsa
1004 1661 1146 1691 naturae
1166 1652 1276 1697 ratio,
1309 1665 1395 1704 quae
1414 1651 1466 1689 est
1487 1651 1550 1690 lex
1570 1651 1714 1696 divina,
1746 1660 1784 1689 et
1804 1650 1882 1689 hu·-

468 1734 586 1760 mana
602 1739 613 1767 ς
645 1720 709 1758 cui
731 1733 858 1773 parere
875 1719 945 1771 qui
965 1718 1072 1764 velit,
1107 1719 1260 1770 (omnes
1278 1727 1408 1756 autem
1429 1717 1634 1771 parebunt,
1656 1718 1724 1771 qui
1746 1716 1881 1756 secun-

473 1788 569 1826 dum
601 1796 776 1825 naturam
807 1786 938 1825 volent
957 1786 1100 1836 vivere)
1133 1798 1334 1839 nunquam
1360 1785 1598 1830 committet,
1635 1793 1678 1822 ut
1711 1783 1882 1822 alienum

473 1862 640 1907 appetat,
662 1861 699 1889 et
720 1852 772 1896 id,
795 1852 901 1903 quod
921 1852 1029 1890 alteri
1052 1852 1269 1897 detraxerit,
1292 1852 1360 1890 fibi
1377 1851 1550 1890 assumat.

531 1919 689 1957 Etenim
718 1918 845 1955 multo
866 1918 987 1969 magis
1015 1917 1067 1955 est
1088 1917 1298 1955 secundum
1330 1927 1506 1955 naturam
1526 1918 1720 1956 excelsitas
1746 1918 1882 1962 animi,

474 1995 513 2024 et
535 1983 790 2038 magnitudo,
824 1984 996 2036 itemque
1025 1983 1202 2028 comitas,
1229 1982 1391 2035 justitia,
1422 1983 1641 2027 liberalitas,
1674 1995 1792 2035 quam
1813 1997 1882 2022 vo-

476 2052 616 2105 luptas,
639 2063 756 2103 quam
788 2050 878 2094 vita,
908 2063 1026 2102 quam
1048 2050 1219 2094 divitiae;
1252 2063 1336 2102 quat:
1368 2049 1526 2101 quidem
1554 2058 1816 2093 contemnere,
1847 2060 1884 2088 et

476 2133 547 2172 pro
568 2117 693 2157 nihilo
713 2117 866 2160 ducere,
895 2126 1184 2169 comparantem
1205 2130 1297 2154 cum
1320 2116 1484 2154 utilitate
1503 2117 1723 2160 communi,
1753 2116 1883 2169 magni

476 2185 596 2223 animi
618 2195 654 2222 ct
675 2183 810 2222 excelsi
832 2183 897 2221 est.
932 2181 1141 2221 Detrahere
1161 2191 1291 2220 autem
1312 2182 1434 2226 alteri,
1458 2182 1511 2220 sui
1531 2183 1731 2221 commodi
1759 2181 1882 2226 cauffi,

478 2252 600 2304 magis
621 2250 673 2289 cst
693 2260 825 2289 contra
843 2259 1031 2294 naturam,
1049 2262 1168 2301 quam
1189 2263 1308 2294 mors,
1331 2263 1449 2302 quam
1466 2249 1589 2295 dolor,
1618 2263 1735 2302 quam
1751 2258 1883 2288 caetera

478 2317 625 2370 generis
647 2317 829 2369 ejusdcm.

534 2385 728 2435 Itemque,
762 2384 882 2436 magis
918 2383 969 2421 est
1007 2383 1216 2422 secundum
1253 2393 1440 2427 naturam,
1472 2397 1541 2436 pro
1574 2383 1757 2422 omnibus
1788 2396 1885 2435 gen-

480 2451 598 2495 tibus,
630 2450 655 2488 si
690 2449 770 2488 fieri
804 2449 928 2502 poil‘m
957 2450 1236 2495 conservandis,
1264 2459 1328 2488 aut
1354 2450 1533 2502 juvandis
1564 2451 1753 2489 maximos
1776 2449 1886 2487 labo-

478 2530 535 2555 res
570 2516 833 2567 molestiasque
855 2515 1053 2570 suscipere,
1088 2517 1326 2568 (imitantem
1360 2515 1572 2555 Herculem
1602 2516 1730 2560 illum,
1766 2528 1883 2568 quem

477 2582 688 2622 hominum
727 2581 840 2627 fama,
884 2582 1161 2622 beneficiorum
1197 2596 1360 2629 memor,
1406 2583 1445 2622 in
1481 2582 1650 2622 concilio
1678 2581 1885 2621 caelestium
