2223 3003
757 255 861 294 DE
919 250 1493 292 SENECTUTE.

1748 264 1821 303 313

428 354 616 394 Miseram
635 352 705 392 efl‘e
725 352 973 397 senectutem,
995 365 1080 405 quae
1100 351 1135 389 se
1155 350 1323 389 oratione
1344 348 1574 388 defenderet.
1608 347 1703 386 Non
1724 348 1822 391 cani,

430 433 509 459 non
528 434 630 473 rugae
649 429 804 472 repente
823 420 1087 457 auctoritatem
1107 418 1267 470 arripere
1287 416 1438 470 possunt
1452 433 1465 461 ς
1497 414 1559 453 sed
1578 412 1732 453 honeste
1748 414 1826 451 aeta

429 485 595 539 superior
615 496 700 524 aetas
720 484 867 523 fructus
887 485 989 536 capit
1008 483 1242 521 auctoritatis
1263 492 1468 522 extremos.

486 553 584 591 Haec
617 553 723 590 enim
748 550 826 603 ipsa
856 550 942 589 sunt
974 549 1229 593 honorabilia,
1271 563 1355 601 quae
1381 549 1558 586 videntur
1590 547 1687 585 levia
1716 555 1828 598 atque

430 617 679 661 communia,
708 614 884 659 salutari,
914 614 1066 667 appeti,
1097 613 1254 658 decedi,
1285 613 1447 666 affurgi,
1477 613 1641 658 deduci,
1671 611 1827 654 reduci,

430 683 579 722 consuli
595 700 607 727 ;
639 694 724 734 quae
753 689 791 718 et
822 679 924 732 apud
955 692 1037 724 nOS,
1068 688 1104 717 et
1138 678 1178 716 in
1210 679 1292 717 aliis
1321 678 1554 723 civitatibus,
1596 689 1639 716 ut
1667 689 1831 730 quaeque

431 747 580 800 optime
609 755 768 790 morata,
798 745 852 783 ita
874 744 1161 797 diligentissime
1191 744 1446 782 observantur.
1484 742 1725 794 Lysandrum
1752 743 1830 781 La-

432 813 729 856 cedaemonium‚
764 812 873 864 cujus
904 810 1022 849 modo
1061 810 1301 849 mentionem
1334 808 1424 854 feci,
1469 809 1594 847 dicere
1627 809 1735 846 aiunt
1771 807 1831 846 so-

434 880 564 924 litum,
595 878 871 917 Lacedaemone
901 877 971 915 esse
1001 876 1308 915 honestiffimum
1334 875 1582 914 domicilium
1602 873 1830 913 senectutis:

434 945 623 998 nusquam
643 946 749 984 enim
769 954 922 983 tantum
942 944 1125 982 tribuitur
1144 943 1258 989 aetati,
1279 942 1467 996 nusquam
1488 942 1541 980 est
1570 941 1739 979 senectus
1758 939 1833 977 ho-

435 1012 614 1051 noratior.
666 1011 776 1064 Qin
802 1011 918 1049 etiam
952 1011 1148 1048 memoriae
1183 1010 1381 1063 proditum
1415 1008 1490 1054 est,
1526 1021 1619 1046 curn
1654 1004 1833 1050 Athenis,

436 1078 551 1123 ludis,
573 1077 732 1130 quidam
752 1077 792 1115 in
814 1076 1008 1115 theatrum
1033 1076 1184 1130 grandis
1206 1085 1298 1115 natu
1319 1074 1486 1120 venisset,
1517 1074 1557 1112 in
1578 1085 1720 1125 magno
1740 1084 1834 1110 con-

436 1144 528 1182 sess‘u
554 1145 687 1182 locum
721 1144 756 1181 ei
788 1156 809 1181 a
832 1143 906 1182 suis
925 1143 1075 1181 civibus
1096 1142 1284 1195 nusquam
1315 1143 1476 1181 datum:
1507 1154 1600 1179 cum
1626 1147 1755 1177 autem
1791 1136 1838 1174 ad

437 1209 749 1249 Lacedaemonios
782 1208 995 1254 acceffiffet‚
1028 1209 1110 1262 qui,
1138 1209 1253 1262 legati
1283 1222 1375 1247 cum
1395 1207 1525 1252 essent,
1555 1207 1596 1244 in
1617 1205 1703 1243 loco
1734 1211 1839 1241 certo

437 1276 698 1320 consederant,
728 1274 998 1313 consurrexisse
1030 1288 1180 1320 omnes,
1213 1284 1252 1313 et
1282 1275 1408 1313 senem
1438 1273 1552 1312 illum
1573 1271 1706 1310 sessum
1735 1281 1838 1307 rece-

436 1341 542 1395 piffe.
574 1341 731 1392 Qibus
751 1354 843 1379 curn
868 1353 890 1378 a
908 1341 1049 1379 cuncto
1069 1339 1236 1379 consessu
1256 1340 1408 1393 plausus
1436 1338 1524 1377 esset
1545 1335 1752 1388 multiplex
1772 1334 1839 1372 da-

437 1417 515 1453 tus,
546 1407 679 1446 dixisse
699 1420 745 1446 ex
765 1407 811 1446 iis
831 1407 1040 1459 quendam,
1070 1405 1324 1445 Athenienses
1344 1405 1451 1450 scire,
1482 1417 1567 1457 quae
1586 1403 1685 1440 recta
1710 1399 1840 1444 effent,

440 1473 503 1512 sed
532 1473 654 1512 facere
683 1472 801 1512 nolle.
845 1473 978 1512 Multa
1006 1474 1047 1512 in
1075 1473 1201 1512 nostro
1230 1472 1396 1525 collegio
1421 1470 1597 1525 praeclara
1613 1486 1625 1514 ;
1657 1467 1720 1506 sed
1752 1465 1841 1511 hoc,

440 1540 488 1577 de
519 1553 598 1592 quo
627 1539 793 1591 agimus,
823 1539 865 1576 in
898 1539 1049 1592 primis,
1080 1538 1200 1591 quod,
1231 1547 1274 1576 ut
1304 1537 1465 1590 quisque
1495 1544 1602 1575 aetate
1632 1533 1842 1578 antecellit,

441 1606 495 1643 ita
524 1605 718 1644 sententiae
748 1604 1012 1656 principatum
1043 1613 1172 1642 tenet:
1204 1616 1329 1655 neque
1358 1602 1484 1641 solum
1517 1600 1663 1639 honore
1691 1608 1843 1638 antece-

443 1671 639 1715 dentibus,
670 1669 731 1708 sed
761 1669 807 1707 iis
841 1669 974 1715 etiam,
1008 1670 1078 1722 qui
1109 1683 1201 1708 cum
1233 1668 1398 1721 imperio
1427 1667 1529 1712 sunt,
1558 1667 1720 1718 majores
1753 1674 1846 1704 natu

443 1750 603 1790 augures
624 1744 921 1788 anteponuntur.
967 1736 1067 1787 Qae
1086 1735 1173 1774 sunt
1193 1735 1312 1788 igitur
1330 1734 1543 1787 voluptates
1564 1732 1734 1785 corporis
1754 1745 1847 1770 cum

443 1803 678 1842 auctoritatis
699 1803 866 1855 praemiis
886 1802 1150 1855 comparandae
1168 1802 1181 1838 ?
1204 1801 1346 1854 quibus
1367 1801 1435 1853 qui
1455 1799 1650 1853 splendide
1669 1798 1723 1836 usi
1744 1797 1846 1843 sunt,

444 1869 472 1906 ii
494 1868 594 1907 mihi
614 1868 792 1906 videntur
810 1866 983 1906 fabulam
1015 1868 1134 1906 aetatis
1154 1866 1347 1920 peregiffe‚
1375 1879 1459 1911 nec,
1493 1874 1676 1917 tanquam
1695 1863 1847 1902 inexer-

445 1935 555 1972 citati
574 1933 791 1979 histriones,
812 1934 853 1972 in
873 1943 1046 1972 extremo
1065 1935 1150 1971 ae’tu
1170 1931 1362 1971 corruisse.

500 2002 556 2039 At
576 2000 664 2038 sunt
698 2000 849 2046 morosi,
878 2009 916 2038 et
946 2000 1065 2045 anxii,
1096 2009 1134 2038 et
1165 1998 1353 2044 iracundi,
1384 2008 1422 2036 et
1454 1997 1630 2036 difficiles
1662 1997 1790 2042 senes;
1823 1997 1850 2036 si

447 2066 669 2118 quaerimus,
699 2066 816 2105 etiam
838 2067 963 2105 avari:
996 2066 1058 2104 sed
1078 2064 1160 2104 haec
1181 2079 1337 2104 morum
1363 2064 1457 2102 vitia
1476 2064 1576 2108 sunt,
1607 2077 1685 2101 non
1718 2063 1850 2101 senec-

448 2132 556 2170 tutis.
588 2135 648 2171 Ac
669 2133 865 2171 morositas
886 2142 1030 2177 tamen,
1063 2141 1100 2170 et
1121 2145 1162 2169 ea
1181 2131 1286 2175 vitia,
1312 2143 1397 2181 quae
1417 2129 1512 2173 dixi,
1543 2127 1686 2166 habent
1705 2128 1852 2181 aliquid

450 2196 716 2241 excusationis,
758 2210 835 2234 non
866 2197 971 2234 illius
1003 2196 1163 2247 quidem
1193 2194 1316 2246 justae,
1358 2193 1419 2231 sed
1453 2206 1539 2245 quae
1570 2193 1720 2246 probari
1750 2193 1852 2247 poffe

450 2263 634 2300 videatur.
668 2262 878 2301 Contemni
900 2261 936 2299 se
956 2270 1106 2313 putant,
1128 2259 1284 2312 despici,
1304 2259 1418 2297 illudi
1437 2275 1444 2297 :
1468 2268 1645 2312 praeterea
1665 2260 1704 2298 in
1725 2259 1853 2313 fragili

451 2341 609 2381 corpore
640 2327 767 2366 odiosa
796 2327 923 2365 omnis
955 2325 1110 2364 offensio
1136 2324 1210 2363 est:
1243 2338 1328 2378 quae
1360 2334 1488 2364 tamen
1523 2326 1655 2363 omnia
1684 2326 1856 2364 dulciora

452 2393 553 2432 fiunt
572 2403 611 2431 et
640 2393 813 2432 moribus
845 2393 972 2437 bonis,
1006 2401 1043 2430 et
1064 2391 1235 2435 artibus;
1267 2390 1384 2444 idque
1404 2400 1490 2430 tum
1510 2391 1551 2429 in
1571 2391 1662 2436 vita,
1694 2402 1780 2430 tum
1814 2391 1852 2429 in

456 2458 563 2497 scena
598 2459 765 2513 intelligi
799 2458 920 2512 potest
955 2471 1001 2496 ex
1036 2458 1082 2495 iis
1119 2455 1313 2502 fratribus,
1352 2456 1421 2510 qui
1456 2457 1496 2494 in
1530 2456 1720 2510 Adelphis
1753 2457 1852 2495 sunt.

457 2524 612 2574 Qanta
630 2525 670 2562 in
690 2526 808 2563 altero
827 2525 984 2570 duritas,
1006 2524 1045 2562 in
1067 2523 1182 2562 altero
1203 2523 1363 2562 comitas
1382 2523 1389 2560 !
1424 2523 1483 2561 Sic
1505 2523 1541 2560 se
1560 2536 1616 2562 res
1638 2522 1765 2561 habet.
1799 2524 1856 2561 Ut

457 2589 566 2631 enim
584 2603 662 2627 non
683 2603 799 2629 omne
829 2591 980 2636 vinum,
1011 2589 1060 2628 fic
1081 2603 1157 2629 non
1178 2589 1306 2629 omnis
1326 2598 1427 2634 aetas,
1456 2588 1639 2627 vestutate
1657 2587 1855 2628 coacescit.

1420 2653 1556 2694 er
