2223 3003
704 221 807 259 DE
874 219 1351 260 AMICITIA.
1650 225 1728 277 333

326 317 570 357 assentatione
589 318 787 371 capiantur
809 334 817 358 ε
850 328 976 372 aperte
1005 319 1112 357 enim
1132 319 1352 358 adulantem
1379 332 1494 358 nemo
1515 332 1591 357 non
1611 320 1728 363 videt,

327 386 396 424 nifi
424 386 492 438 qui
522 385 734 424 admodum
767 386 820 424 est
845 399 993 424 excors.
1039 386 1213 425 Callidus
1245 386 1311 424 ille
1341 396 1378 425 et
1409 386 1584 425 occultus
1617 400 1663 424 ne
1695 385 1731 423 se

327 451 505 496 insinuet,
539 451 700 490 studiose
719 452 932 490 cavendum
953 451 1032 489 est:
1064 466 1134 490 nec
1165 453 1270 491 enim
1294 452 1480 491 facillime
1501 452 1730 505 agnoscitur,

327 517 474 570 quippe
504 519 573 570 qui
593 518 711 556 etiam
741 517 969 555 adversando
988 517 1082 570 saepe
1113 518 1340 564 assentetur,
1372 528 1423 563 et,
1458 519 1606 571 litigare
1627 517 1661 556 se
1681 517 1729 555 si-

329 584 496 629 mulans,
518 583 749 628 blandiatur,
783 591 896 635 atque
916 583 962 620 ad
982 592 1201 622 extremum
1221 584 1285 622 det
1317 598 1467 629 manus,
1495 585 1675 636 vincique
1695 583 1732 621 se

327 649 520 701 patiatur,
550 657 593 686 ut
612 649 658 693 is,
681 649 748 700 qui
767 647 899 686 illusus
921 647 978 692 fit,
1001 648 1087 700 plus
1108 649 1237 687 vidiffe
1257 650 1441 688 videatur.
1474 650 1582 700 Qid
1602 659 1730 688 autem

328 714 494 767 turpius,
516 727 634 767 quam
654 713 768 751 illudi
785 713 797 750 ?
830 712 950 766 Qod
969 725 1018 751 ne
1037 714 1198 759 accidat,
1226 715 1348 767 magiS
1369 715 1580 753 cavendum
1601 715 1667 760 est,
1689 723 1732 752 ut

327 779 370 818 in
390 780 570 833 Epiclero
581 797 594 824 ς

465 846 583 885 Hodie
599 859 653 884 me
670 856 756 885 ante
774 861 888 885 omnes
905 846 1047 885 comicos
1052 845 1184 899 stultos
1188 848 1293 901 senes

468 912 643 965 Vetfizris,
664 921 773 965 atque
791 911 913 965 lzffi’ris
931 912 1125 964 lautff'me.

329 976 428 1015 Haec
448 977 553 1015 enim
574 977 690 1015 etiam
721 978 763 1015 in
783 976 926 1015 fabulis
945 976 1162 1015 stultiffima
1175 975 1336 1030 persona
1355 976 1407 1015 est
1425 976 1735 1029 improvidorum

329 1051 368 1080 et
388 1042 635 1082 credulorum
655 1043 803 1082 senum.
849 1043 934 1088 Sed,
967 1043 1092 1082 nescio
1112 1056 1190 1096 quo
1209 1045 1334 1096 pacto,
1365 1044 1413 1081 ab
1444 1043 1624 1081 amicitiis
1645 1055 1734 1095 per-

331 1108 523 1148 sectorum
552 1108 776 1155 hominum,
811 1109 850 1148 id
881 1109 946 1155 est,
983 1109 1214 1163 sapientium
1249 1109 1314 1161 (de
1333 1108 1406 1147 hac
1433 1109 1520 1148 dico
1540 1108 1735 1161 sapientia,

331 1188 418 1226 quae
437 1176 587 1214 videtur
607 1177 648 1214 in
668 1175 873 1214 hominem
894 1175 1025 1214 cadere
1043 1175 1167 1228 poffe)
1190 1175 1236 1213 ad
1256 1175 1355 1213 leves
1376 1175 1562 1213 amicitias
1582 1173 1738 1212 deflexit

330 1241 467 1280 oratio.
517 1242 787 1293 Qamobrem
807 1242 853 1280 ad
873 1241 939 1279 illa
958 1242 1082 1294 prima
1101 1241 1314 1287 redeamus,
1337 1254 1456 1294 eaque
1476 1240 1555 1293 ipsa
1573 1239 1736 1279 conclu-

331 1306 467 1346 damus
487 1307 707 1361 aliquando.

386 1374 561 1413 XXVII.
593 1374 743 1420 Virtus,
761 1374 896 1419 virtus,
917 1373 1092 1426 inquam,
1115 1373 1163 1412 C.
1187 1372 1326 1417 Fanni,
1344 1381 1382 1410 et
1403 1380 1459 1417 tu,
1482 1370 1685 1424 QMuci,
1701 1378 1740 1408 et

333 1439 516 1479 conciliat
535 1440 737 1486 amicitias,
758 1450 797 1479 et
816 1439 1008 1479 conservat
1025 1455 1034 1478 :
1066 1440 1107 1477 in
1127 1452 1170 1477 ea
1194 1438 1247 1476 est
1266 1438 1372 1476 enim
1391 1437 1659 1477 convenientia
1679 1449 1739 1474 re-

335 1518 437 1549 rum,
458 1505 499 1542 in
519 1518 562 1542 ea
581 1505 778 1550 stabilitas,
809 1506 851 1542 in
874 1518 917 1542 ea
935 1504 1170 1542 constantia:
1204 1517 1304 1555 quae,
1334 1517 1427 1541 cum
1456 1502 1492 1541 se
1511 1501 1666 1546 extulit,
1702 1512 1741 1539 et

335 1570 499 1610 ostendit
519 1570 653 1608 lumen
675 1569 802 1615 suum,
838 1579 876 1608 et
906 1569 1012 1607 idem
1042 1569 1211 1622 adspexit
1241 1570 1473 1621 agnovitque
1502 1568 1543 1606 in
1574 1567 1663 1612 alio,
1694 1567 1741 1604 ad

335 1637 376 1676 id
395 1636 431 1675 se
451 1636 642 1682 admovet,
672 1636 913 1689 viciffimque
932 1637 1074 1689 accipit
1103 1635 1214 1680 illud,
1246 1635 1351 1688 quod
1371 1636 1412 1674 in
1442 1635 1561 1673 altero
1580 1633 1633 1672 est
1648 1652 1661 1679 ς
1692 1647 1742 1672 ex

335 1717 414 1757 quo
434 1717 569 1742 eorum
603 1703 812 1742 exardescit
831 1703 904 1741 five
925 1716 1045 1748 amor,
1074 1703 1147 1741 five
1167 1702 1339 1741 amicitia
1361 1717 1370 1740 :
1403 1711 1614 1753 utrumque
1634 1700 1742 1738 enim

336 1771 485 1809 dictum
505 1770 558 1809 est
576 1770 623 1808 ab
654 1769 831 1808 amando.
882 1771 1025 1808 Amare
1044 1778 1188 1814 autem,
1215 1767 1316 1807 nihil
1336 1768 1440 1807 aliud
1459 1767 1527 1812 est,
1561 1766 1630 1804 nifi
1651 1779 1743 1804 eum

336 1836 463 1890 ipsum
483 1837 656 1890 diligere,
678 1850 795 1889 quem
817 1849 933 1880 ameS,
955 1835 1062 1874 nulla
1080 1835 1306 1888 indigentia,
1327 1834 1434 1872 nulla
1453 1833 1619 1872 utilitate
1635 1845 1743 1884 quae-

337 1904 430 1948 fita;
462 1917 548 1955 quae
568 1913 696 1942 tamen
717 1903 794 1956 ipsa
813 1902 1015 1941 efflorescit
1034 1915 1081 1940 ex
1100 1901 1284 1946 amicitia,
1308 1900 1426 1939 etiam
1446 1899 1472 1938 fi
1494 1908 1536 1938 tu
1556 1911 1641 1937 eam
1662 1898 1740 1937 mi-

338 1983 410 2008 nus
431 1970 579 2008 secutus
600 1970 659 2009 fis.

393 2036 482 2074 Hac
502 2050 571 2075 nos
591 2035 842 2074 adolescentes
874 2034 1140 2074 benevolentia
1158 2033 1262 2072 senes
1283 2032 1370 2070 illos
1391 2033 1439 2070 L.
1464 2031 1644 2074 Paulum,
1676 2030 1741 2068 M.

341 2102 545 2147 Catonem,
578 2103 627 2141 C.
651 2102 828 2147 Gallum,
865 2103 908 2140 P.
932 2100 1128 2145 Nasicam,
1161 2099 1257 2138 Tib.
1278 2096 1519 2141 Gracchum,
1552 2095 1744 2148 Scipionis

341 2167 456 2205 nostri
476 2167 662 2211 socerum,
683 2168 906 2205 dileximus.
949 2167 1047 2204 Haec
1067 2166 1184 2203 etiam
1205 2164 1327 2216 magis
1347 2163 1472 2201 elucet
1490 2162 1590 2200 inter
1614 2175 1745 2214 aequa—

340 2234 410 2278 les,
443 2243 484 2271 ut
514 2234 614 2271 inter
644 2246 706 2270 me
732 2241 770 2270 et
802 2232 1038 2284 Scipionem,
1071 2231 1119 2269 L.
1143 2230 1322 2274 Furium,
1354 2230 1398 2268 P.
1422 2228 1645 2282 Rupilium,
1677 2229 1742 2281 Sp.

342 2300 606 2340 Mummium.
641 2298 816 2337 Viciffim
837 2307 967 2336 autem
998 2296 1100 2335 senes
1126 2296 1167 2334 in
1187 2295 1484 2334 adolescentium
1505 2295 1659 2333 caritate
1679 2307 1745 2332 ac-
1770 2346 1773 2347 ⁷

342 2367 575 2418 quiescimus
593 2384 603 2410 ;
637 2374 680 2403 ut
713 2379 785 2417 ego
817 2365 857 2402 in
889 2363 1021 2408 vestra,
1056 2373 1099 2401 ut
1129 2363 1168 2400 in
1190 2362 1502 2415 QTuberonis.
1550 2359 1747 2413 Equidem

344 2432 461 2470 etiam
495 2432 707 2470 admodum
738 2430 1000 2475 adolescentis,
1032 2431 1076 2467 P.
1100 2428 1241 2467 Rutilii
1261 2428 1455 2480 Virginii,
1486 2426 1746 2465 familiaritate

345 2497 523 2535 delector.
555 2498 835 2550 Qoniamque
867 2497 920 2535 ita
953 2496 1048 2536 ratio
1079 2502 1297 2548 comparata
1322 2493 1375 2532 est
1394 2494 1496 2539 vitae‚
1528 2502 1747 2544 naturaeque

429 2565 573 2603 ToM.
606 2564 680 2603 111.
1342 2561 1381 2599 Υ
1410 2574 1436 2611 y
