2223 3003
433 176 510 215 370
871 159 1390 199 PARADOXA.

430 263 610 301 maximae
630 261 716 300 sunt
736 258 1025 308 certissirnaeque
1044 256 1199 294 divitiae.
1232 255 1406 300 Etenim,
1428 254 1455 293 fi
1474 254 1535 293 isti
1554 256 1684 295 callidi
1703 271 1834 299 rerum

431 329 671 368 aestimatores
701 335 805 378 prata
837 332 875 360 et
906 336 1006 360 areas
1041 323 1220 375 quasdam
1253 335 1395 375 magno
1425 322 1627 368 aestimant,
1663 324 1769 376 quod
1797 326 1834 363 ei

429 396 558 449 generi
577 391 845 446 poffeffionum
866 389 1032 427 minime
1063 389 1165 442 quasi
1192 390 1322 427 noceri
1342 388 1476 442 potest,
1509 389 1644 441 quanti
1663 389 1717 427 est
1735 388 1834 428 aesti-

430 461 569 499 manda
587 459 721 502 virtus,
744 470 829 508 quae
848 469 918 493 nec
938 455 1048 509 eripi,
1070 469 1141 494 nec
1161 455 1298 509 surripi
1330 455 1452 509 potest
1478 469 1678 508 unquam5
1708 467 1836 508 neque

430 525 642 577 naufragio,
663 536 789 575 neque
808 522 990 561 incendio
1008 522 1202 560 amittitur
1213 540 1224 567 5
1247 535 1318 560 nec
1335 521 1622 574 tempestatum,
1640 535 1711 560 nec
1732 531 1834 560 tem-

428 605 583 645 porum,
615 588 899 643 permutatione
930 589 1129 627 mutatur?
1161 601 1238 640 qua
1268 587 1416 641 praediti
1437 587 1505 640 qui
1526 587 1627 632 sunt,
1659 587 1729 626 soli
1748 586 1837 626 sunt

429 658 579 696 divites.
626 655 705 694 Soli
724 655 830 693 enim
860 654 1049 708 poffident
1079 668 1134 693 res
1169 664 1207 693 et
1231 653 1455 698 fruetuosas,
1486 663 1524 692 et
1556 653 1804 707 sempiternas
1820 671 1834 698 ς

429 724 575 776 solique
597 722 722 775 (quod
740 721 793 760 est
812 722 1014 775 proprium
1034 721 1275 772 divitiarum)
1305 720 1478 759 contenti
1499 719 1587 758 sunt
1606 720 1718 758 rebus
1743 719 1834 757 suis.

432 790 527 829 Satis
547 789 619 828 effe
638 796 790 842 putant,
812 788 917 840 quod
937 787 989 825 est
1005 805 1017 832 3
1048 785 1148 825 nihil
1169 795 1368 839 appetunt,
1389 786 1496 824 nulla
1515 799 1554 824 re
1574 794 1702 838 egent,
1734 784 1838 824 nihil

429 856 500 895 fibi
535 854 654 894 deeffe
685 853 868 897 sentiunt,
900 851 1000 890 nihil
1031 853 1247 904 requirunt.
1290 851 1467 904 Improbi
1485 861 1628 897 autem,
1656 861 1694 890 et
1719 851 1836 897 avari,

429 923 615 975 quoniam
635 920 814 963 incertas,
846 927 961 971 atque
991 918 1031 955 in
1052 916 1136 955 casu
1155 917 1293 970 pofitas
1322 915 1480 961 habent,
1511 925 1550 954 et
1569 917 1657 969 plus
1688 916 1839 970 semper

429 995 629 1040 appetunt,
666 997 736 1023 nec
767 997 901 1022 eorum
922 983 1128 1036 quisquam
1159 983 1285 1021 adhuc
1315 982 1494 1021 inventus
1521 981 1587 1028 est,
1619 981 1698 1026 cui,
1729 981 1838 1034 quod.

429 1053 600 1098 haberet,
628 1051 717 1090 effet
735 1050 821 1090 satis
838 1069 850 1096 3
882 1064 960 1090 non
981 1049 1099 1089 modo
1125 1063 1203 1088 non
1223 1049 1366 1104 copiofi
1386 1062 1430 1088 ac
1450 1048 1603 1094 divites,
1635 1047 1700 1086 sed
1719 1047 1837 1086 etiam

430 1121 562 1172 inopes
582 1133 625 1158 ac
645 1131 844 1172 pauperes,
864 1117 1109 1157 existimandi
1125 1116 1225 1156 sunt.
