2223 3003
492 187 569 239 362
929 181 1449 223 PARADoxA.

486 289 563 326 vita
582 287 769 329 violanda,
806 283 929 322 multa
959 290 1182 334 peccantur.
1213 281 1391 319 violatur
1421 279 1468 324 is,
1490 279 1559 332 qui
1579 281 1813 332 procreavit;
1843 281 1910 326 is,‘

486 355 554 407 qui
575 355 696 397 aluit;
728 353 774 396 is,
805 350 873 402 qui
893 349 1087 393 erudivit;
1119 349 1166 393 is,
1202 348 1271 400 qui
1305 348 1345 386 in
1366 346 1450 385 sede
1476 359 1519 385 ac
1539 345 1673 391 domo,
1705 354 1820 398 atque
1850 347 1896 387 in.

485 420 683 473 republica
712 417 942 455 collocavit:
989 414 1244 454 multitudine
1278 423 1527 468 peccatorum
1560 412 1709 466 praestat
1724 441 1736 458 ‚
1769 424 1897 465 eoque

484 499 598 538 poena
618 485 760 536 majore
780 483 919 535 dignus
940 482 1006 521 est.
1026 482 1097 521 Sed
1117 495 1187 520 nos
1207 481 1247 520 in
1268 481 1358 526 vita,
1378 494 1454 520 non
1471 494 1556 533 quae
1574 479 1716 532 cuique
1736 487 1897 532 peccato

484 564 598 603 poena
615 550 672 594 fit,
701 549 762 587 sed
782 558 974 602 quantum
999 548 1141 601 cuique
1168 548 1295 593 liceat,
1326 547 1490 600 speetare
1509 546 1711 584 debemus.
1760 543 1893 596 Qid-

485 617 580 670 quid
602 630 678 655 non
709 625 877 669 oportet,
903 615 1023 654 scelus
1043 615 1115 653 effe
1130 634 1142 661 3
1174 614 1367 668 quidquid
1396 627 1475 652 non
1496 613 1601 659 licet,
1633 611 1738 651 nefas
1759 619 1898 665 putare

485 683 686 721 debemus.
718 683 900 721 Etiamne
918 682 958 720 in
980 682 1156 720 minimis
1173 682 1316 721 rebus?
1347 680 1504 721 Etiam:
1538 680 1564 719 fi
1583 678 1744 732 quidem
1765 689 1897 715 rerum

485 750 649 789 modum
669 749 813 803 fingere
834 763 912 788 non
932 748 1145 803 possumus,
1177 749 1398 788 animorum
1419 747 1582 787 modum
1615 756 1743 785 tenere
1762 743 1897 798 poffu·

486 831 588 855 mus.
621 816 785 861 Histrio,
808 815 835 854 fi
856 816 1017 868 paulum
1039 815 1074 853 se
1094 816 1219 854 movit
1237 824 1345 854 extra
1362 827 1591 859 numerum,
1618 822 1683 852 aut
1708 812 1735 851 fi
1765 809 1894 849 versus

483 883 755 937 pronuntiatus
775 881 827 920 est
846 881 989 933 syllaba
1014 881 1090 919 unit
1110 881 1274 926 brevior,
1308 889 1374 919 aut
1402 880 1570 933 longior,
1603 878 1825 919 exsibilatur
1854 886 1896 915 et

484 949 729 1001 exploditur:
763 957 804 986 tu
826 948 866 986 in
886 948 978 993 vita,
1010 961 1096 1001 quae
1115 947 1226 986 omni
1242 947 1352 1000 gestu
1369 946 1616 991 moderatior,
1645 946 1755 984 omni
1785 943 1894 983 versu

483 1016 607 1068 aptior
625 1014 697 1054 esse
717 1015 845 1060 debet,
867 1024 911 1053 ut
931 1015 971 1053 in
989 1014 1129 1066 syllaba
1148 1024 1185 1053 te
1204 1011 1364 1068 peccare
1380 1013 1511 1052 dices?
1543 1014 1704 1052 Poetam
1724 1024 1803 1050 non
1821 1023 1893 1048 au-

484 1081 548 1119 dio
578 1082 617 1119 in
649 1082 762 1135 nugis
779 1100 790 1126 3
823 1081 863 1118 in
897 1081 985 1120 vitae
1005 1081 1182 1120 societate
1214 1081 1368 1119 audiam
1399 1080 1541 1125 civem,
1575 1078 1708 1132 digitis
1741 1086 1897 1131 peccata

483 1148 755 1196 dimetientem
776 1147 870 1186 sua?
903 1147 941 1185 Si
972 1146 1048 1185 visa
1066 1147 1139 1187 sint
1169 1146 1356 1191 breviora,
1391 1146 1532 1185 leviora
1551 1145 1764 1184 videantur.
1810 1143 1894 1194 Qi

484 1213 623 1267 poffint
654 1215 788 1260 videri,
821 1228 915 1252 cum
949 1213 1141 1267 quidquid
1170 1223 1365 1267 peccatur,
1398 1213 1684 1266 perturbatione
1713 1219 1898 1264 peccetur

484 1281 639 1318 rationis
660 1291 773 1333 atque
793 1281 938 1319 ordinis
957 1281 970 1318 ?
992 1280 1212 1334 perturbata
1232 1289 1362 1319 autem
1383 1279 1499 1318 semel
1521 1279 1666 1318 ratione
1684 1286 1723 1316 et
1742 1276 1893 1322 ordine,

484 1345 583 1384 nihil
603 1347 714 1398 poffit
730 1347 831 1392 addi,
853 1360 934 1399 quo
952 1347 1074 1399 magis
1093 1346 1242 1400 peccari
1259 1346 1361 1400 posse
1381 1346 1566 1385 videatur.

906 1516 1324 1555 PARAnoxou
1388 1516 1465 1554 IV.

942 1624 1014 1662 Ὀτι
1032 1623 1113 1665 παῖς
1133 1622 1243 1676 ἄφρων
1260 1621 1423 1675 pedm-us.

923 1688 1071 1728 Omnem
1076 1687 1232 1741 stultum
1251 1688 1418 1743 thsimire.

484 1827 612 1899 Eoo
649 1825 762 1851 vERo
792 1821 828 1851 te
849 1825 926 1850 non
946 1812 1124 1859 stultum,
1147 1821 1190 1851 ut
1210 1812 1329 1866 saepe;
1362 1826 1438 1851 non
1461 1811 1703 1865 improbum,
1725 1818 1770 1848 ut
1789 1809 1893 1848 sem-

571 1892 661 1931 per;
705 1879 767 1917 sed
798 1879 1020 1916 dementem
1046 1888 1084 1916 et
1120 1877 1299 1916 insanum
1333 1879 1446 1917 rebus
1475 1878 1628 1916 vincam
1663 1876 1890 1916 neceffariis.

481 1945 668 1999 Sapientis
689 1945 841 1983 animus
863 1943 1131 1997 magnitudine
1160 1944 1323 1989 consilii,
1355 1944 1555 1982 tolerantia
1586 1957 1714 1981 rerum
1745 1941 1889 1980 huma-

481 2027 632 2057 narum,
668 2011 960 2065 contemptione
991 2009 1157 2050 fortunae
1176 2040 1186 2056 ‚
1222 2011 1430 2050 virtutibus
1477 2011 1646 2064 denique
1688 2009 1890 2054 omnibus,

481 2091 523 2118 ut
544 2079 756 2124 moenibus,
788 2078 929 2132 septus,
951 2078 1127 2117 vincetur
1158 2088 1196 2116 et
1226 2078 1528 2132 expugnabitur,
1564 2078 1632 2131 qui
1665 2091 1710 2115 ne
1736 2077 1893 2115 civitate

481 2146 637 2199 quidem
675 2144 766 2198 pelli
795 2143 947 2197 potest?
979 2144 1078 2195 Qae
1098 2143 1151 2182 est
1180 2144 1287 2182 enim
1307 2145 1473 2183 civitas?
1507 2143 1698 2182 omnisne
1718 2156 1889 2181 conven-

481 2223 541 2251 tus
561 2213 677 2250 etiam
698 2211 869 2250 ferorum
889 2219 927 2249 et
947 2210 1184 2249 immanium
1202 2211 1215 2247 ?
1237 2211 1412 2249 omnisne
1432 2211 1549 2249 etiam
1570 2209 1825 2263 fugitivorum
1846 2222 1889 2247 ac

481 2281 674 2318 latronum
695 2288 925 2332 congregata
945 2291 1068 2317 unum
1090 2278 1130 2316 in
1151 2277 1283 2317 locum
1304 2278 1517 2317 multitudo
1536 2279 1548 2315 ?
1581 2280 1695 2317 Certe
1716 2277 1886 2330 negabis.

481 2347 574 2385 Non
597 2347 715 2399 igitur
735 2356 812 2384 erat
833 2346 899 2383 illa
919 2355 1003 2383 tum
1026 2346 1174 2391 civitas,
1207 2359 1300 2384 cum
1322 2345 1423 2399 leges
1445 2345 1483 2383 in
1504 2358 1546 2383 ea
1566 2343 1663 2382 nihil
1686 2344 1886 2388 wilelmum

479 2426 571 2451 cum
599 2412 747 2465 judicia
771 2412 975 2464 jacebant;
1009 2426 1100 2450 cum
1124 2425 1207 2450 mos
1232 2411 1376 2465 patrius
1397 2410 1616 2455 occiderat;
1648 2424 1755 2454 cum,
1790 2409 1889 2448 ferro

481 2479 595 2532 pulsis
617 2478 912 2532 magistratibuS,
947 2478 1093 2517 senatus
1120 2492 1262 2517 nomen
1287 2479 1326 2516 in
1349 2478 1543 2531 republica
1563 2491 1638 2515 non
1659 2488 1749 2515 crat.
1787 2478 1889 2515 l’rac-

480 2547 626 2585 donum
649 2546 711 2584 illc
729 2545 949 2591 concursus,
967 2555 1003 2584 ct
1026 2556 1061 2584 tc
1082 2545 1178 2584 duce
1199 2545 1445 2584 latrocinium
1464 2545 1501 2582 in
1518 2543 1601 2583 soro
1617 2544 1886 2587 constitutum,
