2223 3003
488 267 566 321 396
788 262 1587 304 PHILOSOPHICORUM

485 366 643 417 quidem
667 364 761 401 bene
781 361 929 399 meritis
960 360 1007 399 de
1026 361 1147 414 patria
1165 360 1269 413 quasi
1289 360 1402 399 limes
1431 359 1478 398 ad
1498 359 1582 398 caeli
1601 358 1750 399 aditum
1770 369 1890 414 patet,

485 441 708 482 quanquam
742 441 762 464 a
792 426 955 480 pueritia
986 427 1153 479 vestigiis
1183 426 1366 479 ingressus
1397 427 1544 480 patriis,
1573 435 1611 464 et
1641 426 1733 472 tuiS,
1763 427 1894 466 decori

485 494 605 532 vestro
625 506 702 531 non
721 491 828 530 defui
844 511 855 537 ς
888 506 992 531 nunc
1023 501 1169 537 tamen,
1202 501 1309 532 tanto
1339 493 1499 546 praemio
1532 491 1739 546 propofito,
1769 492 1893 531 enitar

484 558 612 597 multo
631 557 870 610 vigilantius.
913 558 967 596 Et
986 557 1067 603 ille,
1102 559 1170 596 Tu
1195 571 1284 596 vero
1310 559 1468 603 enitere,
1496 567 1535 596 et
1554 557 1604 596 fic
1623 555 1780 602 habeto,
1812 569 1892 595 non

482 623 554 662 esse
575 633 612 662 te
632 624 852 670 mortalem,
872 623 934 663 sed
953 637 1091 677 corpus
1112 623 1211 663 hoc:
1235 638 1306 663 nec
1321 625 1426 663 enim
1449 633 1490 663 tu
1512 625 1543 663 is
1562 637 1616 669 es,
1629 636 1748 676 quem
1765 621 1894 662 forma

483 689 551 728 ista
570 689 736 728 declarat
750 707 762 735 5
794 689 857 727 sed
879 703 989 728 mens
1009 689 1208 743 cujusque,
1241 691 1272 729 is
1299 690 1352 729 est
1372 690 1561 743 quisque5
1593 703 1671 728 non
1692 701 1735 727 ea
1753 687 1891 742 figura,

482 769 569 808 quae
587 755 714 808 digito
733 755 981 794 demonstrari
1003 756 1139 809 potest.
1171 757 1304 795 Deum
1325 765 1362 794 te
1381 756 1502 810 igitur
1521 756 1617 795 scito
1635 755 1706 795 esse
1724 769 1733 794 ε
1757 754 1784 793 fi
1800 753 1892 807 qui-

483 821 573 860 dem
595 822 702 860 Deus
722 820 789 866 est,
811 821 880 872 qui
899 821 1018 873 viget,
1050 821 1119 873 qui
1137 821 1266 866 sentit,
1294 822 1362 874 qui
1382 822 1579 867 meminit,
1610 822 1679 875 qui
1698 820 1892 874 providet,

482 887 552 939 qui
573 896 653 925 tam
674 886 786 939 regit,
819 894 856 924 et
875 886 1109 931 moderatur,
1135 895 1175 924 et
1194 896 1326 925 movet
1344 887 1385 925 id
1404 900 1559 940 corpus,
1585 888 1650 926 cui
1669 885 1893 941 praepositus

480 953 547 998 est,
569 966 687 1005 quam
707 951 815 991 hunc
834 953 1030 992 mundum
1049 953 1229 1007 princeps
1248 953 1315 992 ille
1335 954 1444 993 Deus
1462 969 1471 992 :
1502 963 1541 992 et
1560 962 1604 992 ut
1624 953 1820 991 mundum
1843 965 1893 992 ex

480 1019 648 1072 quadam
681 1028 788 1073 parte
817 1019 1022 1058 mortalem
1055 1019 1134 1073 ipse
1154 1021 1262 1059 Deus
1293 1030 1469 1066 aeternus,
1499 1020 1551 1060 fic
1583 1018 1720 1073 fragile
1751 1031 1892 1072 corpus

481 1086 633 1125 animus
653 1086 921 1139 sempiternus,
943 1096 1088 1126 movet.
1136 1087 1244 1126 Nam
1263 1087 1370 1140 quod
1390 1087 1538 1141 semper
1557 1096 1749 1132 movetur,
1780 1094 1892 1125 aeter-

480 1166 578 1191 num
599 1152 652 1190 est
669 1167 678 1191 z
709 1152 816 1205 quod
836 1161 966 1191 autem
987 1162 1143 1192 motum
1162 1152 1271 1192 affert
1290 1153 1420 1200 alicui,
1449 1153 1633 1206 quodque
1658 1152 1786 1207 ipsum
1806 1151 1892 1205 agi-

480 1228 582 1256 tatur
601 1219 756 1257 aliunde
769 1238 781 1264 5
813 1220 967 1272 quando
986 1219 1106 1258 finem
1136 1218 1254 1258 habet
1273 1229 1417 1266 motus,
1440 1221 1594 1259 vivendi
1614 1219 1733 1259 finem
1752 1217 1891 1257 habeat

477 1284 622 1322 necesse
641 1284 708 1324 est.
755 1285 892 1324 Solum
921 1286 1055 1338 igitur,
1085 1286 1192 1338 quod
1211 1286 1284 1325 sese
1310 1296 1454 1332 movet,
1476 1287 1566 1339 quia
1586 1297 1787 1339 nunquam
1818 1284 1889 1322 de-

480 1349 614 1388 seritur
644 1364 665 1388 a
695 1351 745 1396 se,
779 1364 979 1404 nunquam
1012 1365 1059 1390 ne
1094 1353 1242 1391 moveri
1272 1353 1432 1406 quidem
1459 1353 1622 1392 definit:
1655 1352 1751 1405 quin
1771 1350 1890 1389 etiam

445 1463 448 1466 ἢ
480 1417 639 1461 caeteris,
674 1431 759 1469 quae
780 1427 998 1463 moventur,
1025 1417 1092 1456 hic
1112 1417 1214 1464 fons,
1246 1418 1323 1458 hoc
1348 1420 1587 1473 principium
1607 1419 1661 1457 est
1691 1417 1888 1457 movendi.

479 1482 678 1534 Principio
697 1491 828 1521 autem
847 1482 955 1521 nulla
973 1482 1027 1520 est
1045 1483 1154 1536 origo
1169 1502 1181 1528 ς
1213 1497 1304 1522 nam
1324 1498 1371 1522 ex
1390 1485 1584 1537 principio
1603 1484 1780 1522 oriuntur
1799 1497 1889 1522 om-

477 1547 541 1586 nia
558 1562 567 1585 ;
590 1547 718 1601 ipsum
738 1556 868 1586 autem
888 1547 995 1586 nulla
1008 1561 1056 1587 ex
1076 1561 1117 1587 re
1137 1548 1210 1587 alia
1227 1549 1329 1588 nasci
1348 1549 1473 1602 potest
1487 1568 1499 1595 3
1522 1563 1592 1589 nec
1612 1549 1718 1588 enim
1739 1549 1779 1587 id
1799 1548 1890 1587 effet

477 1613 732 1667 principium,
759 1614 868 1666 quod
896 1614 1118 1667 gigneretur
1137 1614 1304 1655 aliunde.
1337 1616 1458 1668 Qod
1478 1616 1504 1654 fi
1529 1629 1729 1668 nunquam
1750 1615 1887 1659 oritur,

480 1693 525 1717 ne
555 1679 700 1718 occidit
734 1679 897 1732 quidem
931 1694 1133 1734 unquam:
1165 1695 1256 1720 nam
1287 1682 1526 1736 principium
1554 1683 1786 1726 extinctum,
1818 1694 1887 1719 nec

477 1745 604 1798 ipsum
625 1747 673 1785 ab
693 1745 768 1785 alio
789 1745 1013 1793 renascetur,
1043 1760 1114 1786 nec
1139 1761 1187 1787 ex
1207 1748 1242 1787 se
1263 1749 1367 1787 aliud
1388 1749 1556 1794 creabit;
1588 1749 1615 1787 fi
1635 1748 1795 1801 quidem
1816 1761 1886 1787 ne-

477 1810 572 1849 cess‘e
599 1811 652 1849 est
682 1825 703 1849 a
721 1812 917 1865 principio
935 1813 1026 1852 oriri
1046 1815 1191 1853 omnia.
1254 1816 1311 1854 Ita
1342 1815 1400 1860 fit,
1435 1824 1478 1854 ut
1499 1814 1629 1854 motfis
1649 1814 1889 1868 principium

476 1889 523 1915 ex
543 1890 590 1915 co
609 1877 668 1921 fit,
689 1878 794 1929 quod
814 1878 942 1930 ipsum
972 1892 993 1916 a
1012 1878 1048 1916 se
1075 1889 1253 1918 movetur
1271 1896 1280 1918 :
1312 1881 1352 1918 id
1382 1890 1511 1920 autem
1538 1895 1609 1920 nec
1630 1881 1729 1919 nasci
1750 1880 1887 1932 potest,

478 1956 549 1981 nec
570 1943 669 1981 mori
681 1960 694 1988 ς
725 1942 784 1981 vel
805 1943 985 1982 concidat
1006 1956 1124 1983 omne
1144 1945 1297 1990 caelum,
1328 1946 1531 1999 omnisque
1551 1955 1698 1989 natura,
1729 1954 1768 1982 et
1788 1957 1886 1983 con-

478 2008 575 2047 sistat
595 2007 736 2047 neceffe
756 2008 823 2054 est,
845 2022 914 2048 nec
935 2010 1015 2048 vim
1039 2009 1158 2049 ullam
1180 2011 1431 2058 nanciscatur,
1459 2012 1550 2066 quai,
1580 2022 1623 2051 ut
1642 2010 1786 2065 primo,
1807 2011 1887 2050 im-

479 2074 584 2127 pulsa
604 2082 815 2113 moveatur.

535 2142 606 2180 IX.
640 2142 745 2180 Cum
765 2149 891 2194 pateat
916 2141 1049 2194 igitur,
1085 2151 1271 2182 aeternum
1302 2144 1342 2182 id
1361 2144 1433 2183 effe
1453 2145 1558 2197 quod
1586 2157 1606 2182 a
1636 2144 1671 2183 se
1696 2144 1776 2198 ipso
1797 2158 1886 2183 mo-

478 2216 621 2252 veatur,
643 2208 729 2260 quis
749 2207 816 2252 est,
853 2208 922 2261 qui
942 2207 1042 2246 hanc
1073 2217 1248 2248 naturam
1269 2210 1408 2249 animis
1428 2210 1501 2249 ess'e
1521 2211 1706 2250 tributam
1739 2220 1851 2263 neget
1871 2211 1884 2247 ?

483 2273 703 2312 Inanimum
725 2274 777 2312 est
807 2275 913 2312 enim
933 2288 1065 2321 omne,
1100 2276 1206 2328 quod
1226 2277 1338 2330 pulsu
1366 2279 1531 2330 agitatur
1559 2287 1746 2316 externo:
1779 2277 1885 2328 quod

478 2349 604 2377 autem
627 2339 767 2378 animal
787 2339 854 2385 cst,
877 2340 916 2378 id
946 2351 1055 2380 motu
1075 2342 1198 2381 cietur
1217 2343 1410 2388 interiore,
1437 2352 1474 2382 et
1496 2343 1560 2381 suo
1579 2358 1586 2381 :
1621 2356 1709 2381 nam
1732 2341 1812 2380 hacc
1833 2342 1886 2380 est.

479 2414 610 2444 natura
639 2406 788 2459 propria
809 2407 959 2452 animm,
990 2417 1104 2461 atque
1136 2409 1205 2447 vis.
1253 2409 1365 2460 Qae,
1400 2409 1424 2448 fi
1444 2409 1496 2448 cst
1524 2423 1598 2448 una
1617 2423 1663 2448 ex
1684 2409 1883 2453 omnibus,

479 2486 562 2523 qum
584 2472 655 2510 sese
679 2484 843 2518 moveat,
876 2488 1000 2527 neque
1033 2484 1118 2513 nata
1153 2475 1204 2513 est
1224 2485 1339 2521 certe,
1374 2486 1411 2515 ct
1432 2485 1567 2515 :eterna
1586 2477 1651 2515 est.
1696 2476 1809 2515 Hanc
1841 2485 1884 2514 tu

478 2552 610 2577 exerce
641 2540 681 2578 in
712 2540 873 2593 optimis
906 2541 1032 2581 rebus.
1080 2543 1177 2581 Sunt
1207 2551 1335 2581 autem
1370 2543 1527 2597 optima*
1547 2557 1662 2589 curae,
1689 2543 1736 2582 de
1766 2541 1883 2581 salute
