2223 3003
710 251 1312 296 FRAGMENTA.
1632 273 1713 316 407

673 422 769 462 DE
832 419 1345 462 VIRTUTIBUS.

315 524 478 566 Cnms.
498 523 560 566 lib.
588 538 602 566 1
616 523 672 578 1.]
701 522 805 564 Illud
823 522 1052 577 neutiquam
1070 522 1264 578 probares.

670 692 1308 733 CHOROGRAPHIA.

315 805 466 844 PR1sc.
486 802 549 842 lib.
572 803 652 858 v1.]
684 803 746 842 Ibi
766 815 997 856 quercorum
1023 801 1120 840 rami
1150 801 1198 840 ad
1224 811 1363 842 terram
1376 803 1521 856 jacent,
1555 813 1597 843 ut
1617 803 1710 849 sues,

373 867 477 922 quasi
495 881 616 922 caprae
634 881 684 907 ex
701 868 832 913 ramis,
861 867 1000 921 glande
1018 866 1233 921 pascantur.

598 1074 1200 1114 ACADEMICORUM
1242 1075 1362 1115 an.
1395 1076 1428 1114 1.

315 1171 432 1213 Nou.
450 1172 700 1228 nghdiar1·.]
732 1174 840 1227 Qid
871 1183 1000 1213 autem
1029 1174 1291 1215 stomachetur
1318 1175 1586 1223 Mnesarchus,
1621 1179 1716 1232 quid

369 1240 575 1293 Antipater
593 1241 824 1294 digladietur
844 1255 937 1280 cum
958 1243 1151 1282 Carneade
1170 1251 1229 1282 tot
1249 1243 1515 1283 voluminibus
1537 1245 1550 1282 ?

588 1369 1185 1432 ACADEMICORUM
1214 1372 1335 1411 L1B.
1368 1371 1422 1411 ΙΙ.

314 1469 434 1510 NON.
455 1469 703 1523 Adhamare]
744 1471 828 1522 Qi
847 1471 954 1508 enim
974 1470 1090 1509 serius
1121 1469 1286 1509 honores
1311 1470 1625 1518 adhamaverunt,
1652 1474 1718 1513 vix

367 1535 630 1575 admittuntur
648 1535 694 1574 ad
713 1548 792 1581 eos,
812 1549 883 1574 nec
904 1535 990 1574 satis
1009 1536 1275 1575 commendati
1300 1537 1546 1577 multitudini
1566 1539 1717 1592 poffunt

367 1601 454 1640 effe.

315 1667 435 1707 Non.
456 1667 678 1720 Exponere.]
709 1668 898 1720 Frangere
917 1667 1127 1714 avaritiam,
1143 1668 1280 1708 scelera
1297 1682 1452 1722 ponere,
1473 1670 1592 1709 vitam
1610 1669 1717 1709 suam

369 1745 559 1786 exponere
577 1733 625 1771 ad
644 1733 879 1772 imitandum
893 1733 1106 1786 juventuti.

315 1798 429 1838 NON.
451 1798 605 1852 Hebes.]
636 1798 775 1850 Qid?
806 1799 906 1837 lunae
925 1813 1010 1852 quae
1029 1799 1262 1838 lineamenta
1280 1799 1366 1845 lint,
1387 1799 1542 1853 potesne
1562 1800 1715 1839 dicere?

368 1878 439 1903 cur
470 1867 551 1917 ejus
583 1864 768 1904 nascentis
802 1864 891 1904 alias
924 1865 1133 1911 hebetiora,
1171 1864 1262 1903 alias
1296 1866 1484 1912 acutiora,
1518 1866 1717 1905 videantur

369 1944 514 1970 cornua
528 1932 542 1967 ?

314 1997 430 2038 Non.
451 1998 730 2052 Purpurastit.]
754 1998 891 2050 Qid?
912 2012 1017 2037 mare
1036 2010 1164 2037 nonne
1179 1998 1415 2037 caeruleum?
1442 2007 1479 2036 at
1499 1999 1579 2050 ejus
1602 1999 1716 2045 unda,

369 2076 462 2102 cum
480 2064 534 2103 est
562 2065 670 2117 pulsa
700 2065 830 2110 remis,
865 2065 1132 2118 purpurascit:
1163 2073 1201 2102 et
1232 2064 1393 2116 quidem
1423 2064 1521 2116 aqua
1551 2064 1718 2103 tinctum

369 2129 659 2182 quodammodo
678 2140 717 2169 et
736 2130 941 2169 infestum.

316 2195 434 2234 NON.
457 2195 634 2248 AEquor.]
667 2195 776 2246 Qid
796 2204 876 2233 tam
896 2195 1057 2247 planum
1076 2194 1242 2240 videtur,
1269 2208 1387 2247 quam
1405 2208 1508 2234 mare
1526 2196 1540 2233 ?
1571 2209 1619 2234 ex
1638 2209 1718 2249 quo

371 2261 488 2299 ctiam
507 2276 629 2315 aequor
647 2261 746 2300 illud
769 2270 889 2314 poetae
909 2271 1061 2299 vocant.

318 2327 437 2366 NON.
459 2327 685 2382 Alabaster.]
717 2328 873 2381 Qibus
893 2328 1009 2366 etiam
1026 2327 1203 2366 alabaster
1221 2327 1357 2382 plenus
1378 2328 1564 2382 unguenti
1584 2337 1718 2382 putere

372 2394 558 2433 videatur.

319 2457 438 2497 NON.
462 2461 633 2515 Siccum.]
668 2461 781 2499 Alius
816 2461 970 2506 adultis,
1002 2460 1096 2499 alius
1127 2460 1278 2501 senibus
1297 2475 1306 2500 ε
1337 2461 1433 2500 alius
1467 2461 1589 2515 aegris,
1621 2461 1715 2499 alius

374 2523 469 2564 sanis
487 2541 495 2565 :
527 2527 622 2566 alius
643 2527 763 2573 ficcis,
786 2527 880 2566 alius
902 2526 1120 2566 vinolentis.
