2223 3003
486 271 563 328 308
813 269 917 309 DE
975 266 1555 310 SENECTUTE.

481 371 684 425 postquam
706 366 851 408 Consul
877 365 1033 405 fuiffet:
1065 365 1129 405 sed
1162 367 1371 406 notandam
1402 368 1534 421 putavi
1555 366 1774 408 libidinem.
1818 371 1893 412 Ille

481 437 601 481 enim,
633 448 725 473 cum
752 433 842 472 effet
863 433 1008 472 Consul
1030 433 1071 473 in
1093 433 1236 480 Gallia,
1262 442 1439 473 exoratus
1459 435 1502 473 in
1521 435 1701 477 convivio
1726 448 1747 475 a
1765 434 1893 476 scorto

481 503 547 547 est,
570 511 612 540 ut
631 500 752 538 securi
770 498 901 538 feriret
919 499 1089 553 aliquem
1109 513 1259 546 eorum,
1290 501 1359 554 qui
1388 501 1430 541 in
1455 500 1621 540 vinculis
1641 500 1758 541 effent
1777 501 1892 541 darn-

480 568 561 606 nati
585 567 640 606 rei
660 565 848 620 capitalis.
886 566 984 612 Hic,
1013 567 1111 606 Tito
1129 565 1246 606 fratre
1265 566 1332 606 suo
1354 567 1535 613 Censore‚
1570 567 1658 621 (qui
1686 567 1893 621 proximus.

480 643 567 672 ante
602 647 666 673 me
694 632 834 686 fuerat)
871 633 1017 688 elapsus
1047 633 1125 674 est:
1163 633 1264 674 mihi
1295 648 1385 674 vero
1418 643 1456 673 et
1487 635 1630 674 Flacco
1659 634 1893 688 neutiquam

479 701 633 754 probari
652 700 782 754 potuit
803 709 883 740 tam
902 699 1088 754 flagitiosa
1105 710 1144 741 et
1164 709 1243 741 tam
1264 701 1412 755 perdita
1430 701 1568 748 libido,
1584 715 1669 756 quae
1684 715 1779 742 cum
1797 715 1894 756 pro-

480 768 550 807 bro
568 768 718 821 privato
738 758 992 820 conjungeret
1010 767 1167 821 imperii
1186 767 1365 808 dedecus.

534 835 651 873 XIII.
681 836 785 886 Saepe
804 833 933 871 audivi
953 847 974 871 a
992 833 1204 885 majoribus
1224 844 1332 880 natu,
1354 835 1423 887 qui
1442 834 1478 873 se
1497 848 1611 889 porro
1631 847 1769 889 pueros
1789 848 1811 874 a
1829 834 1891 874 se-

479 901 596 940 nibus
616 900 755 939 audiffe
774 899 968 944 dicebant,
990 899 1121 938 mirari
1141 899 1298 941 solitum
1319 902 1369 940 C.
1391 901 1631 948 Fabricium,
1652 902 1773 956 quod,
1794 915 1889 942 curn

479 966 580 1020 apud
611 978 740 1019 regem
775 964 970 1017 Pyrrhum
1000 964 1148 1019 legatus
1180 966 1283 1012 esset,
1314 966 1473 1006 audiffet
1506 981 1528 1006 a
1551 966 1733 1007 Theffalo
1753 969 1890 1014 Cinea,

478 1032 551 1071 esse
582 1031 778 1087 quendam
798 1030 982 1077 Athenis,
1014 1032 1083 1085 qui
1115 1032 1151 1071 se
1180 1032 1389 1087 sapientem
1420 1033 1690 1087 profiteretur3
1722 1047 1892 1088 eumque

478 1100 616 1145 dicere,
646 1099 793 1144 omnia,
828 1112 915 1151 quae
942 1098 1171 1145 faceremus,
1203 1100 1251 1139 ad
1284 1099 1526 1153 voluptatem
1559 1099 1632 1139 esse
1662 1099 1887 1140 referenda:

478 1167 584 1219 quod
614 1180 662 1206 ex
694 1180 740 1206 eo
770 1166 966 1206 audientes
986 1167 1063 1206 M'.
1087 1166 1254 1207 Curium
1287 1176 1326 1206 et
1355 1168 1409 1206 T.
1433 1167 1729 1207 Coruncanium
1758 1175 1892 1221 optare

479 1233 622 1278 solitos,
653 1242 696 1272 ut
727 1233 767 1271 id
801 1233 1054 1278 Samnitibus,
1096 1232 1243 1287 ipfique
1270 1232 1418 1285 Pyrrho
1451 1233 1736 1287 persuaderetur
1753 1252 1765 1278 3
1808 1246 1889 1286 quo

479 1298 631 1337 facilius
650 1299 754 1337 vinci
775 1298 936 1352 possent,
954 1312 1047 1338 cum
1062 1298 1099 1337 se
1117 1299 1383 1352 voluptatibus
1403 1299 1602 1338 dedissent.
1626 1300 1786 1338 Vixerat
1807 1299 1886 1337 Μ’.

480 1365 621 1403 Curius
643 1378 735 1403 cum
757 1365 801 1404 P.
825 1365 964 1411 Decio,
991 1365 1074 1418 qui,
1096 1365 1364 1418 quinquennio
1382 1376 1469 1405 ante
1488 1379 1580 1404 eum
1602 1365 1831 1410 Consulem,
1854 1365 1907 1403 se>

478 1445 547 1484 pro
580 1431 776 1484 republica
809 1441 946 1483 quarto
976 1431 1177 1470 consulatu
1207 1432 1421 1472 devoverat.
1454 1433 1579 1472 Norat
1612 1431 1779 1470 eundem
1812 1432 1890 1470 Fa-

479 1497 650 1541 bricius,
692 1505 802 1535 norat
830 1497 1126 1541 Coruncanius5
1177 1498 1245 1549 qui
1277 1512 1371 1536 cum
1402 1511 1450 1536 ex
1490 1498 1555 1536 sua
1584 1498 1691 1542 vita,
1722 1506 1810 1535 tum
1840 1510 1890 1535 ex

475 1564 570 1616 ejus,
602 1575 721 1615 quem
754 1562 856 1607 dico,
888 1563 934 1600 P.
958 1563 1073 1601 Decii
1102 1561 1217 1608 faCto‚
1244 1563 1473 1615 judicabant
1503 1563 1575 1602 effe
1608 1561 1782 1617 profecto
1814 1563 1888 1601 ali-

476 1629 572 1682 quid
605 1638 739 1667 natura
763 1627 976 1681 pulchrum
1002 1637 1118 1681 atque
1138 1629 1379 1682 praeclarum,
1416 1629 1523 1682 quod
1544 1629 1607 1668 sua
1627 1629 1760 1682 sponte
1780 1638 1889 1681 pete-

477 1704 593 1740 retur,
624 1694 821 1748 quodque,
843 1693 967 1748 spreta
984 1703 1023 1734 et
1042 1703 1265 1748 contempta
1286 1694 1496 1748 voluptate,
1517 1696 1693 1749 optimus
1723 1694 1889 1748 quisque

475 1762 708 1815 sequeretur.

531 1827 730 1880 Qorsum
760 1826 880 1879 igitur
912 1834 992 1866 tarn
1027 1827 1152 1867 multa
1184 1827 1231 1866 de
1261 1827 1491 1881 voluptate?
1534 1828 1626 1881 quia
1652 1841 1729 1866 non
1768 1827 1888 1867 modo

476 1893 706 1946 vituperatio
740 1892 861 1937 nulla,
892 1891 955 1930 sed
983 1893 1102 1931 etiam
1137 1893 1288 1931 summa
1318 1894 1414 1938 laus,
1446 1894 1648 1932 senectutis
1682 1894 1748 1939 est,
1779 1894 1886 1946 quod

475 1973 518 1997 ea
538 1959 751 2012 voluptates
772 1957 896 1997 nullas
927 1970 1158 2011 magnopere
1183 1958 1380 1997 desiderat.
1418 1960 1532 1997 Caret
1557 1959 1696 2012 epulis,
1726 1969 1885 1996 extruc-

476 2025 600 2078 tisque
634 2025 788 2070 mensis,
818 2034 857 2063 et
892 2022 1158 2077 frequentibus
1179 2025 1361 2077 poculis?
1393 2035 1494 2064 caret
1523 2039 1614 2078 ergo
1633 2025 1750 2063 etiam
1771 2025 1885 2063 vino-

475 2092 605 2136 lentia,
636 2101 674 2130 et
706 2091 909 2136 cruditate,
940 2100 979 2128 et
1010 2090 1225 2130 insomniis.
1285 2092 1358 2130 Sed
1391 2092 1416 2130 si
1443 2093 1590 2145 aliquid
1628 2092 1799 2130 dandum
1835 2091 1888 2130 cst

474 2159 677 2211 voluptati,
709 2157 893 2210 quoniam
914 2157 995 2209 ejus
1016 2157 1214 2195 blanditiis
1242 2171 1318 2196 non
1339 2157 1451 2196 facile
1470 2159 1702 2202 obsistimus,
1737 2158 1884 2209 (divine

474 2227 581 2264 enim
603 2225 714 2264 Plato
733 2226 841 2279 escam
860 2224 1033 2263 malorum
1053 2224 1293 2277 voluptatem
1316 2225 1495 2278 appellat,
1517 2225 1622 2278 quod
1644 2225 1687 2263 ea
1709 2224 1888 2263 videlicet

475 2291 653 2330 homines
688 2292 912 2344 capiantur,
950 2300 993 2329 ut
1026 2289 1144 2329 hamo
1178 2291 1322 2345 pisces)
1359 2305 1581 2344 quanquam
1619 2291 1884 2329 immoderatis

474 2358 598 2411 epulis
629 2366 753 2395 carcat
774 2357 957 2403 fenerans,
989 2357 1153 2396 modicis
1186 2367 1314 2396 tamen
1340 2358 1527 2395 conviviis
1548 2357 1723 2395 delectari
1747 2356 1885 2409 potest.

475 2427 524 2464 C.
549 2424 761 2468 Duillium,
786 2424 847 2462 M.
872 2423 1013 2468 filium,
1036 2424 1102 2476 qui
1136 2425 1273 2462 Poenos
1295 2423 1404 2461 classe
1426 2424 1575 2476 primus
1596 2423 1798 2465 devicerat,
1823 2436 1885 2460 re-

472 2493 658 2530 deuntem
679 2505 698 2529 a
718 2504 827 2529 coena
848 2490 973 2529 senem
996 2491 1090 2544 saepe
1109 2491 1287 2529 videbam
1319 2505 1439 2544 puer;
1472 2491 1728 2528 delectabatur
1748 2489 1885 2527 crebro

472 2558 595 2598 funali
615 2568 653 2596 et
675 2558 848 2602 tibicine,
877 2573 961 2610 qua:
983 2558 1065 2603 sibi,
1103 2558 1211 2598 nullo
1230 2558 1425 2612 exemplo,
1448 2559 1618 2611 privatus
1642 2556 1851 2610 sumpserat
1870 2570 1882 2596 ε

473 2635 626 2666 tantum
645 2625 809 2665 licentiae
830 2626 943 2666 dabat
962 2625 1098 2679 gloria.
