<?xml version="1.0" encoding="UTF-8"?>
<!DOCTYPE html PUBLIC "-//W3C//DTD XHTML 1.0 Transitional//EN"
    "http://www.w3.org/TR/xhtml1/DTD/xhtml1-transitional.dtd">
<html xmlns="http://www.w3.org/1999/xhtml" xml:lang="en" lang="en">
 <head>
  <title>
</title>
<meta http-equiv="Content-Type" content="text/html;charset=utf-8" />
  <meta name='ocr-system' content='tesseract 3.04.00' />
  <meta name='ocr-capabilities' content='ocr_page ocr_carea ocr_par ocr_line ocrx_word'/>
</head>
<body>
  <div class='ocr_page' id='page_1' title='image "./operacumindicibu03ciceuoft_0255.png"; bbox 0 0 2223 3003; ppageno 0'>
   <div class='ocr_carea' id='block_1_1' title="bbox 646 284 1766 338">
    <p class='ocr_par' dir='ltr' id='par_1_1' title="bbox 646 284 1766 338">
     <span class='ocr_line' id='line_1_1' title="bbox 646 284 1766 338; baseline -0.001 -13"><span class='ocrx_word' id='word_1_1' title='bbox 646 286 922 326; x_wconf 90' lang='lat' dir='ltr'>LIBER</span> <span class='ocrx_word' id='word_1_2' title='bbox 994 284 1491 324; x_wconf 91' lang='lat' dir='ltr'><strong>SECUNDUS.</strong></span> <span class='ocrx_word' id='word_1_3' title='bbox 1691 298 1766 338; x_wconf 80' lang='lat'>249</span> 
     </span>
    </p>
   </div>
   <div class='ocr_carea' id='block_1_2' title="bbox 371 381 1790 2538">
    <p class='ocr_par' dir='ltr' id='par_1_2' title="bbox 371 381 1783 1752">
     <span class='ocr_line' id='line_1_2' title="bbox 371 381 1768 437; baseline -0.001 -16"><span class='ocrx_word' id='word_1_4' title='bbox 371 384 536 429; x_wconf 87' lang='lat' dir='ltr'>videtur,</span> <span class='ocrx_word' id='word_1_5' title='bbox 567 383 607 422; x_wconf 92' lang='lat' dir='ltr'>in</span> <span class='ocrx_word' id='word_1_6' title='bbox 627 397 717 422; x_wconf 91' lang='lat' dir='ltr'>eum</span> <span class='ocrx_word' id='word_1_7' title='bbox 737 383 815 423; x_wconf 89' lang='lat' dir='ltr'>fere</span> <span class='ocrx_word' id='word_1_8' title='bbox 834 385 886 423; x_wconf 91' lang='lat' dir='ltr'>est</span> <span class='ocrx_word' id='word_1_9' title='bbox 904 384 1079 423; x_wconf 90' lang='lat' dir='ltr'>voluntas</span> <span class='ocrx_word' id='word_1_10' title='bbox 1100 384 1222 423; x_wconf 88' lang='lat' dir='ltr'>nostra</span> <span class='ocrx_word' id='word_1_11' title='bbox 1240 384 1471 437; x_wconf 90' lang='lat' dir='ltr'>propenfior.</span> <span class='ocrx_word' id='word_1_12' title='bbox 1504 381 1573 421; x_wconf 91' lang='lat' dir='ltr'>Sed</span> <span class='ocrx_word' id='word_1_13' title='bbox 1594 382 1768 421; x_wconf 82' lang='lat' dir='ltr'>animad-</span> 
     </span>
     <span class='ocr_line' id='line_1_3' title="bbox 373 449 1770 503; baseline -0.001 -16"><span class='ocrx_word' id='word_1_14' title='bbox 373 450 602 488; x_wconf 89' lang='lat' dir='ltr'>vertendum</span> <span class='ocrx_word' id='word_1_15' title='bbox 622 451 675 488; x_wconf 88' lang='lat' dir='ltr'>est</span> <span class='ocrx_word' id='word_1_16' title='bbox 694 451 932 503; x_wconf 89' lang='lat' dir='ltr'>diligentius,</span> <span class='ocrx_word' id='word_1_17' title='bbox 949 464 1033 502; x_wconf 87' lang='lat' dir='ltr'>quae</span> <span class='ocrx_word' id='word_1_18' title='bbox 1054 460 1185 488; x_wconf 88' lang='lat' dir='ltr'>natura</span> <span class='ocrx_word' id='word_1_19' title='bbox 1206 464 1333 489; x_wconf 87' lang='lat' dir='ltr'>rerum</span> <span class='ocrx_word' id='word_1_20' title='bbox 1353 451 1398 489; x_wconf 85' lang='lat' dir='ltr'>fit</span> <span class='ocrx_word' id='word_1_21' title='bbox 1415 465 1424 489; x_wconf 80' lang='lat' dir='ltr'><strong><em>z</em></strong></span> <span class='ocrx_word' id='word_1_22' title='bbox 1457 449 1642 488; x_wconf 88' lang='lat' dir='ltr'>nimirum</span> <span class='ocrx_word' id='word_1_23' title='bbox 1662 449 1770 487; x_wconf 89' lang='lat' dir='ltr'>enim</span> 
     </span>
     <span class='ocr_line' id='line_1_4' title="bbox 374 514 1769 569; baseline -0.001 -15"><span class='ocrx_word' id='word_1_24' title='bbox 374 515 485 568; x_wconf 86' lang='lat' dir='ltr'>inops</span> <span class='ocrx_word' id='word_1_25' title='bbox 507 517 586 561; x_wconf 87' lang='lat' dir='ltr'>ille,</span> <span class='ocrx_word' id='word_1_26' title='bbox 622 517 648 554; x_wconf 87' lang='lat' dir='ltr'>fi</span> <span class='ocrx_word' id='word_1_27' title='bbox 669 517 792 554; x_wconf 92' lang='lat' dir='ltr'>bonus</span> <span class='ocrx_word' id='word_1_28' title='bbox 822 516 875 553; x_wconf 92' lang='lat' dir='ltr'>est</span> <span class='ocrx_word' id='word_1_29' title='bbox 905 517 975 560; x_wconf 92' lang='lat' dir='ltr'>vir,</span> <span class='ocrx_word' id='word_1_30' title='bbox 1007 516 1123 554; x_wconf 88' lang='lat' dir='ltr'>etiam</span> <span class='ocrx_word' id='word_1_31' title='bbox 1145 516 1170 553; x_wconf 92' lang='lat' dir='ltr'>s1</span> <span class='ocrx_word' id='word_1_32' title='bbox 1201 516 1335 554; x_wconf 89' lang='lat' dir='ltr'>referre</span> <span class='ocrx_word' id='word_1_33' title='bbox 1354 518 1516 569; x_wconf 86' lang='lat' dir='ltr'>gratiam</span> <span class='ocrx_word' id='word_1_34' title='bbox 1536 529 1613 554; x_wconf 86' lang='lat' dir='ltr'>non</span> <span class='ocrx_word' id='word_1_35' title='bbox 1633 514 1769 568; x_wconf 90' lang='lat' dir='ltr'>potest,</span> 
     </span>
     <span class='ocr_line' id='line_1_5' title="bbox 372 579 1772 634; baseline 0.001 -16"><span class='ocrx_word' id='word_1_36' title='bbox 372 579 513 620; x_wconf 81' lang='lat' dir='ltr'>habere</span> <span class='ocrx_word' id='word_1_37' title='bbox 532 591 633 620; x_wconf 88' lang='lat' dir='ltr'>certe</span> <span class='ocrx_word' id='word_1_38' title='bbox 652 580 786 634; x_wconf 89' lang='lat' dir='ltr'>potest.</span> <span class='ocrx_word' id='word_1_39' title='bbox 819 581 1038 619; x_wconf 89' lang='lat' dir='ltr'>Commode</span> <span class='ocrx_word' id='word_1_40' title='bbox 1058 590 1200 626; x_wconf 89' lang='lat' dir='ltr'>autem,</span> <span class='ocrx_word' id='word_1_41' title='bbox 1217 582 1441 634; x_wconf 88' lang='lat' dir='ltr'>quicunque</span> <span class='ocrx_word' id='word_1_42' title='bbox 1460 582 1573 627; x_wconf 88' lang='lat' dir='ltr'>dixit,</span> <span class='ocrx_word' id='word_1_43' title='bbox 1585 581 1772 634; x_wconf 78' lang='lat' dir='ltr'>pecuniam</span> 
     </span>
     <span class='ocr_line' id='line_1_6' title="bbox 375 644 1771 699; baseline 0 -14"><span class='ocrx_word' id='word_1_44' title='bbox 375 647 439 699; x_wconf 83' lang='lat' dir='ltr'>qui</span> <span class='ocrx_word' id='word_1_45' title='bbox 454 647 597 690; x_wconf 83' lang='lat' dir='ltr'>habeat,</span> <span class='ocrx_word' id='word_1_46' title='bbox 627 660 696 683; x_wconf 86' lang='lat' dir='ltr'>non</span> <span class='ocrx_word' id='word_1_47' title='bbox 714 644 889 698; x_wconf 72' lang='lat' dir='ltr'>reddidtffi&#39;</span> <span class='ocrx_word' id='word_1_48' title='bbox 905 663 916 689; x_wconf 68' lang='grc' dir='ltr'>ς</span> <span class='ocrx_word' id='word_1_49' title='bbox 948 646 1012 698; x_wconf 86' lang='lat' dir='ltr'>qui</span> <span class='ocrx_word' id='word_1_50' title='bbox 1027 645 1232 689; x_wconf 78' lang='lat' dir='ltr'>reddiderit,</span> <span class='ocrx_word' id='word_1_51' title='bbox 1254 660 1320 683; x_wconf 86' lang='lat' dir='ltr'>non</span> <span class='ocrx_word' id='word_1_52' title='bbox 1340 646 1492 685; x_wconf 79' lang='lat' dir='ltr'>habere:</span> <span class='ocrx_word' id='word_1_53' title='bbox 1518 648 1682 699; x_wconf 74' lang='lat' dir='ltr'>gratiam</span> <span class='ocrx_word' id='word_1_54' title='bbox 1701 661 1771 685; x_wconf 87' lang='lat' dir='ltr'>au-</span> 
     </span>
     <span class='ocr_line' id='line_1_7' title="bbox 376 711 1774 765; baseline 0.001 -15"><span class='ocrx_word' id='word_1_55' title='bbox 376 721 445 750; x_wconf 86' lang='lat' dir='ltr'>tem</span> <span class='ocrx_word' id='word_1_56' title='bbox 475 721 510 750; x_wconf 85' lang='lat' dir='ltr'>et</span> <span class='ocrx_word' id='word_1_57' title='bbox 543 711 606 764; x_wconf 86' lang='lat' dir='ltr'>qui</span> <span class='ocrx_word' id='word_1_58' title='bbox 635 711 815 755; x_wconf 84' lang='lat' dir='ltr'>retulerit,</span> <span class='ocrx_word' id='word_1_59' title='bbox 846 711 975 749; x_wconf 77' lang='lat' dir='ltr'>habere</span> <span class='ocrx_word' id='word_1_60' title='bbox 987 729 998 755; x_wconf 73' lang='lat'>3</span> <span class='ocrx_word' id='word_1_61' title='bbox 1029 720 1065 749; x_wconf 85' lang='lat' dir='ltr'>et</span> <span class='ocrx_word' id='word_1_62' title='bbox 1095 712 1158 765; x_wconf 87' lang='lat' dir='ltr'>qui</span> <span class='ocrx_word' id='word_1_63' title='bbox 1184 712 1327 756; x_wconf 77' lang='lat' dir='ltr'>habeat,</span> <span class='ocrx_word' id='word_1_64' title='bbox 1348 712 1511 765; x_wconf 66' lang='lat' dir='ltr'>retulgffi‘.</span> <span class='ocrx_word' id='word_1_65' title='bbox 1556 715 1624 757; x_wconf 92' lang='lat' dir='ltr'>At,</span> <span class='ocrx_word' id='word_1_66' title='bbox 1651 712 1774 765; x_wconf 84' lang='lat' dir='ltr'>quise</span> 
     </span>
     <span class='ocr_line' id='line_1_8' title="bbox 376 775 1774 830; baseline 0.001 -16"><span class='ocrx_word' id='word_1_67' title='bbox 376 776 600 830; x_wconf 85' lang='lat' dir='ltr'>locupletes,</span> <span class='ocrx_word' id='word_1_68' title='bbox 630 775 851 822; x_wconf 88' lang='lat' dir='ltr'>honoratos,</span> <span class='ocrx_word' id='word_1_69' title='bbox 882 777 1011 815; x_wconf 89' lang='lat' dir='ltr'>beatos</span> <span class='ocrx_word' id='word_1_70' title='bbox 1031 786 1182 830; x_wconf 83' lang='lat' dir='ltr'>putant,</span> <span class='ocrx_word' id='word_1_71' title='bbox 1214 776 1257 815; x_wconf 89' lang='lat' dir='ltr'>hi</span> <span class='ocrx_word' id='word_1_72' title='bbox 1277 791 1324 815; x_wconf 90' lang='lat' dir='ltr'>ne</span> <span class='ocrx_word' id='word_1_73' title='bbox 1343 778 1506 830; x_wconf 89' lang='lat' dir='ltr'>obligari</span> <span class='ocrx_word' id='word_1_74' title='bbox 1525 778 1683 830; x_wconf 82' lang='lat' dir='ltr'>quidem</span> <span class='ocrx_word' id='word_1_75' title='bbox 1704 779 1774 816; x_wconf 90' lang='lat' dir='ltr'>be·-</span> 
     </span>
     <span class='ocr_line' id='line_1_9' title="bbox 377 842 1773 895; baseline 0.001 -15"><span class='ocrx_word' id='word_1_76' title='bbox 377 843 516 880; x_wconf 84' lang='lat' dir='ltr'>neficio</span> <span class='ocrx_word' id='word_1_77' title='bbox 545 842 681 881; x_wconf 91' lang='lat' dir='ltr'>volunt</span> <span class='ocrx_word' id='word_1_78' title='bbox 699 858 707 881; x_wconf 92' lang='lat'>:</span> <span class='ocrx_word' id='word_1_79' title='bbox 744 843 841 895; x_wconf 91' lang='lat' dir='ltr'>quin</span> <span class='ocrx_word' id='word_1_80' title='bbox 873 843 990 881; x_wconf 90' lang='lat' dir='ltr'>etiarn</span> <span class='ocrx_word' id='word_1_81' title='bbox 1023 843 1258 882; x_wconf 90' lang='lat' dir='ltr'>beneficium</span> <span class='ocrx_word' id='word_1_82' title='bbox 1293 843 1328 881; x_wconf 93' lang='lat' dir='ltr'>se</span> <span class='ocrx_word' id='word_1_83' title='bbox 1360 843 1497 882; x_wconf 82' lang='lat' dir='ltr'>dediffe</span> <span class='ocrx_word' id='word_1_84' title='bbox 1529 844 1773 889; x_wconf 85' lang='lat' dir='ltr'>arbitrantur,</span> 
     </span>
     <span class='ocr_line' id='line_1_10' title="bbox 375 908 1776 962; baseline 0.002 -17"><span class='ocrx_word' id='word_1_85' title='bbox 375 921 467 946; x_wconf 88' lang='lat' dir='ltr'>curn</span> <span class='ocrx_word' id='word_1_86' title='bbox 485 908 554 961; x_wconf 89' lang='lat' dir='ltr'>ipfi</span> <span class='ocrx_word' id='word_1_87' title='bbox 575 909 749 961; x_wconf 87' lang='lat' dir='ltr'>quamvis</span> <span class='ocrx_word' id='word_1_88' title='bbox 770 923 957 962; x_wconf 89' lang='lat' dir='ltr'>magnum</span> <span class='ocrx_word' id='word_1_89' title='bbox 977 909 1133 962; x_wconf 88' lang='lat' dir='ltr'>aliquod</span> <span class='ocrx_word' id='word_1_90' title='bbox 1153 910 1368 962; x_wconf 85' lang='lat' dir='ltr'>acceperint</span> <span class='ocrx_word' id='word_1_91' title='bbox 1380 927 1392 954; x_wconf 88' lang='lat'>;</span> <span class='ocrx_word' id='word_1_92' title='bbox 1424 919 1539 962; x_wconf 90' lang='lat' dir='ltr'>atque</span> <span class='ocrx_word' id='word_1_93' title='bbox 1563 910 1680 949; x_wconf 87' lang='lat' dir='ltr'>etiam</span> <span class='ocrx_word' id='word_1_94' title='bbox 1701 924 1720 948; x_wconf 93' lang='lat' dir='ltr'>a</span> <span class='ocrx_word' id='word_1_95' title='bbox 1741 910 1776 948; x_wconf 83' lang='lat' dir='ltr'>se</span> 
     </span>
     <span class='ocr_line' id='line_1_11' title="bbox 375 975 1777 1030; baseline 0.001 -18"><span class='ocrx_word' id='word_1_96' title='bbox 375 983 440 1012; x_wconf 80' lang='lat' dir='ltr'>aut</span> <span class='ocrx_word' id='word_1_97' title='bbox 459 975 652 1026; x_wconf 90' lang='lat' dir='ltr'>postulari,</span> <span class='ocrx_word' id='word_1_98' title='bbox 685 983 750 1013; x_wconf 88' lang='lat' dir='ltr'>aut</span> <span class='ocrx_word' id='word_1_99' title='bbox 769 976 958 1029; x_wconf 67' lang='lat' dir='ltr'>expestari</span> <span class='ocrx_word' id='word_1_100' title='bbox 984 976 1131 1030; x_wconf 89' lang='lat' dir='ltr'>aliquid</span> <span class='ocrx_word' id='word_1_101' title='bbox 1151 975 1410 1029; x_wconf 88' lang='lat' dir='ltr'>suspicantur:</span> <span class='ocrx_word' id='word_1_102' title='bbox 1442 976 1656 1029; x_wconf 84' lang='lat' dir='ltr'>patrocinio</span> <span class='ocrx_word' id='word_1_103' title='bbox 1688 989 1777 1014; x_wconf 89' lang='lat' dir='ltr'>vero</span> 
     </span>
     <span class='ocr_line' id='line_1_12' title="bbox 377 1039 1779 1094; baseline 0.001 -17"><span class='ocrx_word' id='word_1_104' title='bbox 377 1039 414 1077; x_wconf 89' lang='lat' dir='ltr'>se</span> <span class='ocrx_word' id='word_1_105' title='bbox 434 1040 533 1085; x_wconf 82' lang='lat' dir='ltr'>usos,</span> <span class='ocrx_word' id='word_1_106' title='bbox 564 1050 602 1079; x_wconf 87' lang='lat' dir='ltr'>et</span> <span class='ocrx_word' id='word_1_107' title='bbox 630 1040 788 1079; x_wconf 87' lang='lat' dir='ltr'>clientes</span> <span class='ocrx_word' id='word_1_108' title='bbox 808 1041 1003 1094; x_wconf 90' lang='lat' dir='ltr'>appellari,</span> <span class='ocrx_word' id='word_1_109' title='bbox 1036 1042 1171 1080; x_wconf 88' lang='lat' dir='ltr'>mortis</span> <span class='ocrx_word' id='word_1_110' title='bbox 1192 1041 1304 1080; x_wconf 87' lang='lat' dir='ltr'>instar</span> <span class='ocrx_word' id='word_1_111' title='bbox 1324 1051 1474 1094; x_wconf 89' lang='lat' dir='ltr'>putant.</span> <span class='ocrx_word' id='word_1_112' title='bbox 1519 1045 1575 1081; x_wconf 88' lang='lat' dir='ltr'>At</span> <span class='ocrx_word' id='word_1_113' title='bbox 1595 1055 1681 1081; x_wconf 89' lang='lat' dir='ltr'>vero</span> <span class='ocrx_word' id='word_1_114' title='bbox 1712 1041 1779 1079; x_wconf 88' lang='lat' dir='ltr'>ille</span> 
     </span>
     <span class='ocr_line' id='line_1_13' title="bbox 378 1105 1779 1160; baseline 0.001 -17"><span class='ocrx_word' id='word_1_115' title='bbox 378 1107 519 1150; x_wconf 82' lang='lat' dir='ltr'>tenuis,</span> <span class='ocrx_word' id='word_1_116' title='bbox 551 1119 659 1150; x_wconf 88' lang='lat' dir='ltr'>cum,</span> <span class='ocrx_word' id='word_1_117' title='bbox 692 1106 884 1159; x_wconf 90' lang='lat' dir='ltr'>quidquid</span> <span class='ocrx_word' id='word_1_118' title='bbox 915 1105 1061 1145; x_wconf 64' lang='lat' dir='ltr'>faetum</span> <span class='ocrx_word' id='word_1_119' title='bbox 1082 1107 1140 1152; x_wconf 88' lang='lat' dir='ltr'>fit,</span> <span class='ocrx_word' id='word_1_120' title='bbox 1171 1107 1205 1145; x_wconf 92' lang='lat' dir='ltr'>se</span> <span class='ocrx_word' id='word_1_121' title='bbox 1226 1107 1450 1160; x_wconf 61' lang='lat' dir='ltr'>spectatum,</span> <span class='ocrx_word' id='word_1_122' title='bbox 1483 1121 1560 1146; x_wconf 88' lang='lat' dir='ltr'>non</span> <span class='ocrx_word' id='word_1_123' title='bbox 1581 1106 1779 1146; x_wconf 86' lang='lat' dir='ltr'>fortunam</span> 
     </span>
     <span class='ocr_line' id='line_1_14' title="bbox 379 1173 1779 1226; baseline 0.001 -16"><span class='ocrx_word' id='word_1_124' title='bbox 379 1181 503 1224; x_wconf 89' lang='lat' dir='ltr'>putet,</span> <span class='ocrx_word' id='word_1_125' title='bbox 526 1186 603 1210; x_wconf 88' lang='lat' dir='ltr'>non</span> <span class='ocrx_word' id='word_1_126' title='bbox 624 1173 741 1210; x_wconf 92' lang='lat' dir='ltr'>modo</span> <span class='ocrx_word' id='word_1_127' title='bbox 761 1173 834 1217; x_wconf 89' lang='lat' dir='ltr'>illi,</span> <span class='ocrx_word' id='word_1_128' title='bbox 868 1173 936 1225; x_wconf 90' lang='lat' dir='ltr'>qui</span> <span class='ocrx_word' id='word_1_129' title='bbox 966 1173 1018 1211; x_wconf 93' lang='lat' dir='ltr'>est</span> <span class='ocrx_word' id='word_1_130' title='bbox 1037 1174 1211 1218; x_wconf 85' lang='lat' dir='ltr'>meritus,</span> <span class='ocrx_word' id='word_1_131' title='bbox 1234 1173 1296 1211; x_wconf 90' lang='lat' dir='ltr'>sed</span> <span class='ocrx_word' id='word_1_132' title='bbox 1320 1174 1437 1213; x_wconf 90' lang='lat' dir='ltr'>etiam</span> <span class='ocrx_word' id='word_1_133' title='bbox 1468 1174 1560 1219; x_wconf 82' lang='lat' dir='ltr'>illis,</span> <span class='ocrx_word' id='word_1_134' title='bbox 1591 1187 1611 1212; x_wconf 87' lang='lat' dir='ltr'>a</span> <span class='ocrx_word' id='word_1_135' title='bbox 1636 1174 1779 1226; x_wconf 82' lang='lat' dir='ltr'>quibus</span> 
     </span>
     <span class='ocr_line' id='line_1_15' title="bbox 378 1238 1781 1291; baseline 0.001 -17"><span class='ocrx_word' id='word_1_136' title='bbox 378 1240 566 1289; x_wconf 62' lang='lat' dir='ltr'>expeetat,</span> <span class='ocrx_word' id='word_1_137' title='bbox 604 1238 708 1289; x_wconf 87' lang='lat' dir='ltr'>(eget</span> <span class='ocrx_word' id='word_1_138' title='bbox 735 1238 842 1275; x_wconf 87' lang='lat' dir='ltr'>enim</span> <span class='ocrx_word' id='word_1_139' title='bbox 872 1238 1027 1289; x_wconf 89' lang='lat' dir='ltr'>multis)</span> <span class='ocrx_word' id='word_1_140' title='bbox 1060 1247 1213 1291; x_wconf 86' lang='lat' dir='ltr'>gratum</span> <span class='ocrx_word' id='word_1_141' title='bbox 1245 1239 1281 1277; x_wconf 91' lang='lat' dir='ltr'>se</span> <span class='ocrx_word' id='word_1_142' title='bbox 1310 1239 1428 1277; x_wconf 87' lang='lat' dir='ltr'>videri</span> <span class='ocrx_word' id='word_1_143' title='bbox 1462 1239 1584 1277; x_wconf 90' lang='lat' dir='ltr'>studet</span> <span class='ocrx_word' id='word_1_144' title='bbox 1601 1253 1610 1276; x_wconf 90' lang='lat'>:</span> <span class='ocrx_word' id='word_1_145' title='bbox 1658 1251 1781 1290; x_wconf 89' lang='lat' dir='ltr'>neque</span> 
     </span>
     <span class='ocr_line' id='line_1_16' title="bbox 380 1303 1781 1358; baseline 0.001 -18"><span class='ocrx_word' id='word_1_146' title='bbox 380 1317 468 1341; x_wconf 88' lang='lat' dir='ltr'>vero</span> <span class='ocrx_word' id='word_1_147' title='bbox 488 1304 612 1342; x_wconf 88' lang='lat' dir='ltr'>verbis</span> <span class='ocrx_word' id='word_1_148' title='bbox 642 1312 756 1356; x_wconf 90' lang='lat' dir='ltr'>auget</span> <span class='ocrx_word' id='word_1_149' title='bbox 776 1303 887 1342; x_wconf 89' lang='lat' dir='ltr'>suum</span> <span class='ocrx_word' id='word_1_150' title='bbox 906 1317 1064 1349; x_wconf 90' lang='lat' dir='ltr'>munus,</span> <span class='ocrx_word' id='word_1_151' title='bbox 1095 1304 1121 1342; x_wconf 78' lang='lat' dir='ltr'>sl</span> <span class='ocrx_word' id='word_1_152' title='bbox 1141 1319 1220 1357; x_wconf 93' lang='lat' dir='ltr'>quo</span> <span class='ocrx_word' id='word_1_153' title='bbox 1245 1304 1344 1343; x_wconf 86' lang='lat' dir='ltr'>forte</span> <span class='ocrx_word' id='word_1_154' title='bbox 1363 1304 1555 1358; x_wconf 88' lang='lat' dir='ltr'>fungitur,</span> <span class='ocrx_word' id='word_1_155' title='bbox 1582 1304 1642 1343; x_wconf 90' lang='lat' dir='ltr'>sed</span> <span class='ocrx_word' id='word_1_156' title='bbox 1662 1305 1781 1342; x_wconf 88' lang='lat' dir='ltr'>etiam</span> 
     </span>
     <span class='ocr_line' id='line_1_17' title="bbox 379 1369 1781 1424; baseline 0 -17"><span class='ocrx_word' id='word_1_157' title='bbox 379 1378 574 1408; x_wconf 86' lang='lat' dir='ltr'>extenuat.</span> <span class='ocrx_word' id='word_1_158' title='bbox 607 1369 910 1422; x_wconf 88' lang='lat' dir='ltr'>Videndumque</span> <span class='ocrx_word' id='word_1_159' title='bbox 929 1369 1028 1408; x_wconf 90' lang='lat' dir='ltr'>illud</span> <span class='ocrx_word' id='word_1_160' title='bbox 1047 1369 1113 1416; x_wconf 91' lang='lat' dir='ltr'>est,</span> <span class='ocrx_word' id='word_1_161' title='bbox 1145 1370 1266 1423; x_wconf 77' lang='lat' dir='ltr'>quod,</span> <span class='ocrx_word' id='word_1_162' title='bbox 1293 1371 1318 1408; x_wconf 84' lang='lat' dir='ltr'>fi</span> <span class='ocrx_word' id='word_1_163' title='bbox 1345 1371 1577 1424; x_wconf 89' lang='lat' dir='ltr'>opulentum</span> <span class='ocrx_word' id='word_1_164' title='bbox 1605 1369 1781 1408; x_wconf 84' lang='lat' dir='ltr'>fortuna-</span> 
     </span>
     <span class='ocr_line' id='line_1_18' title="bbox 378 1434 1783 1489; baseline -0.001 -15"><span class='ocrx_word' id='word_1_165' title='bbox 378 1444 545 1488; x_wconf 77' lang='lat' dir='ltr'>tumque</span> <span class='ocrx_word' id='word_1_166' title='bbox 575 1434 802 1481; x_wconf 86' lang='lat' dir='ltr'>defenderis,</span> <span class='ocrx_word' id='word_1_167' title='bbox 835 1437 875 1474; x_wconf 93' lang='lat' dir='ltr'>in</span> <span class='ocrx_word' id='word_1_168' title='bbox 906 1436 974 1475; x_wconf 90' lang='lat' dir='ltr'>illo</span> <span class='ocrx_word' id='word_1_169' title='bbox 994 1450 1086 1481; x_wconf 91' lang='lat' dir='ltr'>uno,</span> <span class='ocrx_word' id='word_1_170' title='bbox 1116 1446 1181 1474; x_wconf 91' lang='lat' dir='ltr'>aut</span> <span class='ocrx_word' id='word_1_171' title='bbox 1200 1435 1298 1475; x_wconf 87' lang='lat' dir='ltr'>forte</span> <span class='ocrx_word' id='word_1_172' title='bbox 1317 1437 1357 1475; x_wconf 91' lang='lat' dir='ltr'>in</span> <span class='ocrx_word' id='word_1_173' title='bbox 1377 1436 1506 1475; x_wconf 92' lang='lat' dir='ltr'>liberis</span> <span class='ocrx_word' id='word_1_174' title='bbox 1527 1437 1622 1489; x_wconf 84' lang='lat' dir='ltr'>ejus,</span> <span class='ocrx_word' id='word_1_175' title='bbox 1653 1444 1783 1475; x_wconf 88' lang='lat' dir='ltr'>manet</span> 
     </span>
     <span class='ocr_line' id='line_1_19' title="bbox 383 1501 1782 1555; baseline 0 -17"><span class='ocrx_word' id='word_1_176' title='bbox 383 1502 515 1553; x_wconf 86' lang='lat' dir='ltr'>gratia.</span> <span class='ocrx_word' id='word_1_177' title='bbox 548 1501 613 1538; x_wconf 89' lang='lat' dir='ltr'>Sin</span> <span class='ocrx_word' id='word_1_178' title='bbox 633 1510 763 1539; x_wconf 88' lang='lat' dir='ltr'>autem</span> <span class='ocrx_word' id='word_1_179' title='bbox 783 1503 955 1555; x_wconf 88' lang='lat' dir='ltr'>inopem,</span> <span class='ocrx_word' id='word_1_180' title='bbox 977 1503 1146 1555; x_wconf 92' lang='lat' dir='ltr'>probum</span> <span class='ocrx_word' id='word_1_181' title='bbox 1168 1511 1296 1540; x_wconf 87' lang='lat' dir='ltr'>tamen</span> <span class='ocrx_word' id='word_1_182' title='bbox 1315 1512 1353 1540; x_wconf 91' lang='lat' dir='ltr'>et</span> <span class='ocrx_word' id='word_1_183' title='bbox 1373 1503 1589 1541; x_wconf 86' lang='lat' dir='ltr'>modestum</span> <span class='ocrx_word' id='word_1_184' title='bbox 1604 1521 1617 1548; x_wconf 83' lang='lat'>3</span> <span class='ocrx_word' id='word_1_185' title='bbox 1648 1514 1782 1541; x_wconf 88' lang='lat' dir='ltr'>omnes</span> 
     </span>
     <span class='ocr_line' id='line_1_20' title="bbox 382 1565 1783 1622; baseline 0.001 -17"><span class='ocrx_word' id='word_1_186' title='bbox 382 1580 462 1605; x_wconf 88' lang='lat' dir='ltr'>non</span> <span class='ocrx_word' id='word_1_187' title='bbox 481 1567 653 1620; x_wconf 89' lang='lat' dir='ltr'>improbi</span> <span class='ocrx_word' id='word_1_188' title='bbox 671 1565 839 1606; x_wconf 87' lang='lat' dir='ltr'>humiles</span> <span class='ocrx_word' id='word_1_189' title='bbox 859 1569 961 1620; x_wconf 87' lang='lat' dir='ltr'>(quae</span> <span class='ocrx_word' id='word_1_190' title='bbox 977 1581 1116 1621; x_wconf 86' lang='lat' dir='ltr'>magna</span> <span class='ocrx_word' id='word_1_191' title='bbox 1135 1569 1175 1607; x_wconf 90' lang='lat' dir='ltr'>in</span> <span class='ocrx_word' id='word_1_192' title='bbox 1194 1569 1341 1622; x_wconf 87' lang='lat' dir='ltr'>populo</span> <span class='ocrx_word' id='word_1_193' title='bbox 1361 1569 1574 1607; x_wconf 87' lang='lat' dir='ltr'>multitudo</span> <span class='ocrx_word' id='word_1_194' title='bbox 1591 1568 1663 1619; x_wconf 91' lang='lat' dir='ltr'>est)</span> <span class='ocrx_word' id='word_1_195' title='bbox 1685 1581 1783 1620; x_wconf 87' lang='lat' dir='ltr'>prae-</span> 
     </span>
     <span class='ocr_line' id='line_1_21' title="bbox 382 1633 1783 1686; baseline 0.001 -16"><span class='ocrx_word' id='word_1_196' title='bbox 382 1633 523 1671; x_wconf 79' lang='lat' dir='ltr'>fidium</span> <span class='ocrx_word' id='word_1_197' title='bbox 556 1633 626 1671; x_wconf 89' lang='lat' dir='ltr'>fibi</span> <span class='ocrx_word' id='word_1_198' title='bbox 656 1642 831 1686; x_wconf 81' lang='lat' dir='ltr'>paratum</span> <span class='ocrx_word' id='word_1_199' title='bbox 863 1633 1007 1671; x_wconf 87' lang='lat' dir='ltr'>vident.</span> <span class='ocrx_word' id='word_1_200' title='bbox 1045 1634 1314 1684; x_wconf 84' lang='lat' dir='ltr'>Qamobrem</span> <span class='ocrx_word' id='word_1_201' title='bbox 1345 1634 1483 1672; x_wconf 85' lang='lat' dir='ltr'>melius</span> <span class='ocrx_word' id='word_1_202' title='bbox 1514 1633 1614 1686; x_wconf 93' lang='lat' dir='ltr'>apud</span> <span class='ocrx_word' id='word_1_203' title='bbox 1645 1634 1783 1679; x_wconf 86' lang='lat' dir='ltr'>bonos,</span> 
     </span>
     <span class='ocr_line' id='line_1_22' title="bbox 384 1698 1466 1752; baseline 0.001 -15"><span class='ocrx_word' id='word_1_204' title='bbox 384 1713 504 1751; x_wconf 90' lang='lat' dir='ltr'>quam</span> <span class='ocrx_word' id='word_1_205' title='bbox 523 1700 624 1752; x_wconf 89' lang='lat' dir='ltr'>apud</span> <span class='ocrx_word' id='word_1_206' title='bbox 643 1698 872 1744; x_wconf 86' lang='lat' dir='ltr'>fortunatos,</span> <span class='ocrx_word' id='word_1_207' title='bbox 903 1699 1137 1737; x_wconf 88' lang='lat' dir='ltr'>beneficium</span> <span class='ocrx_word' id='word_1_208' title='bbox 1157 1699 1337 1737; x_wconf 90' lang='lat' dir='ltr'>collocari</span> <span class='ocrx_word' id='word_1_209' title='bbox 1358 1708 1466 1751; x_wconf 86' lang='lat' dir='ltr'>puto.</span> 
     </span>
    </p>

    <p class='ocr_par' dir='ltr' id='par_1_3' title="bbox 382 1763 1790 2538">
     <span class='ocr_line' id='line_1_23' title="bbox 440 1763 1784 1818; baseline -0.001 -15"><span class='ocrx_word' id='word_1_210' title='bbox 440 1765 578 1803; x_wconf 88' lang='lat' dir='ltr'>Danda</span> <span class='ocrx_word' id='word_1_211' title='bbox 596 1765 760 1803; x_wconf 90' lang='lat' dir='ltr'>omnino</span> <span class='ocrx_word' id='word_1_212' title='bbox 781 1777 893 1818; x_wconf 84' lang='lat' dir='ltr'>opera</span> <span class='ocrx_word' id='word_1_213' title='bbox 912 1765 977 1809; x_wconf 93' lang='lat' dir='ltr'>est,</span> <span class='ocrx_word' id='word_1_214' title='bbox 1000 1773 1043 1803; x_wconf 91' lang='lat' dir='ltr'>ut</span> <span class='ocrx_word' id='word_1_215' title='bbox 1061 1765 1171 1803; x_wconf 87' lang='lat' dir='ltr'>omni</span> <span class='ocrx_word' id='word_1_216' title='bbox 1190 1764 1321 1817; x_wconf 89' lang='lat' dir='ltr'>generi</span> <span class='ocrx_word' id='word_1_217' title='bbox 1341 1763 1552 1802; x_wconf 86' lang='lat' dir='ltr'>satisfacere</span> <span class='ocrx_word' id='word_1_218' title='bbox 1571 1763 1754 1817; x_wconf 85' lang='lat' dir='ltr'>poflimus</span> <span class='ocrx_word' id='word_1_219' title='bbox 1771 1778 1784 1802; x_wconf 75' lang='lat' dir='ltr'>t</span> 
     </span>
     <span class='ocr_line' id='line_1_24' title="bbox 382 1829 1787 1875; baseline -0.001 -6"><span class='ocrx_word' id='word_1_220' title='bbox 382 1829 448 1869; x_wconf 78' lang='lat' dir='ltr'>sed</span> <span class='ocrx_word' id='word_1_221' title='bbox 478 1831 505 1869; x_wconf 75' lang='lat' dir='ltr'>si</span> <span class='ocrx_word' id='word_1_222' title='bbox 536 1845 592 1869; x_wconf 89' lang='lat' dir='ltr'>res</span> <span class='ocrx_word' id='word_1_223' title='bbox 624 1832 664 1869; x_wconf 91' lang='lat' dir='ltr'>in</span> <span class='ocrx_word' id='word_1_224' title='bbox 692 1831 985 1869; x_wconf 88' lang='lat' dir='ltr'>contentionem</span> <span class='ocrx_word' id='word_1_225' title='bbox 1019 1831 1159 1875; x_wconf 89' lang='lat' dir='ltr'>veniet,</span> <span class='ocrx_word' id='word_1_226' title='bbox 1201 1830 1389 1868; x_wconf 90' lang='lat' dir='ltr'>nimirum</span> <span class='ocrx_word' id='word_1_227' title='bbox 1419 1829 1702 1869; x_wconf 89' lang='lat' dir='ltr'>Themistocles</span> <span class='ocrx_word' id='word_1_228' title='bbox 1733 1829 1787 1868; x_wconf 91' lang='lat' dir='ltr'>est</span> 
     </span>
     <span class='ocr_line' id='line_1_25' title="bbox 385 1893 1786 1948; baseline -0.001 -14"><span class='ocrx_word' id='word_1_229' title='bbox 385 1897 515 1934; x_wconf 53' lang='lat' dir='ltr'>auctor</span> <span class='ocrx_word' id='word_1_230' title='bbox 534 1896 773 1934; x_wconf 83' lang='lat' dir='ltr'>adhibendus</span> <span class='ocrx_word' id='word_1_231' title='bbox 786 1915 798 1941; x_wconf 85' lang='lat'>;</span> <span class='ocrx_word' id='word_1_232' title='bbox 822 1897 890 1948; x_wconf 88' lang='lat' dir='ltr'>qui</span> <span class='ocrx_word' id='word_1_233' title='bbox 910 1909 1002 1934; x_wconf 91' lang='lat' dir='ltr'>cum</span> <span class='ocrx_word' id='word_1_234' title='bbox 1021 1896 1295 1939; x_wconf 88' lang='lat' dir='ltr'>consuleretur,</span> <span class='ocrx_word' id='word_1_235' title='bbox 1313 1893 1443 1933; x_wconf 78' lang='lat' dir='ltr'>utrum</span> <span class='ocrx_word' id='word_1_236' title='bbox 1466 1896 1569 1933; x_wconf 90' lang='lat' dir='ltr'>bono</span> <span class='ocrx_word' id='word_1_237' title='bbox 1588 1895 1671 1933; x_wconf 93' lang='lat' dir='ltr'>viro</span> <span class='ocrx_word' id='word_1_238' title='bbox 1690 1908 1786 1947; x_wconf 84' lang='lat' dir='ltr'>pau-</span> 
     </span>
     <span class='ocr_line' id='line_1_26' title="bbox 385 1960 1786 2014; baseline -0.001 -15"><span class='ocrx_word' id='word_1_239' title='bbox 385 1961 482 2014; x_wconf 88' lang='lat' dir='ltr'>peri,</span> <span class='ocrx_word' id='word_1_240' title='bbox 503 1975 549 1999; x_wconf 89' lang='lat' dir='ltr'>an</span> <span class='ocrx_word' id='word_1_241' title='bbox 570 1961 699 2000; x_wconf 90' lang='lat' dir='ltr'>minus</span> <span class='ocrx_word' id='word_1_242' title='bbox 720 1961 882 2014; x_wconf 86' lang='lat' dir='ltr'>probato</span> <span class='ocrx_word' id='word_1_243' title='bbox 901 1960 1026 2006; x_wconf 87' lang='lat' dir='ltr'>diviti,</span> <span class='ocrx_word' id='word_1_244' title='bbox 1044 1960 1166 1999; x_wconf 87' lang='lat' dir='ltr'>filiam</span> <span class='ocrx_word' id='word_1_245' title='bbox 1182 1960 1387 1998; x_wconf 88' lang='lat' dir='ltr'>collocaret</span> <span class='ocrx_word' id='word_1_246' title='bbox 1394 1978 1406 2006; x_wconf 72' lang='lat'><em>3</em></span> <span class='ocrx_word' id='word_1_247' title='bbox 1429 1961 1508 2013; x_wconf 87' lang='lat' dir='ltr'>Ego</span> <span class='ocrx_word' id='word_1_248' title='bbox 1526 1974 1626 2005; x_wconf 88' lang='lat' dir='ltr'>vero,</span> <span class='ocrx_word' id='word_1_249' title='bbox 1644 1960 1786 2011; x_wconf 91' lang='lat' dir='ltr'>inquit,</span> 
     </span>
     <span class='ocr_line' id='line_1_27' title="bbox 387 2026 1788 2081; baseline -0.001 -16"><span class='ocrx_word' id='word_1_250' title='bbox 387 2028 475 2066; x_wconf 83' lang='lat' dir='ltr'>malo</span> <span class='ocrx_word' id='word_1_251' title='bbox 495 2028 630 2072; x_wconf 87' lang='lat' dir='ltr'>virum,</span> <span class='ocrx_word' id='word_1_252' title='bbox 662 2027 725 2080; x_wconf 85' lang='lat' dir='ltr'>qui</span> <span class='ocrx_word' id='word_1_253' title='bbox 733 2028 887 2080; x_wconf 84' lang='lat' dir='ltr'>pecunia</span> <span class='ocrx_word' id='word_1_254' title='bbox 905 2037 1019 2080; x_wconf 82' lang='lat' dir='ltr'>egeat,</span> <span class='ocrx_word' id='word_1_255' title='bbox 1042 2041 1147 2081; x_wconf 75' lang='lat' dir='ltr'>quam</span> <span class='ocrx_word' id='word_1_256' title='bbox 1159 2027 1361 2079; x_wconf 83' lang='lat' dir='ltr'>pecuniam,</span> <span class='ocrx_word' id='word_1_257' title='bbox 1383 2040 1462 2079; x_wconf 84' lang='lat' dir='ltr'>quae</span> <span class='ocrx_word' id='word_1_258' title='bbox 1481 2026 1576 2065; x_wconf 86' lang='lat' dir='ltr'>viro.</span> <span class='ocrx_word' id='word_1_259' title='bbox 1609 2026 1680 2064; x_wconf 91' lang='lat' dir='ltr'>Sed</span> <span class='ocrx_word' id='word_1_260' title='bbox 1699 2039 1788 2063; x_wconf 91' lang='lat' dir='ltr'>cor-</span> 
     </span>
     <span class='ocr_line' id='line_1_28' title="bbox 385 2092 1789 2146; baseline -0.002 -15"><span class='ocrx_word' id='word_1_261' title='bbox 385 2094 494 2146; x_wconf 73' lang='lat' dir='ltr'>rupti</span> <span class='ocrx_word' id='word_1_262' title='bbox 515 2107 639 2131; x_wconf 88' lang='lat' dir='ltr'>mores</span> <span class='ocrx_word' id='word_1_263' title='bbox 660 2094 929 2146; x_wconf 87' lang='lat' dir='ltr'>depravatique</span> <span class='ocrx_word' id='word_1_264' title='bbox 949 2093 1036 2131; x_wconf 86' lang='lat' dir='ltr'>sunt</span> <span class='ocrx_word' id='word_1_265' title='bbox 1067 2093 1319 2131; x_wconf 86' lang='lat' dir='ltr'>admiratione</span> <span class='ocrx_word' id='word_1_266' title='bbox 1344 2092 1592 2136; x_wconf 83' lang='lat' dir='ltr'>divitiarum3</span> <span class='ocrx_word' id='word_1_267' title='bbox 1624 2104 1789 2143; x_wconf 89' lang='lat' dir='ltr'>quarum</span> 
     </span>
     <span class='ocr_line' id='line_1_29' title="bbox 389 2156 1789 2211; baseline -0.002 -14"><span class='ocrx_word' id='word_1_268' title='bbox 389 2159 618 2210; x_wconf 88' lang='lat' dir='ltr'>magnitudo</span> <span class='ocrx_word' id='word_1_269' title='bbox 637 2160 731 2211; x_wconf 89' lang='lat' dir='ltr'>quid</span> <span class='ocrx_word' id='word_1_270' title='bbox 751 2160 796 2197; x_wconf 88' lang='lat' dir='ltr'>ad</span> <span class='ocrx_word' id='word_1_271' title='bbox 816 2172 1138 2211; x_wconf 87' lang='lat' dir='ltr'>unumquemque</span> <span class='ocrx_word' id='word_1_272' title='bbox 1158 2157 1328 2195; x_wconf 68' lang='lat' dir='ltr'>nostr-sim</span> <span class='ocrx_word' id='word_1_273' title='bbox 1350 2157 1543 2210; x_wconf 90' lang='lat' dir='ltr'>pertinet?</span> <span class='ocrx_word' id='word_1_274' title='bbox 1566 2157 1685 2195; x_wconf 89' lang='lat' dir='ltr'>Illum</span> <span class='ocrx_word' id='word_1_275' title='bbox 1706 2156 1789 2195; x_wconf 89' lang='lat' dir='ltr'>for-</span> 
     </span>
     <span class='ocr_line' id='line_1_30' title="bbox 388 2221 1786 2276; baseline -0.001 -13"><span class='ocrx_word' id='word_1_276' title='bbox 388 2225 477 2263; x_wconf 79' lang='lat' dir='ltr'>taffe</span> <span class='ocrx_word' id='word_1_277' title='bbox 499 2225 663 2276; x_wconf 83' lang='lat' dir='ltr'>adjuvat,</span> <span class='ocrx_word' id='word_1_278' title='bbox 697 2225 764 2276; x_wconf 90' lang='lat' dir='ltr'>qui</span> <span class='ocrx_word' id='word_1_279' title='bbox 784 2223 924 2268; x_wconf 83' lang='lat' dir='ltr'>habet;</span> <span class='ocrx_word' id='word_1_280' title='bbox 956 2237 1004 2261; x_wconf 88' lang='lat' dir='ltr'>ne</span> <span class='ocrx_word' id='word_1_281' title='bbox 1023 2224 1063 2261; x_wconf 88' lang='lat' dir='ltr'>id</span> <span class='ocrx_word' id='word_1_282' title='bbox 1089 2224 1247 2275; x_wconf 90' lang='lat' dir='ltr'>quidem</span> <span class='ocrx_word' id='word_1_283' title='bbox 1270 2223 1429 2276; x_wconf 90' lang='lat' dir='ltr'>semper.</span> <span class='ocrx_word' id='word_1_284' title='bbox 1463 2223 1533 2261; x_wconf 91' lang='lat' dir='ltr'>Sed</span> <span class='ocrx_word' id='word_1_285' title='bbox 1553 2221 1613 2261; x_wconf 84' lang='lat' dir='ltr'>fac</span> <span class='ocrx_word' id='word_1_286' title='bbox 1628 2224 1786 2275; x_wconf 82' lang='lat' dir='ltr'>juvare:</span> 
     </span>
     <span class='ocr_line' id='line_1_31' title="bbox 392 2289 1789 2340; baseline -0.001 -11"><span class='ocrx_word' id='word_1_287' title='bbox 392 2291 560 2330; x_wconf 89' lang='lat' dir='ltr'>utentior</span> <span class='ocrx_word' id='word_1_288' title='bbox 581 2291 664 2328; x_wconf 87' lang='lat' dir='ltr'>sane</span> <span class='ocrx_word' id='word_1_289' title='bbox 684 2290 752 2334; x_wconf 71' lang='lat' dir='ltr'>sit,</span> <span class='ocrx_word' id='word_1_290' title='bbox 784 2289 975 2327; x_wconf 88' lang='lat' dir='ltr'>honestior</span> <span class='ocrx_word' id='word_1_291' title='bbox 994 2301 1082 2326; x_wconf 92' lang='lat' dir='ltr'>vero</span> <span class='ocrx_word' id='word_1_292' title='bbox 1107 2289 1304 2340; x_wconf 91' lang='lat' dir='ltr'>quomodo</span> <span class='ocrx_word' id='word_1_293' title='bbox 1323 2289 1335 2326; x_wconf 84' lang='lat'>?</span> <span class='ocrx_word' id='word_1_294' title='bbox 1383 2289 1502 2339; x_wconf 83' lang='lat' dir='ltr'>Qod</span> <span class='ocrx_word' id='word_1_295' title='bbox 1523 2289 1547 2327; x_wconf 80' lang='lat' dir='ltr'>si</span> <span class='ocrx_word' id='word_1_296' title='bbox 1569 2289 1685 2327; x_wconf 84' lang='lat' dir='ltr'>etiam</span> <span class='ocrx_word' id='word_1_297' title='bbox 1716 2290 1789 2328; x_wconf 88' lang='lat' dir='ltr'>bo-</span> 
     </span>
     <span class='ocr_line' id='line_1_32' title="bbox 390 2354 1790 2408; baseline -0.002 -13"><span class='ocrx_word' id='word_1_298' title='bbox 390 2371 465 2395; x_wconf 85' lang='lat' dir='ltr'>nus</span> <span class='ocrx_word' id='word_1_299' title='bbox 485 2357 557 2394; x_wconf 77' lang='lat' dir='ltr'>erit</span> <span class='ocrx_word' id='word_1_300' title='bbox 573 2357 646 2400; x_wconf 76' lang='lat' dir='ltr'>vir,</span> <span class='ocrx_word' id='word_1_301' title='bbox 678 2369 726 2392; x_wconf 88' lang='lat' dir='ltr'>ne</span> <span class='ocrx_word' id='word_1_302' title='bbox 747 2355 961 2408; x_wconf 81' lang='lat' dir='ltr'>impediant</span> <span class='ocrx_word' id='word_1_303' title='bbox 981 2354 1136 2398; x_wconf 68' lang='lat' dir='ltr'>divitiae,</span> <span class='ocrx_word' id='word_1_304' title='bbox 1158 2368 1236 2406; x_wconf 93' lang='lat' dir='ltr'>quo</span> <span class='ocrx_word' id='word_1_305' title='bbox 1257 2355 1387 2392; x_wconf 87' lang='lat' dir='ltr'>minus</span> <span class='ocrx_word' id='word_1_306' title='bbox 1412 2355 1583 2406; x_wconf 89' lang='lat' dir='ltr'>juvetur,</span> <span class='ocrx_word' id='word_1_307' title='bbox 1605 2355 1723 2393; x_wconf 90' lang='lat' dir='ltr'>modo</span> <span class='ocrx_word' id='word_1_308' title='bbox 1743 2369 1790 2392; x_wconf 86' lang='lat' dir='ltr'>ne</span> 
     </span>
     <span class='ocr_line' id='line_1_33' title="bbox 395 2420 1790 2474; baseline -0.001 -15"><span class='ocrx_word' id='word_1_309' title='bbox 395 2423 602 2473; x_wconf 85' lang='lat' dir='ltr'>adjuvent;</span> <span class='ocrx_word' id='word_1_310' title='bbox 634 2422 756 2474; x_wconf 83' lang='lat' dir='ltr'>sitque</span> <span class='ocrx_word' id='word_1_311' title='bbox 777 2435 892 2460; x_wconf 91' lang='lat' dir='ltr'>omne</span> <span class='ocrx_word' id='word_1_312' title='bbox 906 2421 1116 2473; x_wconf 89' lang='lat' dir='ltr'>judicium,</span> <span class='ocrx_word' id='word_1_313' title='bbox 1139 2433 1215 2459; x_wconf 91' lang='lat' dir='ltr'>non</span> <span class='ocrx_word' id='word_1_314' title='bbox 1236 2434 1355 2473; x_wconf 89' lang='lat' dir='ltr'>quam</span> <span class='ocrx_word' id='word_1_315' title='bbox 1375 2420 1562 2474; x_wconf 83' lang='lat' dir='ltr'>locuples,</span> <span class='ocrx_word' id='word_1_316' title='bbox 1585 2420 1647 2459; x_wconf 84' lang='lat' dir='ltr'>sed</span> <span class='ocrx_word' id='word_1_317' title='bbox 1668 2421 1790 2472; x_wconf 81' lang='lat' dir='ltr'>qualis</span> 
     </span>
     <span class='ocr_line' id='line_1_34' title="bbox 393 2487 637 2538; baseline 0.004 -15"><span class='ocrx_word' id='word_1_318' title='bbox 393 2487 562 2538; x_wconf 84' lang='lat' dir='ltr'>quisque</span> <span class='ocrx_word' id='word_1_319' title='bbox 580 2487 637 2524; x_wconf 90' lang='lat' dir='ltr'>s1t.</span> 
     </span>
    </p>
   </div>
   <div class='ocr_carea' id='block_1_3' title="bbox 451 2551 1792 2659">
    <p class='ocr_par' dir='ltr' id='par_1_4' title="bbox 451 2551 1792 2659">
     <span class='ocr_line' id='line_1_35' title="bbox 451 2551 1792 2607; baseline 0 -18"><span class='ocrx_word' id='word_1_320' title='bbox 451 2553 682 2590; x_wconf 84' lang='lat' dir='ltr'>Extremum</span> <span class='ocrx_word' id='word_1_321' title='bbox 713 2563 840 2592; x_wconf 88' lang='lat' dir='ltr'>autem</span> <span class='ocrx_word' id='word_1_322' title='bbox 872 2563 1106 2607; x_wconf 85' lang='lat' dir='ltr'>praeceptum</span> <span class='ocrx_word' id='word_1_323' title='bbox 1138 2553 1178 2591; x_wconf 88' lang='lat' dir='ltr'>in</span> <span class='ocrx_word' id='word_1_324' title='bbox 1210 2553 1419 2599; x_wconf 83' lang='lat' dir='ltr'>beneficiis,</span> <span class='ocrx_word' id='word_1_325' title='bbox 1455 2566 1642 2606; x_wconf 82' lang='lat' dir='ltr'>operaque</span> <span class='ocrx_word' id='word_1_326' title='bbox 1671 2551 1792 2590; x_wconf 83' lang='lat' dir='ltr'>danda</span> 
     </span>
     <span class='ocr_line' id='line_1_36' title="bbox 540 2619 1491 2659; baseline 0.001 -2"><span class='ocrx_word' id='word_1_327' title='bbox 540 2619 606 2658; x_wconf 93' lang='lat' dir='ltr'>To</span> <span class='ocrx_word' id='word_1_328' title='bbox 619 2631 669 2657; x_wconf 86' lang='lat' dir='ltr'>M.</span> <span class='ocrx_word' id='word_1_329' title='bbox 702 2621 775 2659; x_wconf 84' lang='lat'><em>111.</em></span> <span class='ocrx_word' id='word_1_330' title='bbox 1442 2621 1458 2659; x_wconf 93' lang='lat'>1</span> <span class='ocrx_word' id='word_1_331' title='bbox 1480 2621 1491 2657; x_wconf 92' lang='lat' dir='ltr'>i</span> 
     </span>
    </p>
   </div>
  </div>
 </body>
</html>
