2223 3003
472 201 552 241 410
774 182 1574 226 PHILOSOPHICORUM

526 289 741 342 imponam.
764 284 859 323 Non
879 283 986 321 enim
1006 282 1285 322 vocabulorum
1299 281 1496 336 opificem,
1510 281 1571 321 sed
1592 295 1721 322 rerum
1739 285 1872 339 inqui-
1918 302 1922 305 ¹

527 355 693 397 sitorem,
715 352 823 389 decet
843 349 914 388 effe
934 349 1158 402 sapientem.

472 422 525 462 D.
548 422 668 458 Auo.
689 417 749 456 lib.
773 430 844 455 111.
866 425 994 456 contra
1011 416 1153 470 Acad.]
1184 416 1278 455 Mos
1297 415 1375 455 fuit
1392 415 1635 455 Academicis
1654 416 1876 456 occultandi

526 486 752 525 sententiam
773 483 893 529 suam,
926 497 995 522 nec
1015 495 1100 522 eam
1121 482 1322 536 cuiquam,
1355 483 1424 523 nifi
1444 483 1512 537 qui
1531 483 1660 523 secum
1680 483 1727 523 ad
1746 483 1874 524 senec-

526 561 650 593 tutem
670 551 790 606 usque
810 549 1000 596 vixiffent‚
1022 549 1230 603 aperiendi.

701 708 772 748 Ex
807 719 908 747 LIB.
942 720 1003 747 DE
1035 707 1271 748 NATURA
1303 707 1524 746 DEORUM
1558 706 1634 746 ΙΙΙ.

469 821 620 861 LACT.
641 818 703 858 lib.
732 832 793 858 11.
816 827 895 871 cap.
916 818 976 870 9.]
1008 813 1187 855 Primum
1206 816 1325 869 igitur
1355 830 1433 855 non
1464 816 1518 854 est
1548 813 1760 870 probabile,
1790 824 1875 851 eam

523 886 727 926 materiam
747 897 892 929 rerum,
912 883 1016 922 unde
1044 892 1127 922 orta
1146 882 1234 921 sunt
1251 883 1397 928 omnia,
1429 881 1500 921 effe
1520 883 1650 921 divina
1668 881 1877 936 providen-

522 953 577 992 tia
595 952 785 998 effectam,
807 950 869 990 sed
887 950 1028 990 habere
1047 958 1086 988 et
1105 949 1277 988 habuisse
1296 950 1394 996 vim,
1409 959 1448 988 et
1467 958 1645 988 naturam
1666 948 1786 988 suam.
1817 950 1876 987 Ut

521 1019 642 1074 igitur
661 1018 782 1064 faber,
814 1032 908 1057 cum
938 1017 1035 1070 quid
1054 1015 1309 1055 aedificaturus
1335 1016 1402 1062 est,
1433 1029 1511 1055 non
1541 1015 1618 1069 ipse
1638 1015 1732 1054 facit
1751 1025 1877 1055 mate-

522 1085 635 1131 riam,
657 1085 719 1123 sed
738 1098 780 1123 ea
800 1085 938 1130 utitur,
973 1097 1058 1137 quae
1078 1083 1124 1121 fit
1142 1091 1270 1136 parata
1284 1101 1297 1128 3
1329 1082 1517 1136 fictorque
1536 1083 1634 1122 item
1652 1096 1673 1121 e
1691 1095 1776 1122 cera
1790 1102 1803 1129 3
1825 1083 1875 1122 fic

520 1151 583 1191 isti
615 1151 866 1206 providentia:
898 1149 1038 1189 divinae
1070 1149 1272 1188 materiam
1305 1148 1439 1202 praesto
1472 1148 1543 1187 ess‘e
1575 1150 1762 1203 oportuit,
1797 1163 1878 1189 non

520 1231 643 1273 quam
662 1218 740 1272 ipsa
759 1216 915 1264 faceret,
950 1217 1014 1256 sed
1034 1229 1154 1269 quam
1172 1214 1332 1254 haberet
1360 1225 1544 1269 paratam.
1595 1217 1715 1268 Qod
1741 1216 1769 1254 fi
1797 1229 1877 1255 non

521 1286 575 1325 est
594 1299 615 1324 a
634 1287 722 1325 Deo
756 1284 915 1323 materia
934 1282 1047 1328 faeta,
1074 1296 1122 1321 ne
1142 1291 1239 1321 terra
1259 1282 1434 1335 quidem,
1470 1291 1508 1320 et
1527 1295 1638 1335 aqua,
1673 1292 1712 1321 et
1731 1295 1806 1328 aer,
1837 1293 1877 1321 et

521 1352 624 1406 ignis
644 1365 665 1390 a
684 1353 770 1391 Deo
790 1349 912 1389 factus
933 1349 999 1388 est.

468 1420 619 1459 LACT.
640 1418 701 1457 lib.
730 1431 789 1456 11.
812 1425 892 1469 cap.
914 1415 972 1468 3.]
1002 1414 1097 1453 Non
1127 1414 1215 1452 sunt
1234 1413 1300 1453 ista
1321 1414 1439 1466 vulgo
1459 1413 1698 1466 disputanda,
1727 1428 1774 1453 ne
1795 1414 1874 1454 sus·

522 1494 649 1538 ceptas
670 1482 828 1538 publice
849 1481 1052 1534 religiones
1073 1479 1281 1533 disputatio
1302 1479 1387 1517 talis
1408 1479 1623 1533 extinguat.

780 1663 849 1701 Ex
881 1674 978 1702 LIB.
1010 1661 1043 1699 Ι.
1077 1673 1138 1699 οε
1171 1660 1554 1699 ΒινιΝΑτιοΝε.

466 1796 669 1835 onmm).
687 1793 748 1833 lib.
773 1793 827 1846 1.]
860 1794 1042 1832 Praeterea
1062 1790 1236 1830 fimiliter
1263 1788 1529 1829 cohortatione
1560 1789 1709 1829 circum
1740 1790 1874 1830 conci-

521 1860 664 1900 liabula
683 1858 931 1897 antecellunt.

842 2019 911 2057 Ex
947 2029 1043 2057 Lm.
1076 2017 1108 2056 1.
1143 2029 1203 2056 DE
1236 2017 1485 2056 Lamnus.

466 2153 615 2190 LACT.
638 2149 699 2189 lib.
722 2162 759 2187 v.
791 2156 870 2201 cap.
895 2147 955 2200 8.]
986 2146 1094 2185 Sicut
1114 2147 1189 2185 una
1207 2146 1419 2198 eademque
1441 2144 1573 2183 natur-51
1594 2145 1762 2184 mundus
1783 2159 1873 2185 om·

522 2217 634 2255 nibus
657 2215 828 2269 partibus
859 2214 960 2252 inter
980 2213 1015 2251 se
1045 2213 1350 2266 congruentibus
1382 2211 1545 2251 cohaeret
1566 2225 1608 2250 ac
1629 2212 1790 2257 nititur;
1822 2213 1872 2251 fic

520 2297 654 2322 omnes
675 2281 867 2326 homines,
900 2281 997 2318 inter
1018 2279 1053 2318 se
1085 2289 1217 2318 natura
1236 2278 1398 2323 confusi,
1431 2279 1612 2331 pravitate
1633 2278 1870 2323 diss‘entiunt,

521 2363 590 2388 nec
612 2349 646 2387 se
678 2348 904 2400 intelligunt
924 2347 995 2385 css‘e
1020 2347 1335 2400 consanguineos,
1368 2354 1404 2383 ct
1427 2345 1612 2397 subjectos
1634 2359 1769 2383 omncs
1803 2345 1872 2383 sub

520 2429 638 2454 unam
672 2414 909 2466 eandemque
941 2413 1130 2452 tutelam:
1162 2413 1267 2466 quod
1289 2413 1314 2453 si
1347 2421 1550 2457 teneretur,
1585 2412 1758 2452 Deorum
1780 2424 1873 2464 pro·

519 2482 620 2522 fecto
639 2482 758 2521 vitam
780 2494 915 2521 omncs
936 2481 1120 2521 viverent.
