2223 3003
717 267 1316 308 FRAGMENTA.
1628 287 1701 328 373

358 366 403 404 ad
424 366 502 405 dies
523 366 635 405 festos
657 376 899 420 comparatur
911 385 923 412 ς
947 367 1083 405 deinde
1099 368 1274 406 virilem:
1299 369 1391 407 item
1408 369 1556 409 dierum
1578 371 1702 411 solen-

357 433 469 471 nium
489 443 684 478 ornatum‚
707 447 776 471 nec
798 433 927 471 minus
945 434 1202 472 calceamenta
1222 435 1374 487 utrique
1394 436 1498 475 sexui
1518 439 1704 477 conveni-

356 499 477 537 entia:
501 509 586 538 tum
601 501 684 551 jam
706 499 869 537 seorsum
890 513 993 536 arma
1007 513 1049 537 ac
1070 501 1144 538 tela
1160 500 1450 553 seponebantur,
1472 512 1510 541 et
1530 504 1570 542 in
1590 505 1706 543 altera

358 575 462 618 parte
482 566 746 609 instrumenta,
769 565 912 617 quibus
944 566 990 603 ad
1008 566 1174 604 lanificia
1205 577 1393 606 utuntur:
1425 570 1521 621 post,
1555 584 1640 623 quae
1659 570 1706 610 ad

355 632 490 670 cibum
511 630 799 669 conficiendum
819 630 900 667 vasa
921 632 983 681 (με
1003 631 1175 683 assolent)
1207 633 1535 673 constituebantur
1551 654 1564 681 ς
1599 637 1702 683 inde,

357 710 442 748 quae
471 696 518 733 ad
544 695 790 739 lavationem,
822 708 906 746 quae
937 695 983 732 ad
1011 696 1313 741 exornationem,
1345 711 1430 750 quae
1459 700 1505 737 ad
1535 702 1704 740 mensam

356 762 635 815 quotidianam,
657 770 770 813 atque
799 761 1075 814 epulationem,
1107 762 1353 814 pertinerent,
1388 766 1703 816 exponebantur:

353 828 480 881 postea
499 841 546 865 ex
566 827 630 882 iis,
658 826 799 879 quibus
821 827 995 878 quotidie
1023 828 1184 873 utimur,
1217 829 1323 879 quod
1342 830 1582 869 menstruum
1602 832 1705 878 ess'et,

354 893 616 947 seposuimus3
649 893 754 945 quod
783 906 956 931 annuum
977 906 1146 945 quoque,
1178 895 1217 931 in
1235 894 1326 932 duas
1349 905 1470 947 partes
1491 897 1703 937 divifimus.

354 959 463 999 Nam
483 959 534 997 fic
554 959 683 997 minus
703 957 818 1003 fallit,
851 960 920 1010 qui
950 960 1074 997 exitus
1095 958 1249 998 futurus
1278 960 1336 999 fit.
1377 961 1476 999 Haec
1501 963 1706 1016 postquam

354 1027 485 1065 omnia
504 1025 748 1070 secrevimus,
771 1035 857 1063 tum
879 1025 944 1063 suo
964 1039 1126 1077 quaeque
1146 1026 1233 1064 loco
1253 1026 1534 1079 disposuimus:
1567 1030 1707 1069 deinde

354 1092 496 1144 quibus
526 1091 701 1144 quotidie
733 1090 869 1128 servuli
900 1100 1076 1135 utuntur,
1099 1105 1184 1143 quae
1204 1092 1250 1129 ad
1270 1092 1449 1138 lanificia,
1475 1108 1560 1146 quae
1579 1095 1626 1132 ad
1645 1095 1704 1133 ci-

353 1158 457 1197 baria
476 1157 676 1211 coquenda
694 1165 732 1195 et
759 1156 997 1195 conficienda
1016 1158 1223 1210 pertinent,
1253 1156 1336 1196 haec
1356 1159 1434 1211 ipsa
1462 1160 1523 1204 iis,
1556 1161 1625 1212 qui
1646 1162 1706 1201 uti

355 1225 490 1269 solent,
513 1224 756 1269 tradidimus,
787 1233 838 1269 et,
872 1225 940 1262 ubi
959 1237 1003 1262 ea
1029 1234 1229 1277 ponerent,
1261 1225 1618 1272 demonstravimus,
1652 1236 1704 1274 et,

354 1301 398 1330 ut
417 1290 514 1329 salva
533 1290 663 1335 essent,
684 1291 952 1343 praecepimus.
999 1291 1156 1342 Qibus
1184 1300 1313 1329 autem
1334 1292 1380 1330 ad
1400 1293 1478 1330 dies
1506 1292 1634 1338 festos,
1667 1302 1707 1332 et

353 1357 399 1395 ad
419 1356 617 1410 hospitum
638 1356 848 1395 adventum
868 1357 1029 1401 utimur,
1051 1354 1133 1394 haec
1152 1357 1281 1410 primo
1302 1357 1544 1402 tradidimus,
1566 1368 1604 1396 et
1622 1359 1710 1397 loca

353 1423 500 1476 fingula
519 1422 876 1468 demonstravimus,
905 1432 944 1461 et
963 1423 1105 1475 cuique
1126 1422 1190 1460 sua
1209 1424 1562 1469 annumeravimus,
1591 1433 1706 1477 atque

354 1497 600 1527 annumerata
619 1488 688 1540 ipsi
707 1488 987 1539 exscripfimus,
1007 1501 1171 1539 eamque
1189 1489 1479 1535 admonuimus,
1498 1499 1556 1535 ut,
1578 1491 1708 1543 quod-

355 1567 525 1606 cumque
545 1566 641 1606 opus
672 1551 774 1597 effet,
807 1551 917 1590 sciret
942 1552 1046 1590 unde
1077 1552 1208 1597 daret,
1241 1562 1279 1591 et
1309 1554 1555 1600 meminisset,
1591 1565 1706 1608 atque

356 1620 564 1664 adnotaret,
587 1618 696 1671 quid,
727 1627 765 1656 et
785 1617 952 1670 quando,
979 1627 1017 1656 et
1037 1617 1101 1656 cui
1121 1617 1288 1664 dedisset,
1310 1628 1363 1665 et,
1384 1633 1476 1659 cum
1498 1621 1705 1674 recepisset,

361 1696 403 1724 ut
433 1686 603 1738 quidque
626 1684 691 1723 suo
710 1684 797 1723 loco
819 1693 1031 1737 reponeret.

618 1843 1132 1879 OEconomxconoM
1178 1840 1386 1879 L113.11.

301 1964 477 2002 Cotum.
509 1960 571 2000 lib.
592 1974 642 1999 11.
675 1969 753 2014 cap.
783 1960 837 2013 1.]
869 1961 1079 2005 Utrumne,
1098 1959 1363 2005 Ischomache,
1392 1960 1567 2013 inquam,
1590 1961 1615 1999 fi
1646 1975 1704 2000 res

355 2028 553 2067 familiaris
574 2026 821 2073 defideraffet,
851 2027 1012 2065 mercari
1041 2026 1221 2065 villicum
1252 2036 1437 2078 tanquam
1457 2027 1626 2072 fabrum,
1657 2041 1707 2066 an

355 2092 434 2146 ipse
459 2093 654 2131 instituere
687 2092 942 2131 consuevisti?
985 2093 1072 2144 Ego
1101 2105 1190 2130 vero
1221 2091 1300 2143 ipse
1330 2091 1502 2130 instituo.
1544 2092 1706 2130 Etenim.

356 2159 423 2211 qui
445 2171 509 2196 me
538 2158 690 2196 absente
710 2158 750 2195 in
771 2171 904 2196 meum
925 2158 1057 2196 locum
1078 2156 1331 2201 substituitur,
1364 2166 1402 2195 et
1421 2157 1583 2196 vicarius
1609 2171 1705 2196 meae

357 2224 565 2278 diligentiae
586 2223 769 2268 succedit,
801 2223 831 2261 is
852 2235 906 2267 ea,
928 2235 1013 2275 quae
1034 2234 1119 2274 eg0‚
1140 2221 1232 2260 scire
1253 2222 1384 2261 debet.

603 2371 1118 2408 OEcoNOMICORUM
1167 2369 1279 2407 L113.
1311 2369 1387 2408 111.

304 2474 497 2514 Nomos.
529 2475 726 2528 Interfici]
767 2474 893 2513 Nullo
922 2473 1039 2512 modo
1074 2471 1225 2512 facilius
1258 2475 1421 2513 arbitror
1448 2473 1548 2528 posse
1577 2487 1703 2527 neque

356 2539 491 2579 herbas
513 2540 686 2588 arescere,
708 2550 746 2580 et
765 2539 929 2581 interfici
947 2569 959 2586 ‚
990 2552 1115 2594 neque
1134 2548 1274 2580 terram
1293 2540 1341 2580 ab
1360 2540 1437 2580 sole
1455 2540 1657 2594 percoqui.
