2223 3003
719 240 1322 282 FRAGMENTA.
1655 256 1731 294 401

333 340 448 380 NON.
469 339 603 394 AEra.]
635 339 744 392 Qid
765 349 822 385 tu,
844 340 1033 393 inquam?
1065 339 1172 384 soles,
1204 352 1296 378 cum
1317 338 1503 378 rationem
1530 351 1550 378 a
1575 338 1730 394 dispen-

385 407 503 445 satore
522 407 678 460 accipis,
711 407 737 445 fi
758 419 828 445 aera
857 405 1004 458 singula
1033 405 1212 459 probasti,
1242 405 1449 452 summam,
1481 419 1566 458 quae
1596 419 1642 446 ex
1668 406 1730 446 his

386 471 560 510 confecta
576 472 636 518 fit,
666 485 744 510 non
763 470 923 524 probare
939 473 952 508 ?

332 537 451 577 Non.
476 538 656 592 Scrzpta]
687 539 821 590 Itaque
847 537 920 576 tibi
940 537 1123 582 concedo,
1154 537 1259 589 quod
1286 537 1327 575 in
1352 537 1558 577 duodecim
1584 538 1732 592 scriptis

388 604 569 648 solemus,
590 613 634 641 ut
653 603 849 642 calculum
868 603 1038 648 reducas,
1060 603 1086 641 fi
1107 612 1144 641 te
1162 603 1323 655 alicujus
1345 603 1422 641 dati
1440 606 1615 657 poenitet.

332 668 454 706 NoN.
477 667 730 720 Gratficari]
761 666 891 718 Qare
920 666 1112 719 egredere,
1147 667 1272 719 quaeso
1286 686 1299 713 ;
1341 677 1379 706 et
1412 669 1622 721 gratificare
1657 671 1731 709 rei-

387 733 568 786 publicae.

334 800 470 845 IDEM,
493 797 660 853 Tollere]
691 800 717 827 ³¹⁶
736 797 836 838 nihil
867 808 997 840 tamen
1028 799 1113 846 effe,
1144 799 1185 838 in
1204 813 1284 853 quo
1302 799 1338 838 se
1363 800 1514 840 animus
1543 801 1732 842 excellens

386 866 512 905 tollat.

333 931 470 977 IDEM,
493 931 665 985 Capere.]
687 931 858 985 Captum
878 944 942 970 me
960 930 1124 978 fortasse,
1145 931 1290 985 inquis,
1310 939 1354 970 tu
1372 939 1497 986 putaS,
1519 941 1557 972 et
1574 933 1615 972 id
1630 933 1735 987 quod

388 998 551 1044 nollem,
572 997 749 1037 confiteri
768 999 960 1037 coactum.

333 1063 470 1109 IDEM,
493 1063 725 1116 Subducere.]
756 1065 822 1102 An
840 1077 933 1103 cum
954 1063 1078 1102 videat
1105 1076 1170 1102 me
1188 1072 1227 1102 et
1245 1075 1352 1102 meos
1372 1063 1549 1109 comites,
1575 1063 1734 1104 fortitu-

387 1129 537 1175 dinem,
558 1129 870 1183 magnitudinem
889 1130 1024 1176 animi,
1054 1130 1296 1184 patientiam,
1322 1129 1588 1176 constantiam,
1608 1131 1735 1185 gravi-

388 1204 525 1241 tatem,
546 1195 678 1241 fidem,
700 1195 779 1249 ipsa
797 1195 833 1234 se
850 1195 1064 1235 subducat?

334 1259 486 1300 PR1sc.
508 1261 569 1299 lib.
593 1261 676 1314 vn]
707 1263 732 1287 *
753 1270 797 1301 ut
817 1261 870 1300 ait
890 1261 1040 1300 Ennius
1053 1279 1067 1307 ς
1097 1261 1275 1315 Regfugiat
1294 1260 1414 1301 timido
1419 1263 1601 1315 simguen,
1630 1270 1738 1316 atque

388 1326 585 1381 exalbqstat
601 1337 711 1366 metu.

334 1390 454 1431 NON.
484 1393 700 1446 Praestare.]
732 1394 867 1446 Itaque
894 1405 963 1432 nec
993 1393 1035 1432 in
1066 1390 1310 1447 philosophia
1339 1391 1523 1446 cuiquam
1551 1391 1670 1438 ceflit,
1702 1402 1739 1432 et

389 1459 477 1496 vitae
496 1459 680 1510 gravitate
699 1459 885 1510 praestitit.

335 1525 473 1569 IDEM,
507 1523 771 1575 Contemptus]
817 1525 840 1549 ἐξ
874 1523 1102 1575 magnitudo
1137 1522 1287 1570 animi,
1325 1523 1509 1577 patientia
1538 1523 1738 1570 laborum,

392 1589 528 1628 mortis
549 1589 715 1641 denique
735 1589 991 1641 contemptio.

338 1655 474 1700 IDEM,
496 1655 741 1708 Detrahere]
774 1657 797 1681 ἕξ
820 1663 862 1693 ut
879 1668 921 1693 ea
938 1655 1008 1693 fibi
1029 1655 1123 1693 ratio
1143 1667 1228 1693 vera
1247 1653 1430 1701 restituat,
1466 1668 1552 1709 quae
1577 1655 1739 1694 consue·

392 1721 488 1760 tudo
507 1721 640 1760 vitiosa
659 1721 876 1761 detraxerit.

336 1787 452 1827 NON.
475 1788 700 1841 aspicere]
733 1787 1004 1826 Consolabitur
1028 1800 1119 1826 eum
1140 1787 1368 1840 magnitudo
1387 1785 1521 1832 animi,
1543 1795 1581 1826 et
1597 1785 1739 1826 huma-

392 1866 530 1891 narum
551 1854 784 1906 opinionum
802 1854 876 1892 alta
896 1854 1072 1906 quaedarn
1089 1853 1290 1906 despedfio.

339 1920 475 1964 IDEM,
494 1919 737 1972 Dedchum]
768 1919 900 1957 Habet
919 1919 1024 1957 enirn
1050 1918 1130 1972 ipsa
1148 1929 1292 1956 certam
1326 1927 1363 1957 et
1394 1918 1593 1957 definitam
1625 1919 1739 1963 viam,

393 1985 456 2024 sed
474 1999 520 2024 ex
540 1999 583 2024 ea
602 1985 738 2024 multis
760 1986 863 2024 vitiis
881 1994 919 2023 et
939 1985 1129 2024 erroribus
1151 1985 1349 2038 depravata
1368 1984 1584 2023 deducitur.

340 2052 476 2097 IDEM,
501 2052 723 2105 Vindicare.]
755 2054 779 2077 ἓ
801 2051 936 2090 deinde
956 2051 1141 2096 imitator,
1160 2060 1203 2089 ut
1223 2051 1292 2089 fibi
1312 2051 1470 2102 quidem
1487 2050 1648 2094 videtur,
1672 2063 1740 2088 na-

395 2127 489 2155 turae
508 2131 592 2156 mos
612 2119 795 2156 vindicat.

341 2185 476 2228 IDEM,
498 2183 714 2234 Exustam]
746 2182 973 2220 Imbecillus
1003 2191 1130 2219 autem
1151 2181 1202 2219 est
1223 2182 1380 2234 pudoris
1411 2181 1588 2235 magister
1609 2183 1739 2233 timor,

394 2249 477 2302 qui,
514 2249 538 2286 fi
575 2248 730 2302 quando
762 2247 966 2300 paululum
986 2247 1225 2292 aberraverit,
1253 2247 1378 2286 statim
1410 2247 1472 2300 spe
1499 2248 1741 2301 impunitatis

391 2315 555 2354 exultat.

342 2381 546 2419 SERvms.
567 2380 629 2419 lib.
654 2393 715 2419 lx.
731 2380 841 2434 AEn.]
865 2379 1015 2418 Sufficit
1034 2379 1080 2417 ad
1099 2378 1262 2432 gloriam
1281 2377 1472 2418 benefacti
1495 2379 1739 2418 conscientia.

343 2445 458 2484 NON.
480 2445 682 2499 Redundo.]
701 2448 811 2485 Tum
831 2446 1037 2500 intelligas,
1059 2458 1177 2500 quam
1196 2445 1294 2485 illud
1315 2459 1392 2484 non
1414 2445 1458 2484 fit
1479 2444 1739 2490 necessarium,

397 2511 503 2563 quod
523 2511 720 2550 redundat.

481 2578 611 2617 ΤοΜ.
644 2578 718 2617 ΙΙΙ.
1337 2577 1446 2617 Eee
