2223 3003
656 286 929 325 LIBER
986 287 1481 326 SECUNDUS.
1717 289 1764 341 83

380 392 406 408 ‘⁴
429 397 550 437 neque
571 385 693 423 nostra
724 385 820 423 nihil
853 386 1016 431 interest,
1046 387 1135 424 scire
1155 400 1197 423 ea
1217 400 1300 438 quae
1320 385 1448 424 futura
1479 385 1590 429 sunt;
1622 386 1766 423 erimus

383 455 411 472 “
431 451 534 489 enim
555 451 754 494 cautiores,
777 450 802 487 s1
822 450 1007 488 sciemus:
1039 464 1160 501 neque
1181 450 1255 488 hoc
1275 451 1441 488 alienum
1463 451 1611 488 ducunt
1631 450 1766 502 majes-

384 521 411 537 “
433 523 506 552 tate
527 515 612 559 sua,
644 514 741 552 nihil
771 513 823 551 est
851 514 955 550 enim
977 513 1226 551 beneficentia
1245 515 1503 565 praestantius:
1536 529 1660 567 neque
1689 528 1767 552 non

383 585 411 602 “
430 579 581 630 poffunt
601 578 728 616 futura
747 577 986 629 praenoscere.
1010 577 1103 615 Non
1123 577 1241 628 igitur
1261 578 1329 615 Dii
1350 578 1449 622 sunt,
1467 593 1534 615 nec
1555 580 1768 631 significant

384 650 411 666 “
432 643 540 680 nobis
572 641 699 679 futura
716 656 725 679 ε
758 641 843 678 sunt
872 649 1000 678 autem
1032 641 1100 679 Dii
1117 658 1128 685 ς
1160 641 1372 693 significant
1398 655 1500 694 ergo,
1546 643 1598 679 Et
1617 656 1707 687 non,
1740 644 1765 681 fi

383 714 410 730 “
430 707 641 759 fignificant
674 707 814 751 futura,
849 706 971 744 nullas
1002 706 1092 744 dant
1119 706 1228 744 nobis
1260 707 1337 744 vias
1369 706 1415 744 ad
1445 707 1767 758 fignificationum

383 779 409 795 ‘¹
429 772 639 817 scientiam,
660 771 796 810 frustra
814 773 918 810 enim
940 771 1194 825 significarent
1211 787 1220 810 :
1253 785 1390 825 neque,
1411 773 1437 811 fi
1457 772 1548 810 dant
1566 772 1658 817 vias,
1690 787 1766 812 non

383 844 411 861 “
431 838 483 876 est
502 838 708 876 divinatio:
731 837 783 875 est
802 838 920 890 igitur
939 837 1164 876 divinatio.''

435 903 471 940 O
493 912 621 941 acutos
641 902 840 941 homines!
873 916 990 955 quam
1006 903 1136 955 paucis
1163 902 1285 941 verbis
1312 903 1512 956 negotium
1544 901 1766 941 confestum

378 967 538 1020 putant!
562 969 618 1006 Ea
637 968 792 1007 sumunt
811 968 857 1006 ad
876 967 1200 1013 concludendum,
1217 981 1383 1020 quorum
1404 969 1450 1006 iis
1471 966 1570 1006 nihil
1585 967 1765 1005 concedi-

380 1043 454 1071 tur.
500 1034 706 1072 Conclusio
725 1042 853 1072 autem
873 1034 1027 1072 rationis
1047 1047 1090 1072 ea
1119 1033 1314 1086 probanda
1330 1034 1397 1079 est,
1428 1035 1468 1071 in
1488 1047 1565 1086 qua
1589 1046 1635 1071 ex
1655 1033 1765 1071 rebus

380 1111 457 1136 non
477 1099 602 1137 dubiis
624 1099 676 1144 id,
699 1099 802 1151 quod
820 1099 1030 1145 dubitatur,
1051 1099 1230 1137 efficitur.

436 1165 484 1202 L.
507 1164 671 1202 Videsne
691 1165 922 1216 Epicurum,
949 1178 1066 1215 quem
1085 1163 1264 1202 hebetem
1284 1173 1323 1202 et
1341 1165 1474 1203 rudem
1495 1164 1619 1203 dicere
1647 1164 1768 1203 solent

381 1229 513 1274 Stoici,
541 1229 884 1281 quemadmodum,
915 1229 1019 1281 quod
1045 1229 1087 1266 in
1114 1238 1246 1266 natura
1270 1242 1398 1267 rerum
1426 1243 1541 1267 omne
1569 1229 1640 1266 effe
1667 1229 1767 1266 dici-

380 1308 481 1339 mus,
512 1294 552 1332 id
571 1294 770 1332 infinitum
789 1293 859 1332 esse
878 1294 1104 1332 concluserit
1121 1294 1134 1330 ?
1164 1293 1270 1346 Qod
1268 1294 1420 1345 finitum
1439 1294 1495 1347 ss,
1527 1294 1668 1346 inquit,
1698 1294 1766 1332 ha-

378 1360 436 1399 bet
469 1369 674 1399 extremum.
721 1360 820 1411 Qis
840 1358 916 1398 hoc
935 1373 1012 1398 non
1032 1359 1207 1398 dederit?
1237 1359 1342 1411 Qod
1363 1369 1482 1398 autem
1510 1360 1617 1398 habet
1646 1368 1767 1398 extre-

381 1440 487 1470 mum,
518 1426 558 1464 id
581 1426 743 1464 cernitur
761 1440 803 1464 ex
835 1426 903 1464 alio
921 1425 1146 1479 extr-itficus.
1192 1426 1284 1464 Hoc
1303 1439 1458 1478 quoque
1477 1425 1529 1463 est
1553 1425 1767 1463 conceden-

381 1490 490 1528 dum.
540 1492 611 1535 At,
643 1491 735 1543 quod
748 1505 843 1529 omne
861 1491 918 1543 ss,
945 1490 985 1530 id
997 1505 1064 1529 non
1081 1491 1244 1530 cernitur
1270 1506 1312 1529 ex
1333 1492 1400 1530 alio
1419 1491 1644 1545 extrirgsbcus.
1703 1491 1769 1529 Ne

381 1555 457 1593 hoc
477 1555 635 1608 quidem
656 1557 783 1608 negari
803 1556 938 1608 potest.
978 1556 1091 1595 Nihil
1103 1556 1218 1609 igitur
1237 1571 1314 1595 cum
1333 1556 1462 1595 habeat
1480 1565 1688 1600 extremum,
1707 1556 1766 1593 in-

367 1621 519 1673 finitum
533 1621 591 1671 stt
609 1620 729 1673 necessb
747 1620 803 1671 est.
835 1620 1012 1665 Videsne,
1044 1629 1088 1658 ut
1112 1621 1157 1658 ad
1178 1634 1258 1658 rem
1278 1621 1435 1658 dubiam
1456 1620 1634 1658 conceffis
1655 1620 1767 1658 rebus

380 1685 622 1738 pervenerit?
653 1686 744 1723 Hoc
771 1697 835 1722 vos
867 1684 1054 1722 dialectici
1086 1697 1163 1722 non
1197 1683 1349 1722 facitis:
1381 1697 1451 1723 nec
1470 1684 1594 1723 solum
1624 1697 1665 1722 ea
1689 1697 1768 1722 non

382 1750 531 1789 sumitis
551 1750 596 1787 ad
616 1749 941 1794 concludendum,
962 1764 1047 1802 quae
1066 1750 1113 1787 ab
1133 1750 1313 1788 omnibus
1333 1750 1590 1788 concedantur
1602 1768 1614 1795 ς
1646 1750 1706 1788 sed
1725 1762 1769 1788 ea

383 1816 546 1860 sumitis,
581 1815 722 1868 quibus
752 1815 946 1860 conceffis,
979 1814 1102 1852 nihilo
1135 1815 1257 1867 magis
1276 1815 1462 1853 efficiatur
1491 1815 1595 1868 quod
1627 1815 1766 1854 velitis.

382 1883 558 1921 Primum
578 1881 681 1918 enim
701 1879 776 1918 hoc
796 1880 968 1918 sumitis:
1002 1881 1044 1918 Si
1054 1881 1150 1932 sient
1169 1880 1253 1924 Dii,
1285 1880 1426 1932 benqfici
1441 1881 1476 1918 in
1495 1880 1644 1919 homines
1657 1881 1766 1932 fimt.

381 1949 481 1999 Qis
508 1946 582 1985 hoc
602 1945 710 1984 vobis
741 1945 877 1984 dabit?
908 1945 1158 1998 Epicurusne,
1185 1945 1253 1997 qui
1272 1954 1398 1998 negat,
1430 1945 1642 1998 quidquam
1663 1946 1767 1983 Deos

379 2026 450 2051 nec
470 2012 580 2050 alieni
601 2025 743 2056 curare,
765 2024 834 2049 nec
855 2011 910 2049 sui
929 2012 942 2048 ?
973 2013 1036 2049 An
1057 2010 1178 2050 noster
1199 2011 1363 2055 Ennius,
1389 2011 1456 2063 qui
1476 2024 1616 2064 magno
1635 2010 1769 2065 plausu

379 2078 564 2130 loquitur,
584 2076 800 2115 afi‘entiente
819 2076 993 2130 populo?

518 2145 596 2196 Ego
615 2144 735 2182 Dez‘c'm
750 2157 863 2196 genus
881 2142 1086 2196 effisi’mper
1105 2142 1190 2188 dixi,
1212 2151 1247 2181 et
1265 2142 1377 2182 dicam
1396 2142 1548 2181 caelitum
1562 2158 1577 2181 :

517 2209 588 2248 Sed
601 2224 653 2248 eos
671 2223 738 2247 non
757 2223 886 2248 curare
904 2210 1038 2262 opinor,
1060 2209 1148 2262 quid
1159 2218 1248 2261 agat
1267 2209 1457 2248 humanum
1475 2223 1600 2261 genus.

381 2276 434 2313 Et
453 2275 625 2327 quidem,
660 2288 728 2313 cur
758 2275 807 2312 fic
842 2275 1033 2327 opinetur,
1066 2275 1251 2312 rationem
1273 2274 1438 2326 subjicit.
1486 2274 1556 2312 Sed
1587 2271 1685 2312 nihil
1715 2272 1769 2312 est

382 2340 521 2378 neceffe
541 2341 680 2386 dicere,
712 2355 796 2393 quae
816 2340 1039 2393 sequuntur.
1082 2341 1257 2378 Tantum
1277 2339 1329 2378 sat
1347 2339 1400 2377 est
1432 2340 1612 2392 intelligi,
1646 2339 1685 2377 id
1705 2339 1768 2378 su-

384 2417 486 2443 mere
505 2407 591 2445 istos
611 2420 680 2459 pro
699 2416 816 2451 certo,
837 2407 941 2458 quod
960 2406 1123 2444 dubium
1140 2405 1502 2458 controversumque
1521 2405 1578 2444 fit.

443 2470 512 2507 LI.
535 2473 714 2523 Sequitur
732 2485 858 2524 porro,
889 2472 1000 2511 Nihil
1014 2473 1112 2510 Deos
1131 2472 1309 2524 ignorare,
1332 2471 1425 2524 quod
1445 2471 1644 2522 omniastnt
1663 2470 1709 2509 ab
1727 2470 1770 2508 iis

382 2534 582 2587 constituta.
614 2537 693 2573 Hic
719 2551 807 2574 vero
835 2546 976 2588 quanta
995 2550 1123 2589 pugna
1142 2536 1194 2574 est
1214 2536 1516 2574 doctiffimorum
1546 2535 1766 2578 hominurn,

385 2600 608 2653 negantium
636 2599 706 2638 effe
731 2600 812 2640 haec
838 2615 858 2640 a
878 2603 966 2641 Diis
997 2601 1279 2641 immortalibus
1307 2600 1543 2639 constituta?
1577 2601 1636 2639 At
1654 2600 1770 2656 nostra

1365 2665 1398 2703 L
1421 2677 1443 2703 2
