2223 3003
436 290 517 327 224
833 271 937 310 DE
1014 270 1442 310 OFFICIIS

438 378 496 416 illi
519 376 602 429 ipsi,
633 371 812 412 doc-‘’trinit-
833 370 964 409 studiis
991 379 1030 408 et
1050 369 1241 423 sapientiae
1261 369 1395 415 dediti,
1425 369 1471 408 ad
1501 366 1711 408 hominum
1731 370 1841 410 utili-

438 453 555 482 tatem
577 441 682 478 suam
702 436 1002 490 intelligentiam
1019 435 1342 489 prudentiamque
1360 435 1603 489 potiffimum
1622 434 1842 475 conferunt.

439 510 505 547 Ob
525 519 686 558 eamque
705 503 854 543 causam
874 503 1007 557 eloqui
1027 503 1192 556 copiose,
1223 503 1343 542 modo
1364 503 1585 557 prudenter,
1615 503 1757 542 melius
1775 503 1842 549 est,

437 582 556 627 quam
578 572 636 611 vel
657 571 869 610 acutissime
890 570 965 609 fine
996 570 1217 623 eloquentia
1246 571 1414 624 cogitare
1429 590 1442 617 5
1474 571 1580 624 quod
1600 570 1784 624 cogitatio
1802 570 1843 608 in

438 643 474 680 se
495 640 573 694 ipsa
603 638 777 683 vertitur,
808 637 1029 690 eloquentia
1055 636 1331 690 complectitur
1362 651 1438 683 eos,
1469 637 1704 690 quibuscum
1730 648 1842 676 com-

436 708 628 747 munitate
643 705 769 759 junCti
790 704 935 743 sumus.

508 776 639 826 Atque
675 781 717 810 ut
752 784 870 824 apum
903 769 1081 809 examina
1115 783 1192 808 non
1224 769 1495 822 fingendorum
1525 769 1703 808 favorum
1738 768 1846 807 causa

431 848 732 894 congregantur,
763 837 838 881 sed,
874 850 967 874 cum
1001 836 1287 888 congregabilia
1319 836 1454 875 natura
1485 836 1570 882 sint,
1607 835 1760 889 fingunt
1785 833 1846 873 fa·

439 921 534 951 vos;
577 906 626 944 sic
658 904 852 948 homines,
882 915 925 940 ac
957 901 1084 940 multo
1114 903 1230 940 etiam
1262 902 1400 955 magis,
1442 912 1575 941 natura
1608 902 1844 956 congregati,
1890 903 1893 905 ’

439 966 624 1010 adhibent
655 969 792 1023 agendi
822 968 1096 1021 cogitandique
1116 967 1322 1006 solertiam.
1366 969 1514 1021 Itaque,
1548 968 1616 1007 nisi
1647 981 1690 1006 ea
1708 968 1844 1012 virtus,

438 1051 525 1090 quae
545 1036 691 1076 constat
721 1049 768 1073 ex
798 1033 1027 1073 hominibus
1060 1033 1228 1079 tuendis,
1263 1033 1304 1071 id
1333 1034 1399 1079 est,
1421 1047 1469 1072 ex
1489 1034 1666 1072 societate
1698 1034 1847 1086 generis

440 1103 617 1147 humani,
648 1101 812 1154 attingat
843 1099 1109 1152 cognitionem
1130 1112 1273 1144 rerum,
1305 1097 1470 1152 solivaga
1498 1099 1686 1152 cognitio,
1721 1107 1760 1136 et
1783 1099 1846 1150 je-

432 1171 532 1223 juna
551 1169 735 1208 videatur.
769 1168 947 1219 Itemque
977 1166 1205 1219 magnitudo
1223 1166 1360 1212 animi,
1391 1175 1539 1205 remota
1562 1165 1848 1205 communitate

441 1236 791 1289 conjunctioneque
811 1233 995 1278 humana,
1026 1232 1153 1271 feritas
1184 1233 1229 1271 sit
1249 1235 1424 1286 quaedam
1444 1241 1484 1271 et
1502 1232 1738 1271 immanitas.
1789 1231 1848 1269 Ita

442 1303 501 1348 fit,
528 1311 572 1341 ut
590 1302 719 1340 vincat
738 1299 971 1353 cognitionis
1006 1298 1177 1337 studium
1208 1299 1441 1337 consociatio
1469 1298 1698 1343 hominum,
1732 1306 1847 1350 atque

437 1369 719 1408 communitas.

497 1435 585 1474 Nec
606 1447 739 1472 verum
760 1431 826 1477 est,
857 1431 962 1484 quod
982 1431 1124 1469 dicitur
1153 1444 1174 1469 a
1194 1430 1440 1484 quibusdam,
1470 1439 1626 1484 propter
1651 1429 1848 1468 necessita-

441 1510 522 1540 tem
542 1501 643 1545 vitae,
674 1499 780 1552 quod
800 1512 855 1543 ea,
887 1511 972 1552 quae
1001 1506 1134 1535 natura
1163 1497 1397 1542 desideraret,
1428 1496 1611 1549 consequi
1642 1495 1719 1534 sine
1749 1496 1849 1540 aliis,

441 1577 558 1621 atque
577 1567 727 1605 efficere
758 1578 836 1604 non
857 1563 1063 1617 possemus,
1093 1563 1239 1602 idcirco
1258 1563 1369 1602 istam
1399 1562 1470 1601 effe
1495 1576 1589 1602 cum
1620 1561 1850 1602 hominibus

441 1633 769 1673 communitatem
802 1639 840 1669 et
874 1629 1110 1669 societatem.
1161 1630 1281 1681 Qiod
1315 1630 1342 1669 fi
1375 1630 1507 1669 omnia
1527 1629 1654 1674 nobis,
1685 1642 1770 1682 quae
1804 1628 1852 1667 ad

443 1701 590 1739 victum
629 1699 862 1751 cultumque
896 1697 1101 1750 pertinent,
1148 1697 1251 1750 quasi
1290 1697 1438 1750 virgula
1473 1697 1614 1742 divina,
1646 1705 1690 1734 ut
1727 1696 1849 1740 aiunt,

444 1767 801 1820 suppedita1·entur;
835 1773 919 1801 tum
939 1763 1091 1816 optimo
1112 1763 1274 1816 quisque
1294 1763 1463 1816 ingenio,
1483 1762 1646 1815 negotiis
1665 1762 1849 1800 omnibus

444 1832 603 1875 omiffis,
636 1840 762 1868 totum
797 1829 830 1867 se
861 1830 899 1866 in
931 1829 1152 1881 cognitione
1172 1839 1209 1866 et
1231 1829 1386 1867 scicntia
1416 1828 1634 1867 collocaret.
1682 1828 1776 1866 Non
1798 1827 1851 1865 est

445 1899 523 1936 ita:
556 1910 644 1934 nam
665 1905 702 1932 ct
722 1894 968 1932 solitudinem
990 1893 1153 1945 fugeret,
1175 1903 1212 1930 ct
1235 1894 1380 1931 socium
1402 1894 1514 1931 studii
1535 1903 1740 1945 quaereret:
1766 1903 1850 1931 tum

445 1964 594 2007 docere,
627 1970 713 1999 tuni
733 1959 872 1998 discere
892 1959 1018 2004 vellet,
1051 1968 1135 1997 tum
1156 1959 1300 2004 audire,
1322 1968 1406 1997 tum
1428 1959 1566 1997 dicere.
1611 1959 1715 2011 Ergo
1734 1972 1851 1997 omne

443 2029 635 2073 officium,
671 2026 776 2080 quod
807 2027 853 2065 ad
886 2026 1200 2078 conjunctionem
1232 2025 1457 2070 hominum,
1488 2035 1525 2064 et
1556 2025 1601 2063 ad
1633 2025 1851 2065 societatem

447 2096 628 2134 tuendam
651 2094 762 2139 valet,
795 2092 1109 2146 anteponendum
1129 2092 1181 2131 est
1200 2092 1258 2131 illi
1279 2092 1423 2137 officio,
1446 2092 1551 2145 quod
1571 2091 1794 2144 cognitione
1813 2101 1853 2131 ct

449 2163 602 2201 scientia
623 2161 858 2200 continetur.

506 2229 630 2267 XLV.
667 2227 769 2266 Illud
790 2225 944 2265 forsitan
973 2225 1224 2279 quaerendum
1252 2225 1309 2271 sit,
1342 2239 1436 2264 num
1469 2224 1550 2264 haec
1576 2225 1851 2269 communit-is,

447 2310 532 2349 qna:
555 2295 724 2333 maxime
743 2294 795 2332 est
815 2303 901 2347 apta
922 2303 1078 2338 naturae,
1102 2293 1144 2331 sit
1165 2294 1281 2331 etiam
1307 2292 1562 2331 moderationi
1584 2291 1854 2343 modestia-que

451 2362 596 2415 semper
616 2359 890 2413 anteponenda.
924 2359 1018 2399 Non
1040 2359 1163 2412 placet
1182 2374 1190 2397 :
1224 2359 1310 2398 sunt
1339 2359 1444 2397 enim
1466 2358 1640 2411 quaedam
1664 2357 1714 2395 ita
1736 2355 1853 2402 find-i,

450 2428 589 2482 partim
612 2428 662 2465 ita
684 2426 879 2480 flagitiosa,
911 2435 953 2464 ut
969 2439 1026 2471 ea,
1056 2440 1101 2464 nc
1119 2424 1382 2464 conservanda:
1402 2425 1561 2477 quidem
1584 2425 1710 2477 patri-,c
1731 2423 1853 2469 causa,

450 2495 594 2548 sapiens
629 2492 794 2532 facturus
830 2493 886 2531 sit.
939 2493 995 2531 Ea
1030 2492 1252 2532 Posidonius
1283 2491 1444 2545 collegit
1476 2491 1679 2545 permulta,
1711 2489 1772 2529 scd
1803 2490 1855 2528 ita

449 2571 545 2599 tetra
564 2560 753 2614 quiedam,
785 2560 836 2598 ita
862 2559 1053 2606 obscoena,
1086 2569 1128 2597 ut
1163 2559 1267 2597 dictu
1298 2572 1454 2611 quoque
1483 2558 1683 2596 videantur
1713 2556 1852 2609 turpia.

449 2627 547 2667 Haec
589 2627 707 2682 igitur
745 2639 822 2666 non
862 2625 1038 2680 suscipiet
1072 2626 1295 2680 reipublicoe
1329 2625 1464 2671 causa5
1516 2638 1562 2664 nc
1601 2638 1656 2664 res
1693 2622 1851 2677 quidem
