2223 3003
833 295 935 336 DE
1021 295 1270 334 FATO.
1674 307 1745 346 103

359 399 478 450 igitur
510 396 784 450 astrologorum
818 405 992 449 percepta
1024 395 1268 448 hujusmodi5
1301 394 1338 433 Si
1369 394 1469 447 quis,
1501 394 1605 432 verbi
1626 394 1746 439 causa,

358 464 504 502 oriente
539 463 723 501 Canicula
753 471 860 499 natus
895 461 961 504 est,
993 462 1023 498 is
1058 462 1098 498 in
1132 462 1227 499 mari
1261 474 1338 498 non
1371 461 1565 498 morietur.
1604 460 1746 512 Vigila,

360 528 586 581 Chryfippe,
617 541 664 565 ne
683 536 789 564 tuam
809 525 975 568 causam,
1002 525 1042 561 in
1063 538 1138 575 qua
1168 525 1240 561 tibi
1271 538 1363 562 cum
1383 526 1569 569 Diodoro,
1602 526 1748 563 valente

358 593 569 636 dialectico,
591 603 728 642 magna
747 590 904 627 luctatio
925 588 991 632 est,
1015 588 1170 626 deseraS.
1214 589 1251 625 Si
1272 589 1375 625 enim
1403 590 1454 626 est
1475 604 1621 634 verum,
1644 591 1748 642 quod

358 659 411 695 ita
428 656 680 699 connectitur,
712 654 748 692 Si
769 654 856 705 quis
886 653 1030 691 oriente
1051 653 1236 691 Canicula
1267 661 1376 691 natus
1396 654 1462 697 est,
1489 655 1529 690 in
1550 656 1643 692 mari
1670 670 1745 693 non

359 722 570 765 morietur;
601 719 700 757 illud
719 732 872 770 quoque
904 731 1035 756 verum
1055 717 1121 762 est,
1154 718 1191 756 Si
1213 717 1354 756 Fabius
1389 719 1532 756 oriente
1564 720 1747 758 Canicula

358 797 468 825 natus
488 787 555 831 est,
575 785 716 824 Fabius
736 785 779 821 in
796 784 892 822 mari
913 797 988 822 non
1010 784 1208 822 morietur.
1241 785 1419 836 Pugnant
1439 798 1528 836 ergo
1549 783 1629 821 haec
1650 785 1747 822 inter

358 852 407 896 se,
429 852 593 890 Fabium
613 851 757 887 oriente
776 849 950 887 canicula
968 859 1102 887 natum
1118 848 1202 893 effe,
1233 858 1271 886 et
1291 849 1457 887 Fabium
1479 850 1518 886 in
1540 850 1636 886 mari
1658 863 1746 888 mo-

356 917 521 954 riturum
539 929 548 953 ε
579 924 616 952 et
634 915 819 966 quoniam
839 923 987 952 certum
1008 915 1048 951 in
1070 914 1190 952 Fabio
1210 914 1380 966 ponitur,
1410 923 1540 951 ortum
1565 913 1635 952 effe
1656 927 1747 952 eum

357 981 543 1020 Canicula
574 981 733 1025 oriente,
765 979 846 1018 haec
873 993 1027 1032 quoque
1055 990 1242 1033 pugnant,
1278 990 1315 1017 et
1335 980 1406 1017 effe
1426 980 1606 1025 Fabium,
1638 991 1676 1018 et
1706 981 1747 1018 in

356 1048 453 1085 mari
471 1047 543 1085 effe
562 1047 810 1085 moriturum.
832 1047 938 1098 Ergo
957 1045 1038 1083 haec
1059 1059 1212 1098 quoque
1231 1046 1452 1097 conjundfio
1468 1046 1519 1083 est
1539 1059 1585 1084 ex
1605 1059 1746 1098 repug-

355 1113 550 1157 nantibus,
581 1114 636 1150 Et
668 1111 713 1163 est
742 1111 892 1155 Fabius,
922 1120 957 1149 et
990 1112 1030 1149 in
1056 1112 1152 1149 mari
1178 1112 1314 1150 Fabius
1343 1112 1513 1150 morietur
1529 1128 1541 1150 :
1573 1112 1676 1164 quod
1703 1122 1747 1150 ut

355 1178 593 1231 propositum
612 1177 678 1222 est,
709 1191 757 1214 ne
776 1177 856 1214 fieri
876 1177 1034 1228 quidem
1054 1177 1189 1229 potesta
1227 1178 1332 1229 Ergo
1352 1176 1462 1221 illud,
1494 1178 1686 1215 Morietur
1705 1178 1746 1215 in

356 1244 453 1282 mari
471 1243 627 1287 Fabius,
645 1255 693 1280 ex
711 1255 755 1279 eo
775 1255 912 1294 genere
931 1241 1005 1286 est,
1027 1241 1132 1292 quod
1154 1241 1232 1279 fieri
1253 1254 1330 1279 non
1351 1242 1485 1293 potest.
1519 1242 1649 1279 Omne
1669 1243 1745 1294 igi-

355 1319 431 1355 t-ur,
463 1309 567 1362 quod
586 1308 725 1346 falsum
745 1308 885 1346 dicitur
905 1309 943 1346 in
965 1306 1114 1354 futuro,
1131 1307 1170 1346 id
1191 1307 1271 1346 fieri
1291 1321 1368 1346 non
1388 1306 1524 1360 potest.

409 1377 503 1415 VII.
534 1378 590 1415 At
619 1375 708 1421 hoc,
740 1375 964 1429 Chrysippe,
999 1375 1162 1414 minime
1195 1376 1279 1421 vis;
1322 1376 1567 1427 maximeque
1599 1375 1669 1413 tibi
1700 1376 1746 1414 de

356 1441 432 1480 hoc
451 1441 532 1494 ipso
551 1456 642 1480 cum
676 1443 850 1480 Diodoro
883 1452 1075 1480 certamen
1095 1442 1159 1481 est.
1211 1442 1282 1480 Ille
1312 1443 1417 1480 enim
1448 1442 1487 1479 id
1514 1442 1638 1479 solum
1664 1442 1744 1479 fieri

356 1506 458 1559 poffe
478 1507 586 1550 dicit,
605 1508 708 1558 quod
728 1518 792 1546 aut
812 1508 855 1546 fit
870 1522 1018 1553 verum,
1037 1518 1102 1546 aut
1121 1507 1299 1546 futurum
1321 1508 1364 1546 fit
1379 1522 1536 1545 verum:
1559 1518 1608 1552 et,
1629 1508 1744 1559 quid-

357 1572 451 1624 quid
471 1571 648 1610 futurum
667 1572 726 1618 fit,
759 1573 799 1611 id
830 1573 924 1611 dicit
955 1573 1037 1611 fieri
1068 1573 1208 1611 neceffe
1232 1573 1302 1611 effe
1319 1592 1330 1617 3
1363 1583 1414 1618 et,
1447 1573 1636 1624 quidquid
1667 1586 1744 1610 non

357 1638 401 1676 fit
419 1637 611 1682 futurum,
643 1638 681 1674 id
702 1647 814 1689 negat
833 1637 915 1674 fieri
946 1637 1058 1689 poffe.
1104 1639 1183 1681 Tu,
1215 1646 1253 1675 et
1286 1651 1369 1689 quae
1403 1651 1480 1675 non
1511 1637 1582 1674 s1nt
1601 1636 1742 1681 futura,

355 1703 455 1756 poffe
476 1703 557 1740 fieri
577 1703 686 1746 dicis,
719 1713 761 1740 ut
780 1702 904 1754 frangi
933 1702 1031 1741 hanc
1051 1716 1260 1755 gemmam,
1291 1703 1406 1740 etiam
1426 1703 1451 1740 s1
1483 1703 1521 1740 id
1542 1716 1743 1755 nunquam

356 1767 533 1806 futurum
553 1768 624 1806 fit:
656 1781 778 1819 neque
809 1767 950 1806 neceffe
979 1767 1087 1806 fuiffe
1119 1768 1327 1821 Cypselum
1361 1782 1514 1820 regnare
1547 1768 1741 1813 Corinthi,

357 1847 577 1887 quanquam
611 1833 651 1871 id
684 1833 889 1871 millefimo
922 1843 1007 1871 ante
1049 1847 1149 1871 anno
1178 1834 1373 1886 Apollinis
1409 1835 1562 1872 oraculo
1595 1835 1744 1873 editum

355 1899 456 1937 effet.
503 1901 558 1937 At
577 1899 605 1936 fi
629 1899 696 1936 ista
715 1898 982 1950 comprobabis
1011 1898 1139 1936 divina
1168 1899 1344 1951 praedic‘ca
1360 1916 1371 1943 ς
1404 1908 1442 1936 et
1472 1912 1555 1950 quae
1584 1897 1672 1936 falsa
1703 1900 1744 1937 in

355 1963 496 2002 futuris
517 1965 704 2008 dicentur,
735 1964 776 2001 in
805 1962 866 2002 his
886 1962 1087 2008 habemus,
1119 1973 1161 2001 ut
1179 1977 1221 2002 ea
1239 1963 1320 2002 fieri
1339 1978 1417 2002 non
1437 1964 1574 2016 poffint
1592 1979 1600 2001 ε
1633 1974 1689 2009 ut,
1717 1964 1744 2002 fi

355 2031 516 2074 dicatur,
535 2029 764 2068 Africanum
786 2028 1017 2081 Carthagine
1037 2029 1277 2081 potiturum:
1305 2039 1356 2074 et,
1378 2030 1404 2067 fi
1424 2043 1509 2066 vere
1528 2030 1676 2067 dicatur
1696 2030 1743 2067 de

354 2095 500 2139 futuro,
533 2094 649 2148 idque
679 2095 732 2132 ita
750 2093 927 2132 futurum
948 2095 1005 2139 fit,
1038 2094 1138 2132 dicas
1159 2093 1230 2132 effe
1262 2094 1520 2132 necessarium.
1564 2096 1662 2146 Qae
1691 2094 1744 2132 est

356 2170 434 2198 tota
455 2159 618 2197 Diodori
638 2159 745 2197 vobis
764 2159 923 2197 inimica
941 2159 1134 2197 sententia.
1178 2159 1231 2197 Et
1250 2160 1355 2197 enirn
1375 2159 1401 2197 fi
1425 2159 1522 2197 illud
1542 2172 1625 2197 vere
1645 2173 1740 2197 con-

355 2225 533 2269 nectitur,
565 2225 603 2262 Si
635 2224 780 2262 oriente
810 2223 996 2261 Canicula
1014 2233 1124 2262 natus
1154 2236 1207 2268 es,
1237 2223 1277 2261 in
1305 2224 1400 2262 mari
1432 2237 1507 2262 non
1539 2224 1739 2268 morieris3

355 2290 617 2342 primumque,
649 2289 754 2341 quod
782 2289 834 2327 est
864 2289 905 2327 in
935 2302 1121 2334 connexo,
1153 2289 1279 2327 Natus
1312 2302 1349 2327 es
1369 2289 1512 2327 oriente
1541 2290 1738 2332 Canicula,

357 2355 600 2393 necessarium
620 2355 671 2393 est
688 2373 700 2400 ς
735 2355 883 2406 (omnia
901 2355 1007 2394 enim
1027 2368 1112 2393 vera
1131 2355 1171 2393 in
1191 2355 1401 2408 praeteritis,
1425 2355 1620 2393 neceffaria
1640 2355 1740 2399 sunt,

358 2427 401 2456 ut
422 2419 633 2473 Chryfippo
652 2421 791 2473 placet,
813 2420 1043 2459 diffentienti
1070 2434 1091 2459 a
1109 2420 1288 2473 magistro
1309 2419 1510 2465 Cleanthe,
1546 2421 1635 2472 quia
1655 2420 1741 2458 sunt

358 2482 626 2529 immutabilia,
656 2498 726 2523 nec
747 2485 787 2523 in
807 2484 944 2523 falsum
964 2499 984 2522 e
1002 2499 1091 2523 vero
1120 2485 1305 2538 praeterita
1325 2485 1475 2537 poss'unt
1494 2485 1681 2533 converti)
1714 2484 1738 2520 si

360 2547 477 2601 igitur
504 2548 608 2601 quod
626 2550 798 2602 primum
817 2551 858 2590 in
886 2563 1060 2591 connexo
1078 2550 1144 2598 est,
1175 2549 1422 2589 necessarium
1442 2550 1493 2588 est
1507 2568 1518 2595 3
1552 2549 1594 2588 fit
1623 2549 1738 2586 ctiam
