2223 3003
398 242 448 283 86
688 242 791 281 DE
848 240 1497 281 DIVINATIONE

398 339 628 377 viderentur.
662 337 756 375 Non
786 336 856 374 effe
875 345 1004 374 autern
1034 336 1132 374 illud
1162 350 1315 375 carmen
1335 336 1513 382 furentis,
1547 349 1638 376 cum
1658 337 1784 391 ipsum

398 417 534 456 poema
553 403 728 446 declarat,
752 402 820 452 (est
840 402 945 439 enim
966 402 1087 454 magis
1107 403 1196 441 artis
1212 413 1250 441 et
1268 403 1491 455 diligentiae,
1513 416 1630 455 quam
1647 403 1785 441 incita-

398 468 550 505 tationis
563 476 600 504 et
621 467 767 517 motus)
787 475 871 504 tum
889 480 976 504 vero
995 480 1037 504 ea
1053 480 1138 518 quae
1157 466 1321 521 αἰκξοςιχὶς
1335 468 1490 513 dicitur,
1503 481 1594 506 cum
1611 468 1787 520 deinceps

397 546 442 569 ex
458 532 592 584 primis
614 531 737 570 versus
754 531 874 570 literis
894 532 1040 584 aliquid
1059 533 1312 577 connectitur,
1330 542 1373 570 ut
1393 533 1433 570 in
1455 533 1684 584 quibusdam
1703 533 1787 570 En-

398 596 536 641 nianis,
557 598 608 648 Q
627 597 768 635 Ennius
772 597 884 648 ficit.
930 597 976 635 Id
995 607 1096 635 certe
1123 597 1244 650 magis
1264 597 1317 635 est
1345 599 1479 636 attenti
1505 598 1639 642 animi,
1671 611 1789 649 quam

399 660 574 700 furentis.
607 664 738 714 Atque
758 663 799 699 in
819 662 1015 713 Sibyllinis
1035 676 1081 700 ex
1112 664 1238 715 primo
1258 663 1363 701 versu
1393 664 1452 715 cuj
1461 663 1576 715 usque
1596 663 1789 701 sententiae

398 727 535 780 primis
569 727 688 765 literis
722 727 826 765 illius
860 727 1050 765 sententiae
1085 741 1236 766 carmen
1271 742 1386 766 omne
1421 728 1652 781 praetexitur.
1699 728 1790 766 Hoc

399 793 590 845 scriptoris
611 793 676 837 est,
709 806 785 830 non
805 792 966 831 furentis
983 811 994 837 ;
1026 792 1241 831 adhibentis
1267 794 1523 846 diligentiam,
1557 807 1633 831 non
1654 792 1788 831 insani.

400 859 667 909 Qamobrem
688 858 874 909 Sibyllam
895 859 1053 910 quidem
1074 858 1271 911 sepositam
1291 868 1328 896 et
1348 860 1545 898 conditam
1566 858 1790 902 habeamus,

400 933 457 968 ut,
478 924 517 962 id
533 923 636 975 quod
653 923 852 975 proditum
871 924 923 961 est
942 937 962 962 a
980 925 1204 976 majoribus,
1226 924 1365 977 injuffu
1384 924 1530 963 senatus
1550 938 1598 963 ne
1618 925 1792 977 legantur

400 989 560 1040 quidem
580 988 694 1033 libri;
726 988 950 1041 valeantque
975 989 1022 1027 ad
1042 990 1281 1042 deponendas
1302 990 1444 1042 potius,
1472 1003 1590 1041 quam
1610 990 1656 1028 ad
1677 989 1791 1028 susci-

399 1053 555 1106 piendas
576 1053 776 1106 religiones
795 1069 803 1092 :
825 1063 862 1091 et
876 1067 970 1092 cum
989 1054 1220 1092 antistitibus
1239 1068 1408 1106 agamus,
1430 1063 1474 1092 ut
1493 1053 1645 1106 quidvis
1665 1054 1793 1106 potius

400 1132 448 1157 ex
467 1119 543 1157 illis
564 1119 686 1164 libris,
706 1133 824 1172 quam
844 1133 974 1173 regem
993 1119 1187 1173 proferant
1202 1139 1214 1164 ς
1247 1133 1364 1172 quem
1384 1121 1520 1159 Romae
1539 1119 1703 1173 posthaec
1723 1132 1794 1158 nec

401 1185 486 1229 Dii,
507 1198 577 1223 nec
596 1183 776 1223 homines
796 1184 869 1222 effe
887 1185 1092 1237 patientur.

457 1250 546 1288 LV.
578 1251 632 1288 At
653 1250 769 1287 multi
790 1249 884 1302 saepe
903 1264 989 1288 vera
1007 1251 1215 1296 vaticinati,
1238 1260 1280 1289 ut
1301 1249 1513 1296 Cafl'andra,

541 1316 702 1368 Jamque
719 1316 817 1353 mari
830 1330 956 1368 magno
979 1346 988 1355 .
1013 1346 1022 1355 .
1049 1346 1058 1354 .
1084 1345 1092 1354 .

405 1381 630 1433 Eademque
649 1381 763 1434 paulo
780 1381 884 1434 post:

541 1447 644 1485 Eheu
663 1446 780 1486 vtilete
801 1477 810 1486 .
835 1477 844 1485 .
869 1478 879 1486 .
905 1478 913 1486 .

404 1512 518 1550 Num
549 1512 668 1564 igitur
694 1526 757 1551 me
785 1514 891 1565 cogis
918 1513 1034 1551 etiam
1064 1512 1206 1551 fabulis
1226 1514 1401 1552 credere?
1433 1527 1517 1566 quae
1537 1512 1796 1551 delectationis

404 1575 582 1622 habeant,
613 1587 803 1629 quantum
834 1579 934 1617 voles
951 1597 962 1623 ;
994 1580 1132 1624 verbis,
1161 1577 1370 1624 sententiis,
1406 1579 1590 1624 numeris,
1621 1579 1797 1617 cantibus

404 1642 656 1694 adjuventur:
689 1645 952 1682 auctoritatem
972 1645 1133 1696 quidem
1165 1644 1312 1683 nullam
1343 1645 1542 1690 debemus,
1578 1659 1647 1683 nec
1678 1645 1794 1682 fidem

404 1709 685 1746 commentitiis
705 1709 814 1747 rebus
836 1709 1053 1761 adjungere.
1095 1710 1321 1761 Eodemque
1341 1711 1459 1747 modo
1479 1723 1548 1747 nec
1567 1723 1638 1761 ego
1659 1709 1796 1747 Publi-

405 1774 466 1811 cio
498 1774 622 1812 nescio
653 1775 730 1818 cui,
762 1788 830 1812 nec
862 1775 1022 1812 Marciis
1043 1775 1205 1819 vatibus,
1238 1788 1308 1812 nec
1329 1774 1523 1827 Apollinis
1543 1775 1684 1827 opertis
1713 1788 1796 1813 cre-

406 1838 576 1876 dendum
598 1839 798 1882 existim0;
830 1852 996 1890 quorum
1029 1839 1168 1890 partim
1200 1839 1286 1876 ficta
1305 1850 1442 1891 aperte,
1476 1840 1614 1891 partim
1649 1839 1799 1878 effutita

408 1912 564 1947 temere,
587 1916 784 1955 nunquam
807 1917 853 1941 ne
873 1903 1058 1942 mediocri
1078 1904 1236 1957 quidem
1257 1905 1454 1957 cuiquam,
1470 1918 1546 1943 non
1568 1905 1684 1943 modo
1704 1919 1798 1958 pru-

407 1967 526 2012 denti,
548 1969 705 2020 probata
725 1968 823 2007 sunt.

463 2034 602 2084 Qid?
644 2034 824 2086 inquies:
861 2049 988 2073 remex
1018 2035 1084 2073 ille
1125 2035 1171 2073 de
1219 2035 1327 2074 classe
1367 2037 1549 2089 Coponii,
1595 2049 1721 2074 nonne
1758 2049 1800 2074 ea

408 2099 598 2152 praedixit,
629 2114 713 2152 qua:
745 2099 843 2138 facta
872 2100 986 2139 sunt?
1018 2101 1089 2139 Ille
1115 2115 1217 2146 vero,
1250 2112 1287 2140 et
1317 2115 1358 2139 ea
1388 2103 1561 2155 quidem,
1594 2117 1677 2155 qua:
1712 2117 1799 2141 om-

409 2178 472 2202 nes
508 2178 553 2202 eo
588 2174 774 2218 tempore,
818 2179 865 2204 ne
895 2167 1122 2211 acciderent,
1155 2168 1401 2205 timebamus.
1462 2168 1590 2206 Castra
1622 2168 1726 2206 enim
1760 2169 1799 2206 in

407 2229 599 2269 Thessalia
618 2231 743 2270 castris
770 2232 907 2271 collata
937 2233 1213 2277 audiebamus,
1245 2234 1519 2286 videbaturque
1551 2234 1660 2272 nobis
1690 2247 1799 2271 exer-

408 2295 507 2333 citus
530 2296 682 2334 Caesaris
703 2306 739 2335 et
758 2297 921 2336 audacia:
943 2298 1028 2350 plus
1049 2297 1199 2343 habere,
1232 2299 1377 2351 quippe
1396 2300 1462 2351 qui
1493 2299 1621 2351 patriae
1652 2299 1800 2337 bellum

407 2360 619 2405 intuliss'ct,
650 2371 688 2399 et
720 2363 878 2407 roboris,
912 2372 1065 2415 propter
1085 2364 1321 2402 vetustatem.
1355 2363 1494 2402 Casum
1516 2374 1643 2402 autem
1666 2365 1799 2416 praelii,

410 2439 526 2464 nemo
547 2427 715 2465 nostrum
737 2438 827 2472 erat,
860 2429 954 2480 quin
978 2429 1157 2473 timeret,
1190 2428 1250 2466 sed
1272 2429 1336 2473 ita,
1369 2439 1411 2467 ut
1437 2430 1696 2468 constantibus
1727 2429 1799 2469 ho·

411 2491 581 2531 minibus
602 2506 667 2545 par
693 2503 784 2538 crat,
807 2507 882 2531 non
903 2503 1041 2546 aperte.
1086 2494 1154 2532 Ille
1174 2505 1302 2532 autem
1330 2496 1502 2540 Graecus,
1524 2496 1617 2548 quid
1639 2496 1799 2541 mirum,

411 2557 436 2598 fi
457 2558 723 2612 magnitudine
745 2559 908 2605 timoris,
942 2569 984 2599 ut
1012 2560 1239 2613 plerumque
1267 2560 1324 2606 fit,
1356 2574 1375 2599 a
1395 2562 1617 2606 constantia,
1649 2572 1760 2614 atque
1781 2574 1802 2599 a
