2223 3003
617 241 1226 284 FRAGMENTA.
1536 259 1618 303 425

226 343 298 384 nifi
321 352 509 399 quatenus
530 344 609 399 ipse
629 345 691 384 sua
711 345 826 398 culpa
844 345 914 384 fibi
940 346 1087 399 aliquid
1109 347 1268 386 miseriae
1287 356 1487 401 quaererct.
1538 351 1618 390 At-

226 424 304 464 que
323 412 354 450 is
376 411 551 464 quidem,
582 412 650 465 qui
675 413 813 450 cuncta
832 413 1062 465 composuit,
1094 414 1309 453 constanter
1330 416 1368 453 in
1395 415 1462 454 suo
1483 429 1618 456 mane-

222 476 289 516 bat
309 477 420 517 statu.
466 477 549 529 Qi
568 487 698 517 autem
717 485 824 515 erant
842 477 889 515 ab
907 490 951 516 eo
970 479 1100 523 creati,
1131 493 1223 517 cum
1246 481 1412 531 parentis
1435 481 1614 522 ordinem

226 543 504 596 cognovissent,
540 543 646 583 hunc
678 543 946 597 sequebantur.
998 544 1133 597 Itaque
1160 558 1252 583 cum
1283 547 1510 600 accepissent
1539 549 1618 587 im-

224 609 388 647 mortale
413 609 653 662 principium
674 608 847 647 mortalis
874 609 1095 654 animantis,
1125 610 1320 649 imitantes
1344 613 1558 664 genitorem
1580 622 1619 651 et

225 673 448 714 effectorem
479 674 551 720 sui,
590 674 794 727 particulas
823 674 938 727 ignis,
969 683 1008 712 et
1043 684 1162 720 terrae,
1199 686 1237 714 et
1259 689 1380 728 aquae,
1411 687 1448 716 et
1478 680 1571 717 aeris
1599 692 1620 717 a

215 740 393 787 'mund0,
415 754 507 794 quas
529 740 654 778 rursus
673 739 883 784 redderent,
907 740 1199 786 mutuabantur,
1220 741 1354 793 easque
1375 743 1474 781 inter
1497 744 1531 781 se
1551 757 1620 782 co-

226 807 427 860 pulabant,
459 805 561 845 haud
581 806 716 844 iisdem
741 806 922 851 vinculis,
953 806 1095 858 quibus
1122 807 1189 859 ipsi
1217 817 1322 845 erant
1343 808 1529 861 colligati,
1560 810 1622 848 sed

226 872 384 919 talibus,
415 886 499 926 quae
519 873 624 910 cerni
645 886 722 910 non
743 871 888 925 poffent
909 881 1064 924 propter
1086 872 1326 924 parvitatem,
1353 874 1495 913 crebris
1518 875 1622 927 quasi

221 938 401 977 ‘cuneolis
431 939 594 990 injectis,
626 951 749 976 unum
775 937 994 976 efficiebant
1019 951 1066 976 ex
1091 939 1274 976 omnibus
1298 952 1463 992 corpus:
1501 941 1621 978 item-

223 1017 302 1057 que
321 1005 361 1043 in
381 1018 426 1043 eo
450 1004 637 1043 influente
657 1014 771 1057 atque
792 1002 972 1041 effluente
993 1004 1124 1042 animo
1145 1005 1277 1043 divino
1299 1006 1468 1043 ambitus
1493 1006 1620 1058 illiga-

225 1070 332 1108 bant.
373 1070 508 1122 Itaque
528 1070 587 1107 illi
607 1070 648 1107 in
670 1069 815 1107 flumen
837 1069 1020 1112 immersi,
1043 1083 1168 1121 neque
1190 1071 1384 1114 tenebant,
1415 1083 1539 1123 neque
1561 1081 1620 1109 te-

225 1137 439 1175 nebantur:
473 1135 534 1174 sed
556 1137 590 1174 vi
613 1149 749 1188 magna
770 1145 855 1173 tum
877 1134 1065 1180 ferebant,
1094 1145 1179 1174 tum
1202 1135 1435 1175 ferebantur.
1482 1138 1539 1175 Ita
1559 1147 1621 1176 to-

225 1211 314 1241 tum
341 1201 485 1240 animal
514 1202 743 1240 movebatur
772 1201 870 1238 illud
890 1201 1064 1253 quidem,
1096 1202 1157 1240 sed
1186 1203 1453 1247 immoderate,
1483 1213 1520 1240 et
1541 1203 1623 1242 for-

226 1268 346 1314 tuitu,
377 1277 421 1306 ut
451 1267 513 1306 sex
542 1268 715 1306 motibus
751 1266 965 1305 veheretur.
1018 1268 1124 1306 Nam
1155 1278 1193 1306 et
1224 1279 1326 1314 ante,
1358 1278 1396 1306 et
1430 1283 1544 1321 pone,
1575 1269 1622 1307 ad

228 1333 381 1379 laevam,
411 1343 451 1372 et
483 1329 535 1372 ad'
564 1334 772 1378 dexteram,
806 1343 844 1372 et
873 1333 1035 1379 sursum,
1072 1343 1110 1372 et
1141 1334 1332 1379 deorsum,
1376 1335 1494 1372 modo
1528 1335 1621 1380 huc,

229 1399 350 1438 modo
378 1399 488 1444 illuc,
510 1401 536 1427 ἕξ
560 1402 585 1424 ‘⁴³
609 1402 634 1426 ἕξ
652 1400 716 1439 sex
746 1413 828 1438 oras
860 1399 1108 1452 regionesque
1129 1400 1253 1439 versus
1282 1414 1407 1439 errans
1436 1401 1623 1454 procede-

228 1465 308 1503 bat.
339 1468 364 1493 *
386 1468 410 1492 §z
433 1469 457 1493 ἐκ
479 1467 567 1516 Jam
589 1479 677 1504 vero
701 1479 833 1504 earum
862 1467 1095 1518 imaginum,
1127 1480 1212 1518 quae
1241 1466 1442 1519 finguntur
1472 1476 1509 1504 et
1535 1467 1622 1505 red-

230 1531 376 1569 duntur
396 1531 436 1569 in
457 1530 634 1584 speculis,
665 1543 893 1583 eorumque,
925 1544 1010 1583 quae
1031 1531 1226 1583 splendida
1246 1541 1283 1570 et
1304 1532 1410 1570 laevia
1433 1533 1535 1577 sunt,
1564 1546 1623 1570 ra-

228 1597 377 1636 tionem
402 1597 627 1650 perspicere,
657 1596 761 1634 haud
782 1596 940 1634 difficile
969 1597 1035 1635 est.
1091 1597 1197 1635 Nam
1229 1611 1276 1636 ex
1304 1598 1402 1650 ignis
1426 1599 1623 1650 utriusque

228 1663 378 1701 externi
409 1673 522 1716 atque
547 1663 690 1701 interni
721 1663 999 1701 communione
1029 1663 1129 1700 inter
1157 1663 1271 1715 ipsos,
1303 1676 1395 1701 cum
1430 1678 1526 1701 unus
1558 1678 1622 1716 per

230 1729 395 1780 singulas
417 1738 541 1781 partes
572 1728 745 1774 effectus,
780 1738 818 1766 et
838 1728 974 1766 multis
996 1729 1123 1766 modis
1156 1742 1314 1767 concors
1335 1739 1371 1767 et
1399 1739 1509 1781 aptus
1537 1731 1622 1792 red-

231 1794 334 1833 ditus
357 1795 395 1832 in
418 1795 553 1833 laevore
573 1795 758 1832 consedit.
781 1795 806 1819 ξ
825 1796 848 1820 ³*
865 1794 888 1819 ἕ

285 1860 400 1899 XIV.
434 1860 506 1898 Sed
537 1861 562 1898 si
584 1861 624 1898 in
646 1860 844 1913 splendore
875 1859 1074 1898 consedit:
1115 1868 1202 1897 turn
1224 1859 1282 1897 vel
1311 1860 1442 1897 eadem
1465 1860 1621 1912 species,

229 1925 292 1964 vel
322 1925 518 1964 interdum
550 1926 759 1963 immutata
792 1925 976 1964 redditur.
1001 1926 1024 1951 ἕξ
1047 1926 1072 1951 ⁴⁵
1094 1926 1118 1949 ἕ
1142 1925 1364 1977 Omniaque
1396 1923 1623 1976 hujusmodi

230 1991 434 2030 neceffario
453 1991 493 2030 in
514 1991 667 2045 speculo
687 1991 919 2036 referuntur,
941 1994 964 2018 *
983 1993 1006 2018 ἕ
1025 1992 1049 2017 *
1071 2004 1161 2028 cum
1185 1992 1283 2043 ignis
1304 1991 1506 2029 oculorum
1530 2006 1622 2030 cum

229 2071 276 2097 eo
305 2058 409 2111 igne,
443 2059 512 2110 qui
541 2058 592 2096 est
620 2059 671 2096 ob
701 2071 742 2096 os
779 2057 937 2103 offusus,
962 2059 984 2084 ἓξ
1003 2060 1027 2084 ³*
1046 2059 1069 2084 ἕξ
1093 2058 1132 2095 in
1163 2071 1201 2094 re
1236 2058 1309 2094 levi
1339 2067 1375 2095 et
1406 2058 1612 2109 splendida.

231 2138 257 2163 ÷÷
278 2140 303 2165 ag
324 2139 349 2164 ae
380 2122 415 2160 se
449 2122 629 2161 confudit
663 2133 702 2161 et
735 2123 918 2161 contulit.
969 2122 1115 2160 Dextra
1145 2130 1272 2158 autem
1307 2122 1496 2165 videntur,
1535 2136 1620 2173 quae

230 2188 324 2226 laeva
345 2188 446 2233 sunt,
478 2189 568 2240 quia
596 2189 793 2226 contrariis
825 2188 994 2240 partibus
1027 2188 1245 2231 oculorum,
1274 2189 1477 2225 contrarias
1500 2199 1621 2240 partes

230 2255 429 2308 attingunt
449 2257 472 2281 *
495 2257 518 2280 *
537 2256 561 2280 ἦε
584 2264 716 2307 praeter
738 2267 885 2292 morem
909 2254 1087 2292 usitatum
1117 2253 1338 2305 adjectionis
1370 2263 1407 2291 et
1435 2255 1621 2292 commis-

233 2319 339 2358 surae.
360 2321 384 2346 ’ἕ
401 2322 425 2345 *
446 2321 471 2346 ἕξ
492 2321 741 2373 Respondent
769 2330 896 2357 autem
920 2320 1053 2357 dextra
1075 2319 1232 2363 dextris,
1264 2319 1353 2356 laeva
1375 2320 1492 2363 laevis,
1524 2334 1620 2357 con-

233 2384 401 2423 versione
428 2385 639 2431 luminum,
671 2400 762 2425 cum
791 2399 832 2423 ea
863 2386 962 2423 inter
995 2385 1026 2422 se
1055 2398 1131 2422 non
1164 2383 1435 2423 cohaercscunt.
1490 2387 1529 2422 lu'
1563 2386 1621 2430 fit,

233 2465 327 2490 cum
348 2450 590 2504 speculorum
620 2454 762 2491 laevitas
788 2451 879 2490 hinc
908 2452 1094 2503 illincque
1125 2451 1368 2489 altitudinem
1400 2453 1501 2488 aliun
1524 2452 1589 2502 plir
1611 2467 1619 2489 :

233 2526 272 2557 et
305 2517 357 2555 ita
385 2517 517 2556 dextra
535 2519 695 2557 detrufit
728 2519 769 2557 in
798 2519 931 2557 laevam
961 2528 1108 2571 partem
1137 2517 1357 2562 oculorum,
1388 2517 1554 2569 laevaque
1582 2519 1623 2556 in

288 2584 362 2624 To
381 2596 433 2623 M.
465 2584 541 2624 111.
1115 2582 1254 2622 Hhh
