2223 3003
612 205 889 245 LIBER
947 204 1446 244 SECUNDUS.
1656 218 1728 258 241

333 301 430 342 bene
449 303 689 342 consulentes
711 303 945 357 reipublicae‚
963 303 1235 342 contulerunt:
1254 303 1487 356 quibuscum
1505 302 1531 341 fi
1550 301 1733 356 frequen-

333 377 390 408 tes
411 370 509 415 sunt,
530 370 757 423 opinionem
777 369 941 408 afferunt
961 371 1120 423 populo,
1149 384 1283 409 eorum
1304 369 1385 409 fore
1406 369 1440 408 se
1460 369 1614 415 fimiles,
1638 383 1734 422 quos

333 435 402 473 fibi
418 436 486 488 ipsi
508 435 731 489 delegerunt
750 436 796 474 ad
816 436 1063 475 imitandum.

390 502 435 539 P.
457 501 600 539 Rutilii
619 500 912 539 adolescentiam
933 501 979 539 ad
1008 501 1230 554 opinionem
1250 510 1288 539 et
1319 502 1563 546 innocentiae‚
1584 510 1622 540 et
1636 502 1735 553 juris

334 566 513 612 scientiae,
530 569 574 606 P.
597 567 727 605 Mucii
747 566 1035 603 commendavit
1056 567 1209 604 domus.
1242 566 1348 604 Nam
1370 568 1418 606 L.
1441 568 1600 619 quidem
1623 567 1734 606 Cras-

335 633 410 678 sus,
443 647 535 672 cum
554 633 644 671 esset
674 631 885 669 admodum
906 631 1135 677 adolescens,
1168 645 1246 670 non
1267 633 1419 671 aliunde
1440 644 1637 673 mutuatus
1668 635 1735 680 est,

334 699 398 738 sed
417 699 486 737 fibi
512 698 590 750 ipse
609 697 756 750 peperit
776 697 990 735 maximam
1010 697 1164 736 laudem
1190 712 1237 736 ex
1263 697 1330 735 illa
1349 699 1588 738 accusatione
1613 701 1737 739 nobili

333 769 374 798 et
391 757 551 813 gloriosa
563 777 575 803 ς
606 767 657 803 et,
679 771 754 811 qua
773 766 880 796 aetate
900 759 969 810 qui
993 768 1232 804 exercentur,
1264 759 1376 797 laude
1396 760 1496 798 affici
1517 760 1651 806 solent,
1675 762 1738 813 (ut

334 826 383 865 de
403 823 664 864 Demosthene
683 825 922 878 accepimus)
951 838 992 863 ea
1012 835 1120 864 aetate
1141 827 1189 864 L.
1214 825 1363 864 Craffus
1383 825 1561 872 ostendit,
1582 827 1622 864 id
1642 827 1677 865 se
1696 829 1738 866 in

335 892 421 931 foro
441 892 589 945 optime
604 892 687 944 jam
706 890 845 938 facere,
860 891 965 945 quod
985 892 1102 931 etiam
1119 901 1204 931 tum
1223 901 1370 947 poterat
1389 893 1498 933 domi
1517 907 1610 932 cum
1627 893 1739 932 laude

334 957 526 996 meditari.

389 1025 504 1063 XIV.
536 1024 623 1069 Sed,
658 1038 750 1064 cum
770 1025 913 1079 duplex
933 1026 1028 1064 ratio
1061 1026 1107 1065 s1t
1132 1025 1328 1072 orationis,
1360 1040 1524 1079 quarum
1554 1027 1596 1065 in
1624 1027 1740 1065 altera

335 1091 459 1129 sermo
479 1091 538 1136 fit,
568 1091 610 1129 in
630 1091 744 1129 altera
762 1093 961 1130 contentio
976 1111 989 1138 ς
1021 1106 1099 1131 non
1119 1093 1171 1131 est
1201 1092 1241 1131 id
1261 1093 1421 1145 quidem
1441 1093 1620 1139 dubium,
1642 1095 1740 1146 quin

334 1157 534 1195 contentio
572 1157 752 1195 orationis
778 1158 964 1209 majorem
1003 1158 1083 1196 vim
1118 1156 1257 1197 habeat
1295 1158 1340 1197 ad
1378 1158 1573 1211 gloriam:
1615 1172 1658 1197 ea
1686 1159 1739 1197 est

335 1223 457 1268 enim,
503 1236 621 1274 quam
649 1222 912 1274 eloquentiam
943 1223 1124 1262 dicimus.
1173 1224 1245 1262 Sed
1280 1234 1408 1262 tamen
1440 1225 1602 1263 difficile
1634 1225 1741 1263 dietu

334 1287 401 1332 est,
431 1297 665 1341 quantopere
695 1289 879 1327 conciliet
907 1289 1057 1328 animos
1086 1288 1295 1328 hominum
1327 1291 1489 1329 comitas
1518 1289 1740 1329 affabilitas-

335 1368 411 1407 que
431 1354 630 1394 sermonis.
668 1355 830 1393 Exstant
860 1355 1042 1409 epistolae,
1072 1365 1111 1394 et
1131 1356 1305 1410 Philippi
1326 1358 1371 1395 ad
1392 1357 1672 1403 Alexandrum,
1703 1367 1742 1397 et

335 1421 534 1475 Antipatri
571 1421 618 1459 ad
656 1420 921 1467 Cassandrum,
952 1431 990 1460 et
1027 1423 1220 1476 Antigoni
1254 1423 1300 1461 ad
1332 1422 1563 1477 Philippum
1598 1424 1740 1470 filium,

336 1487 459 1525 trium
488 1487 886 1540 prudentissimorum,
921 1488 988 1540 (fic
1020 1489 1127 1527 enim
1155 1489 1395 1542 accepimus)
1431 1490 1572 1542 quibus
1603 1491 1741 1543 praeci-

337 1553 465 1605 pium,
487 1562 531 1590 ut
550 1553 718 1591 oratione
738 1554 905 1606 benigna
924 1555 1188 1594 multitudinis
1204 1556 1352 1594 animos
1368 1556 1415 1594 ad
1433 1556 1742 1595 benevolentiam

337 1620 522 1665 alliciant,
552 1619 773 1672 militesque
806 1620 943 1658 blande
976 1622 1203 1673 appellando
1237 1622 1437 1660 deliniant.
1481 1624 1580 1673 Qae
1611 1631 1743 1661 autem

337 1686 379 1724 in
400 1685 652 1724 multitudine
672 1699 764 1723 cum
786 1686 1033 1724 contentione
1053 1685 1216 1724 habetur
1235 1687 1369 1732 oratio,
1405 1700 1447 1724 ea
1465 1687 1560 1740 saepe
1586 1688 1741 1726 univer-

337 1752 417 1790 sam
437 1752 592 1790 excitat.
643 1751 791 1803 Magna
810 1751 863 1789 est
882 1751 987 1789 enim
1008 1751 1209 1790 admiratio
1228 1752 1379 1805 copiose
1398 1753 1659 1806 sapienterque
1680 1754 1742 1792 di·-

337 1819 486 1864 centis;
517 1830 636 1871 quem
674 1818 744 1869 qui
776 1817 952 1862 audiunt,
992 1818 1207 1871 intelligere
1244 1820 1375 1865 etiam,
1409 1829 1446 1857 et
1479 1819 1604 1873 sapere
1639 1820 1741 1873 plus,

338 1899 455 1938 quam
476 1895 645 1930 caeteros,
667 1884 911 1922 arbitrantur.
935 1885 974 1923 Si
993 1899 1082 1924 vero
1097 1885 1193 1923 inest
1212 1885 1253 1923 in
1274 1886 1444 1923 oratione
1463 1886 1574 1924 mista
1590 1887 1742 1925 modes-

339 1952 400 1990 tiae
419 1952 595 2004 gravitas,
615 1951 671 1989 nil
691 1950 956 1989 admirabilius
976 1949 1058 1990 fieri
1078 1951 1201 2005 potest
1213 1970 1225 1997 ς
1248 1965 1371 2006 eoque
1390 1952 1527 2006 magis,
1549 1952 1575 1991 fi
1596 1966 1638 1992 ea
1656 1952 1744 1992 sunt

339 2019 379 2056 in
400 2017 649 2057 adolescente.

395 2084 481 2129 Sed,
511 2097 604 2123 cum
635 2084 708 2123 sint
742 2084 911 2138 plurima
943 2085 1140 2124 causarum
1171 2099 1321 2138 genera,
1362 2100 1447 2138 quae
1480 2085 1743 2138 eloquentiam

339 2150 563 2196 defiderant,
605 2151 799 2203 multique
832 2152 873 2189 in
908 2151 1031 2189 nostra
1061 2152 1257 2203 republica
1289 2151 1543 2190 adolescentes
1577 2161 1615 2189 et
1643 2152 1744 2205 apud

335 2217 500 2269 judices,
531 2226 569 2254 et
599 2217 699 2269 apud
720 2216 891 2254 senatum
910 2217 1073 2254 dicendo
1102 2216 1254 2253 laudem
1275 2216 1427 2254 assecuti
1453 2217 1539 2262 fint,
1575 2219 1745 2256 maxima

341 2283 394 2321 est
414 2284 614 2321 admiratio
636 2283 673 2319 in
690 2282 848 2334 judiciis
865 2300 876 2326 ς
909 2295 1076 2334 quorum
1097 2282 1192 2319 ratio
1212 2281 1354 2334 duplex
1375 2282 1426 2320 est
1445 2298 1454 2320 :
1487 2296 1576 2321 nam
1611 2297 1659 2322 ex
1679 2297 1744 2322 ac-

342 2349 534 2388 cusatione
555 2359 593 2387 et
612 2347 827 2386 defensione
848 2348 991 2386 constat
1008 2367 1019 2392 ,-
1052 2360 1216 2399 quarum
1236 2348 1301 2386 etli
1334 2348 1562 2388 laudabilior
1592 2349 1645 2387 est
1675 2349 1744 2388 de-

343 2412 474 2459 senfin,
506 2426 635 2453 tamen
667 2415 783 2452 etiam
814 2413 1000 2452 accusatio
1031 2413 1189 2466 probata
1218 2413 1378 2466 persaepe
1397 2414 1462 2453 est.
1514 2416 1610 2454 Dixi
1630 2416 1757 2469 paulo.

344 2489 430 2517 ante
459 2480 504 2518 de
526 2480 667 2519 Crasso.
728 2480 836 2519 Idem
868 2479 962 2519 fecit
997 2479 1211 2518 adolescens
1243 2480 1306 2518 M.
1341 2481 1552 2521 Antonius.
1612 2481 1745 2521 Etiam

427 2546 497 2584 To
508 2559 558 2585 M.
590 2547 664 2586 111.
1353 2547 1394 2584 H
1420 2545 1447 2586 h
