2223 3003
531 225 608 279 360
969 219 1497 261 PARADoxA;

526 322 572 360 fit
603 323 847 363 diuturnum,
883 318 998 356 times
1024 333 1032 357 :
1076 328 1113 356 te
1144 318 1387 358 conscientiae
1420 319 1622 359 stimulant
1651 311 1940 367 maleficiorum‘

526 399 707 426 tuorum:
732 396 768 424 tc
789 394 915 423 metus
936 385 1158 424 exanimant
1172 385 1414 438 judiciorum
1435 395 1549 440 atque
1564 387 1722 441 legum:
1754 403 1933 442 quocun-

526 467 601 505 que
622 450 837 504 adspexisti,
875 459 917 488 ut
937 449 1059 496 furiae,
1096 452 1146 490 fic
1167 461 1241 490 tuae
1262 452 1335 491 tibi
1355 463 1566 492 occurrunt
1596 455 1758 507 injuriae,
1791 469 1877 509 quae
1897 467 1936 495 te

526 519 701 571 respirare
722 533 799 557 non
819 518 962 557 smunt.
986 520 1257 572 Qamobrem
1278 529 1322 558 ut
1339 520 1533 573 improbo,
1553 530 1591 559 et
1610 521 1741 567 stulto,
1763 531 1802 561 et
1820 523 1934 562 inerti

523 585 670 622 nemini
692 585 789 623 bene
809 584 879 623 effe
898 585 1052 638 potest;
1084 586 1133 625 fic
1156 587 1281 625 bonus
1302 587 1372 632 vir,
1394 597 1432 625 et
1448 585 1574 633 fortis,
1606 597 1643 626 et
1664 587 1824 642 sapiens,
1853 589 1931 627 mi-

524 652 579 690 ser
599 651 669 690 effe
690 666 808 690 nemo
827 653 963 705 potest.
996 653 1082 692 Nec
1113 667 1216 699 vero,
1251 655 1361 706 cujus
1393 654 1513 694 virtus
1535 654 1735 708 moresque
1755 653 1936 694 laudandi

523 719 625 765 sunt,
647 720 728 772 ejus
749 734 827 758 nou
848 719 1034 759 laudanda
1054 721 1130 760 vita
1150 721 1203 759 est
1217 740 1229 767 ς
1263 735 1387 774 neque
1406 735 1519 775 porro
1538 721 1722 775 fugienda
1742 722 1833 767 vita,
1851 735 1936 774 quae

523 788 711 826 laudanda
729 787 782 826 est
801 803 810 826 ε
843 787 932 826 effet
951 797 1082 827 autem
1102 787 1300 841 fugienda,
1322 789 1348 827 fi
1369 789 1458 828 effet
1479 789 1626 828 misera.
1664 789 1935 842 Qamobrem

523 855 715 907 quidquid
736 854 787 892 est
807 854 1012 900 laudabile,
1047 854 1152 893 idem
1173 864 1212 894 et
1232 855 1404 901 beatum,
1436 865 1475 894 et
1494 856 1649 903 florens,
1680 867 1718 897 et
1750 863 1935 909 expeten-

522 923 620 961 dum
641 920 761 959 videri
781 921 909 960 debet.

936 1068 1365 1108 PARADoon
1425 1069 1514 1108 ΙΙΙ.

711 1163 781 1207 1Ὀἳ-ι
804 1168 866 1208 ἶσοι
886 1167 931 1207 ria
948 1167 1194 1222 ἁμαρτήματα,
1221 1184 1247 1226 ²&
1265 1168 1311 1208 τὰ.
1331 1167 1601 1222 κατορθώματα.

772 1233 946 1288 AEqualia
966 1233 1026 1287 ejffi’
1037 1243 1205 1286 peccata,
1227 1242 1262 1272 et
1281 1234 1510 1288 reHefhb'Ia.

523 1343 557 1381 1,
574 1340 784 1414 PARVA,
807 1330 952 1382 inquis,
985 1342 1042 1367 res
1063 1327 1140 1366 est:
1173 1336 1210 1366 at
1231 1341 1371 1382 magna
1390 1329 1531 1382 culpa:
1564 1341 1635 1368 nec
1655 1328 1761 1368 enim
1781 1338 1937 1382 peccata

661 1410 789 1436 rerum
809 1404 963 1440 eventu,
987 1394 1049 1433 sed
1071 1394 1173 1432 vitiis
1193 1393 1419 1440 hominum,
1440 1394 1636 1433 metienda
1655 1395 1756 1434 sunt.
1789 1396 1834 1434 In
1857 1409 1939 1448 quo

522 1473 716 1518 peccatur,
763 1462 802 1499 id
836 1461 960 1515 potest
992 1459 1097 1498 aliud
1130 1460 1206 1498 alio
1239 1461 1364 1512 majus
1398 1460 1483 1506 effe,
1515 1470 1579 1499 aut
1613 1461 1770 1506 minus;
1808 1461 1939 1514 ipsum

524 1531 684 1584 quidem
718 1528 817 1567 illud
843 1539 1013 1580 peccare,
1047 1539 1208 1578 quoquo
1227 1526 1399 1571 verteris,
1430 1540 1555 1565 unum
1576 1527 1642 1565 est.
1674 1527 1777 1566 Auri
1800 1540 1940 1566 navem

522 1605 666 1636 evertat
686 1596 934 1649 gubernator,
960 1607 1013 1644 van
1043 1593 1160 1646 paleae
1175 1611 1188 1638 3
1219 1593 1261 1631 in
1281 1607 1320 1631 re
1339 1593 1641 1646 aliquantulum,
1675 1594 1716 1632 in
1744 1593 1938 1647 guberna-

523 1665 617 1703 toris
638 1662 840 1704 inscientia
860 1659 960 1700 nihil
980 1659 1148 1699 interest.
1181 1660 1305 1713 Lapsa
1323 1660 1375 1699 est
1395 1660 1520 1699 libido
1539 1661 1580 1699 in
1601 1660 1765 1699 muliere
1785 1661 1937 1714 ignota:

521 1731 633 1770 dolor
663 1730 710 1768 ad
745 1728 942 1783 pauciores
977 1727 1158 1780 pertinet,
1186 1740 1304 1780 quam
1326 1727 1352 1765 fi
1383 1727 1560 1781 petulans
1591 1726 1720 1767 fuisset
1750 1727 1791 1766 in
1811 1727 1940 1781 aliqua

522 1797 702 1852 generosa
736 1809 778 1834 ac
810 1794 933 1834 nobili
963 1794 1140 1847 virgine:
1172 1795 1346 1848 peccavit
1366 1808 1454 1833 vero
1487 1793 1762 1840 nihilominus,
1790 1794 1815 1832 fi
1847 1795 1939 1847 qui-

524 1865 613 1903 dem
648 1863 701 1900 est
734 1875 906 1915 peccare,
943 1870 1128 1913 tanquam
1163 1861 1349 1900 transilire
1383 1861 1528 1907 lineas;
1567 1862 1672 1915 quod
1706 1875 1799 1900 cum
1832 1860 1938 1900 fece-

525 1931 590 1974 ris,
627 1928 742 1981 culpa
772 1925 972 1966 commissa
1006 1926 1084 1964 est:
1118 1926 1236 1978 quam
1271 1927 1384 1979 longe
1415 1928 1666 1980 progrediare,
1701 1941 1794 1965 cum
1823 1926 1938 1964 semel

524 1995 726 2039 tranficris,
759 1993 804 2031 ad
826 1991 1041 2046 augendam
1062 1991 1280 2030 transeundi
1301 1992 1459 2045 culpam
1490 1991 1588 2030 nihil
1609 1992 1790 2046 pertinet.
1839 1992 1937 2030 Pec-

525 2075 609 2101 care
639 2069 743 2099 certe
776 2060 867 2098 licet
902 2059 1065 2098 nemini.
1113 2058 1231 2111 Qod
1266 2068 1397 2097 autem
1429 2073 1507 2097 non
1542 2059 1648 2104 licet,
1680 2058 1718 2097 id
1749 2057 1824 2097 hoc
1861 2071 1940 2097 uno

526 2138 692 2173 tenetur,
713 2127 737 2166 s1
759 2127 931 2180 arguitur
952 2140 1031 2165 non
1051 2126 1181 2164 licere.
1226 2125 1271 2164 Id
1292 2126 1318 2164 si
1346 2140 1416 2165 nec
1437 2128 1576 2180 majus,
1610 2140 1680 2165 nec
1702 2126 1832 2164 minus
1864 2139 1938 2164 un-

526 2210 644 2249 quam
666 2194 747 2233 ficri
779 2193 915 2247 potest,
956 2192 1161 2246 (quoniam
1192 2192 1232 2230 in
1254 2206 1300 2231 eo
1320 2193 1372 2231 est
1391 2203 1609 2246 peccatum,
1646 2193 1671 2231 s1
1699 2207 1775 2232 non
1798 2192 1936 2237 licuit;

527 2263 631 2315 quod
653 2261 800 2314 semper
821 2274 958 2305 unum,
994 2269 1032 2298 et
1053 2259 1156 2298 idem
1189 2259 1259 2310 est)
1295 2273 1380 2312 quae
1400 2273 1447 2298 ex
1479 2274 1524 2299 eo
1545 2270 1698 2314 peccata
1718 2259 1937 2304 nascuntur,

528 2328 687 2380 aequalia
708 2327 778 2365 sint
809 2336 974 2379 oportet.
1020 2326 1137 2378 Qod
1159 2325 1185 2364 s1
1217 2326 1374 2364 virtutes
1395 2340 1502 2379 pares
1525 2326 1611 2367 sunt
1632 2327 1732 2364 inter
1757 2325 1805 2370 se,
1838 2325 1940 2378 paria

525 2395 598 2433 efl'e
618 2394 734 2431 etiam
761 2393 852 2431 vitia
873 2392 1014 2431 necess'e
1035 2393 1100 2431 est.
1148 2392 1272 2446 Atqui
1295 2405 1400 2445 pares
1434 2391 1506 2430 csse
1527 2393 1701 2437 virtutes,
1735 2406 1802 2430 nec
1836 2393 1939 2431 bono

528 2462 610 2500 viro
639 2460 855 2505 meliorem,
888 2473 956 2497 nec
990 2468 1226 2513 temperante
1258 2460 1611 2512 temperantiorem,
1646 2473 1715 2498 nec
1745 2458 1835 2497 forti
1856 2457 1939 2498 for-

530 2528 682 2573 tiorem,
722 2541 790 2566 nec
827 2526 993 2581 sapiente
1028 2526 1294 2581 sapientiorem
1330 2525 1431 2580 posse
1464 2526 1560 2574 ficri,
1595 2525 1785 2566 facillime
1817 2525 1939 2581 potest
