2223 3003
794 233 1071 274 LIBER
1128 232 1490 272 PRIMUS.
1787 246 1845 288 45:

449 344 551 375 certa
569 344 608 374 et
625 347 711 374 vera
730 335 852 373 cernit
871 335 910 373 in
932 335 1074 373 somnis
1090 353 1102 380 3
1133 335 1183 373 fic
1202 335 1322 374 castus
1345 335 1495 373 animus
1523 334 1714 387 purusque
1739 334 1843 387 vigi-

450 402 578 447 tantis,
609 411 647 440 et
666 401 712 439 ad
731 401 929 445 astrorum,
951 410 989 438 et
1008 401 1054 438 ad
1073 401 1216 446 avium,
1238 401 1551 453 reliquorumque
1570 400 1778 453 fignorum,
1805 408 1844 438 et

451 468 498 505 ad
517 477 695 506 extorum
714 466 918 504 veritatem
933 465 985 502 est
1003 466 1185 517 parat-ior.-

504 530 614 570 LIV.
647 532 738 569 Hoc
768 530 956 567 nimirum
985 529 1038 566 est
1070 530 1182 573 illud,
1213 530 1318 581 quod
1351 531 1397 568 de
1433 534 1582 570 Socrate
1611 533 1843 585 accepim08‚

450 595 632 648 quodque
651 595 698 632 ab
729 593 810 646 ipso
841 594 880 631 in
902 593 1010 631 libris
1033 595 1312 632 Socraticorum
1337 594 1432 647 saepe
1452 595 1607 641 dicitur,
1638 598 1723 635 Effe
1743 597 1845 635 divi-

449 674 547 698 num
567 660 767 712 quiddam,
788 658 894 711 quod
914 659 1130 698 daemonion
1160 660 1339 713 appellat,
1364 660 1427 697 cui
1448 659 1593 713 semper
1612 662 1688 713 ipse
1709 676 1845 713 parue-

449 726 513 771 rit,
544 739 744 778 nunquam
777 725 1008 777 impellent-i,
1044 725 1137 778 saepe
1168 725 1374 764 revocanti.
1420 726 1473 763 Et
1493 728 1660 764 Socrates
1687 727 1847 778 quidem

453 792 557 844 (quo
571 805 688 843 quem
707 792 902 829 auetorem
923 792 1124 830 meliorem
1144 792 1350 844 quaerimus
1370 792 1402 843 ?)
1434 791 1687 845 Xenophonti
1706 793 1845 830 consu-

449 856 558 901 lenti,
588 856 854 908 sequereturne
875 857 1024 908 Cyrum
1037 875 1049 902 ς,
1082 857 1207 910 postea
1225 871 1342 910 quam
1362 857 1551 910 exposuit,
1584 871 1669 910 quae
1697 858 1765 896 fibi
1786 859 1845 895 vi-

448 922 650 967 debantur,
681 924 736 960 Et
754 922 906 976 nostrum
926 922 1074 976 quidem,
1105 923 1248 975 inquit,
1278 924 1469 962 humanum
1502 923 1547 976 est
1579 923 1764 975 corsslium,
1780 923 1854 976 ſs’d

447 987 489 1026 de
507 988 611 1026 rebus
629 997 666 1026 et
683 987 848 1040 obsturt‘s,
878 998 913 1026 et
936 989 1082 1027 incertis
1100 988 1152 1027 ad
1165 989 1363 1041 Apollinem
1393 990 1504 1042 cerfio
1520 989 1740 1040 refi’rendum
1756 1005 1768 1028 .-
1799 989 1855 1027 ad’

449 1067 567 1106 quem
598 1054 715 1091 etiam
735 1052 988 1091 Athenienses
1007 1054 1164 1107 publice
1192 1054 1238 1092 de
1258 1054 1467 1106 majoribus
1488 1055 1599 1092 rebus
1620 1054 1766 1107 semper
1785 1067 1852 1092 re-

451 1120 637 1158 tulerunt.
670 1120 866 1171 Scriptum
886 1120 939 1158 est
957 1121 1066 1165 item,
1088 1134 1180 1158 cum
1201 1121 1372 1158 Critonis
1391 1120 1447 1158 sui
1468 1120 1667 1159 familiaris
1685 1120 1854 1158 oculum·

448 1185 650 1237 alligatum
670 1184 831 1229 vidiffet,
853 1185 1072 1236 quaefiviffe,
1086 1185 1181 1237 quid
1197 1185 1284 1223 effet
1301 1200 1310 1223 ε
1342 1199 1435 1224 cum
1455 1195 1583 1224 autem
1604 1187 1670 1224 ille
1690 1186 1846 1239 respon-

449 1250 572 1296 disset,
599 1250 639 1288 in
659 1263 748 1302 agro
767 1250 982 1288 ambulanti
1002 1250 1197 1289 ramulum
1217 1251 1439 1295 adductum,
1472 1259 1516 1289 ut
1542 1251 1713 1289 remiffus
1743 1251 1845 1295 effet,

450 1315 491 1354 in
511 1315 673 1354 oculum
692 1315 809 1353 suum
824 1315 993 1354 recidisse
1009 1334 1021 1361 3
1053 1325 1139 1354 tum
1166 1319 1347 1361 Socrates,
1379 1318 1464 1355 Non
1490 1317 1579 1355 enim
1591 1316 1748 1369 paruisti
1763 1316 1854 1354 mihi

449 1383 648 1427 revocanti,
670 1396 747 1420 cum
767 1390 903 1427 uterer,
935 1397 1005 1436 qua
1012 1383 1119 1437 soleo,
1138 1383 1392 1436 praesargitione
1410 1382 1549 1422 divina.
1600 1382 1709 1420 Idem
1730 1383 1848 1420 etiam

452 1449 636 1493 Socrates,
667 1462 759 1486 cum
780 1449 881 1501 apud
901 1449 1064 1487 Delium
1084 1449 1183 1487 male
1200 1458 1416 1502 pugnatum
1437 1448 1538 1494 effet,
1560 1447 1728 1487 Lachete
1744 1449 1851 1486 Prae-

452 1522 547 1557 tore,
578 1512 804 1566 fugeretque
824 1528 916 1552 cum
944 1514 1024 1567 ipso
1045 1514 1226 1560 Lachete,
1264 1524 1307 1552 ut
1332 1523 1493 1553 ventum
1513 1514 1565 1552 est
1598 1515 1638 1552 in
1673 1514 1846 1557 trivium,

452 1578 599 1622 eadem,
623 1593 698 1630 qua
716 1580 854 1623 caeteri,
876 1579 1006 1631 fugere
1026 1580 1177 1618 noluit:
1210 1581 1351 1631 quibus
1371 1579 1642 1631 quaerentibus,
1675 1593 1743 1616 cur
1768 1592 1853 1616 non-

451 1643 582 1681 eadem
604 1644 662 1681 via
694 1653 877 1696 pergeret,
907 1645 1085 1682 deterreri
1116 1645 1151 1682 se
1174 1658 1195 1681 a
1223 1646 1310 1682 Deo
1328 1645 1449 1682 dixitr
1486 1645 1595 1681 Tum
1616 1644 1773 1696 quidem
1802 1645 1846 1689 ii,

452 1709 520 1760 qui
551 1709 622 1745 alia
653 1710 711 1745 via
730 1709 920 1760 fugerant,
951 1711 991 1747 in
1025 1709 1193 1748 hostium
1228 1710 1446 1762 equitatum
1472 1709 1701 1747 inciderunt.
1755 1711 1849 1747 Per-

453 1775 576 1812 multa
604 1774 762 1812 collefta
803 1774 889 1812 sunt
921 1775 968 1812 ab
1003 1776 1223 1827 Antipatro,
1267 1789 1351 1827 quae
1385 1775 1611 1813 mirabiliter
1643 1789 1664 1812 a
1697 1776 1848 1814 Socrate

452 1840 618 1878 divinata
652 1841 753 1885 sunt,
789 1855 873 1892 quae
907 1841 1222 1893 praetermittam:
1256 1841 1328 1878 tibi
1357 1841 1463 1879 enim
1485 1851 1573 1879 nota
1606 1842 1717 1886 sunt;
1748 1841 1851 1879 mih}

452 1906 496 1943 ad
517 1906 904 1944 commemorandum
927 1920 1003 1945 non
1035 1906 1243 1944 necessa-ria.
1290 1906 1393 1944 Illud
1421 1916 1551 1944 tamen
1569 1907 1648 1958 ejus
1676 1906 1846 1959 philoso-

451 1971 521 2024 phi
542 1972 796 2025 magnificum
829 1986 870 2010 ac
892 1987 988 2026 pene
1009 1973 1200 2018 divinum,
1231 1973 1349 2025 quod,
1377 1986 1469 2011 cum
1490 1973 1622 2025 impiis
1654 1973 1848 2012 sententiis

453 2038 654 2076 damnatus
689 2038 790 2083 esset,
823 2039 1033 2091 aequiffimo
1067 2039 1196 2077 animo
1226 2039 1261 2077 se
1295 2039 1394 2078 dixit
1428 2039 1526 2077 mori
1545 2054 1553 2077 :
1586 2053 1708 2090 neque
1742 2040 1849 2078 enim

455 2104 572 2142 domo
591 2104 814 2157 egredienti,
846 2119 968 2157 neque
988 2105 1085 2143 illud
1106 2105 1339 2158 suggestum,
1370 2106 1411 2142 in
1427 2118 1505 2156 quo
1520 2105 1669 2143 causam
1689 2105 1848 2150 dixerat,

454 2170 680 2215 ascendenti,
700 2170 849 2222 signum
869 2171 938 2208 fibi
959 2171 1099 2216 ullum,
1117 2171 1222 2223 quod
1241 2169 1461 2216 consuesset,
1483 2184 1503 2208 a
1519 2172 1619 2215 Deo,
1641 2171 1742 2223 quasi
1756 2171 1851 2208 mali

456 2236 617 2288 alicujus
639 2236 911 2288 impendentis,
933 2236 1082 2274 datum.

508 2302 596 2340 LV.
630 2302 824 2354 Equidem
846 2302 894 2340 fic
911 2303 1085 2348 arbitror,
1106 2303 1222 2340 etiam
1242 2302 1268 2340 fi
1289 2303 1412 2340 multa
1431 2302 1564 2341 fallant
1584 2316 1673 2348 eos„
1697 2303 1765 2355 qui
1784 2311 1849 2340 aut

454 2377 544 2413 arte,
575 2377 639 2406 aut
673 2369 889 2420 conjedtura
922 2368 1090 2406 divinare
1120 2368 1330 2414 videantur,
1376 2368 1446 2406 effe
1479 2378 1608 2407 tamen
1642 2368 1847 2406 divinatio-

455 2445 544 2471 nem
559 2453 572 2478 ;
602 2433 780 2472 homines
797 2444 939 2479 autem,
965 2444 1007 2473 ut
1027 2435 1067 2472 in
1087 2434 1230 2472 caeteris
1251 2434 1482 2479 artibus‚rs1c
1504 2435 1542 2471 in
1563 2433 1633 2471 hac
1654 2434 1753 2486 posse
1773 2432 1847 2470 fal-

457 2497 500 2534 li.
532 2499 656 2537 Potest
675 2501 858 2546 accidere,
881 2511 924 2539 ut
943 2501 1098 2554 aliquod
1118 2501 1269 2553 signum
1299 2501 1416 2538 dubie
1442 2501 1574 2538 datum
1596 2513 1663 2552 pro
1682 2508 1784 2536 certo
1804 2498 1848 2535 fit

457 2571 660 2615 acceptum
679 2578 689 2602 :
720 2566 841 2617 potest
860 2566 1016 2619 aliquod
1036 2565 1196 2611 latuisse,
1217 2575 1281 2604 aut
1304 2565 1445 2618 ipsum,
1477 2574 1540 2603 aut
1560 2564 1662 2615 quod
1683 2563 1769 2601 essct
1789 2562 1853 2599 illi
