2223 3003
431 296 484 337 74
720 282 821 320 DE
879 278 1528 318 DIVINATIONE

428 381 575 433 legum,
596 379 654 416 vel
675 378 715 415 in
734 375 903 414 creandis
923 373 1203 434 magistratibus
1223 374 1414 427 principes
1435 373 1597 412 civitatis
1617 373 1732 412 effent
1750 375 1813 413 in-

427 453 620 497 terpretes.

480 511 534 546 At
555 509 649 546 Tib.
667 505 836 546 Gracchi
855 505 975 544 literis
992 505 1119 558 Scipio
1136 515 1174 544 et
1200 505 1376 558 Figulus,
1409 505 1512 558 quod
1540 514 1626 542 turn
1651 517 1811 557 augures

418 572 645 624 judicassent
664 585 725 610 eos
741 571 836 610 vitio
854 580 996 609 creatos
1011 570 1095 615 effe,
1109 570 1328 623 magistratu
1344 570 1379 608 se
1394 570 1677 608 abdicaverunt.
1709 569 1809 621 Qis

424 647 535 691 negat
556 651 745 690 augurum
765 636 1007 690 disciplinam
1026 635 1095 674 esse
1113 637 1126 673 ?
1157 636 1433 675 divinationem
1453 649 1564 689 nego.

478 706 532 743 At
551 704 765 757 haruspices
785 703 906 741 divini
921 722 933 748 3
965 716 1060 755 quos
1080 716 1172 740 curn
1192 703 1287 741 Tib.
1311 701 1510 740 Gracchus
1531 710 1685 754 propter
1704 715 1811 739 mor-

422 780 502 808 tem
522 771 758 824 repentinam
777 771 871 821 ejus,
901 769 970 821 qui
989 769 1029 806 in
1049 769 1293 821 praerogativa
1311 768 1504 807 referenda
1522 768 1648 806 subito
1676 767 1810 805 conci-

421 837 543 881 disset,
575 838 615 874 in
647 836 819 874 senatum
852 834 1130 879 introduxisset,
1158 848 1234 873 non
1263 835 1412 886 justum
1444 844 1657 887 rogatorem
1682 833 1809 871 comi-

420 902 564 939 tiorum
594 901 702 939 fuiffe
731 901 923 938 dixerunt.
956 899 1132 938 Primum
1152 899 1250 944 vide,
1283 912 1330 937 ne
1355 900 1394 937 in
1414 913 1504 937 eum
1524 898 1704 942 dixerint,
1739 897 1809 949 qui

419 976 570 1019 rogator
599 966 778 1003 centuriae
797 964 946 1010 fuisset,
978 965 1009 1002 is
1039 965 1144 1002 enirn
1174 973 1251 1002 erat
1276 974 1465 1003 mortuus.
1507 964 1553 1002 Id
1578 973 1706 1002 autem
1732 963 1809 1000 fine

419 1032 651 1070 divinatione
671 1031 887 1083 conicetur&
906 1039 1080 1083 poterant
1100 1029 1223 1068 dicere
1241 1045 1249 1068 :
1282 1030 1417 1067 deinde
1441 1029 1589 1067 fortafl‘e
1608 1029 1708 1074 casu,
1739 1027 1808 1080 qui

417 1097 527 1135 nullo
547 1097 665 1135 modo
682 1097 734 1134 est
753 1109 800 1134 ex
818 1095 894 1134 hoc
913 1109 1048 1148 genere
1063 1095 1268 1133 tollendus.
1300 1095 1408 1147 Qid
1427 1094 1532 1132 enim
1551 1093 1643 1132 scire
1656 1092 1809 1131 Etrusci

417 1161 631 1215 haruspices
651 1171 715 1200 aut
740 1161 787 1199 de
817 1160 1061 1199 tabernaculo
1081 1163 1178 1198 recte
1198 1169 1324 1213 capto,
1355 1169 1420 1198 aut
1439 1159 1486 1198 de
1514 1159 1695 1213 pomoerii
1719 1160 1808 1211 jure

416 1229 653 1281 potuerunt?
685 1226 881 1279 Equidem
911 1226 1087 1264 affentior
1106 1227 1154 1264 C.
1177 1226 1366 1264 Marcello
1388 1227 1530 1279 potius,
1561 1239 1679 1278 quam
1701 1226 1804 1277 App.

416 1293 581 1332 Claudio
592 1311 605 1338 ;
636 1292 704 1345 qui
724 1292 839 1330 ambo
859 1291 935 1329 mei
952 1291 1106 1344 collegae
1126 1290 1282 1329 fuerunt
1297 1309 1309 1336 ς
1333 1291 1584 1343 existimoque
1597 1292 1662 1342 jus
1682 1303 1805 1342 augu-

416 1373 517 1404 rum,
547 1358 613 1397 etfi
633 1357 877 1396 divinationis
897 1357 1077 1410 opinione
1096 1357 1286 1410 principio
1311 1357 1565 1395 constitutum
1585 1357 1642 1402 fit,
1675 1364 1805 1394 tamen

413 1425 541 1477 postea
560 1423 780 1476 reipublicae
799 1421 906 1460 causa
925 1422 1188 1460 conservatum
1208 1436 1250 1460 ac
1271 1431 1476 1461 retentum.

469 1490 661 1528 XXXVI.
694 1488 764 1526 Sed
784 1488 830 1526 de
846 1487 921 1526 hoc
941 1487 1028 1526 loco
1048 1488 1156 1540 plura
1175 1488 1214 1526 in
1234 1488 1341 1526 aliis:
1366 1502 1468 1526 nunc
1489 1487 1684 1525 hactenus.
1718 1487 1802 1524 Ex-

413 1563 518 1592 terna
537 1555 642 1593 enim
662 1554 831 1606 auguria,
848 1567 932 1605 quae
953 1553 1038 1591 sunt
1058 1567 1135 1591 non
1157 1562 1234 1592 tam
1255 1553 1466 1598 artificiosa,
1487 1566 1605 1606 quam
1626 1551 1803 1604 supersti-

411 1620 517 1665 tiosa,
539 1620 748 1657 videamus.
793 1619 989 1656 Omnibus
1020 1617 1097 1656 fere
1127 1619 1259 1656 avibus
1286 1628 1472 1663 utuntur;
1504 1631 1571 1657 nos
1591 1617 1803 1656 admodum

411 1686 555 1739 paucis.
601 1685 688 1723 Alia
708 1684 784 1722 illis
805 1683 948 1722 sinistra
967 1683 1067 1728 sunt,
1088 1683 1160 1721 alia
1179 1683 1326 1723 nostris.
1359 1684 1511 1722 Solebat
1530 1697 1576 1722 ex
1596 1697 1658 1720 me
1679 1683 1800 1734 Dejo-

408 1761 510 1790 tarus
531 1750 741 1804 percontari
762 1749 875 1787 nostri
906 1749 1054 1800 augurii
1075 1749 1329 1801 disciplinam,
1350 1761 1421 1801 ego
1450 1762 1496 1787 ex
1527 1748 1595 1786 illo
1615 1747 1684 1785 sui.
1730 1749 1800 1786 Dii

410 1815 668 1855 immortales!
702 1823 890 1867 quantum
910 1813 1107 1851 differebat
1125 1815 1138 1850 ?
1171 1823 1211 1851 ut
1231 1814 1405 1866 quaedam
1424 1813 1539 1852 effent
1559 1814 1675 1852 etiam
1701 1827 1798 1852 con-

410 1882 534 1919 traria.
577 1883 708 1933 Atque
739 1879 803 1916 ille
835 1879 879 1916 iis
900 1878 1044 1931 semper
1064 1879 1265 1923 utebatur3
1298 1893 1380 1924 nos,
1412 1880 1479 1917 nisi
1501 1880 1594 1917 dum
1615 1893 1635 1916 a
1655 1879 1799 1932 populo

409 1947 575 1999 auspicia
594 1953 746 1997 accepta
765 1943 965 1988 habemus,
987 1957 1102 1996 quam
1124 1945 1295 1983 multum
1316 1945 1360 1983 iis
1382 1946 1527 1983 utimur
1546 1946 1558 1981 ?

467 2011 649 2049 Bellicam
682 2024 761 2048 rem
793 2009 1042 2047 administrari
1076 2010 1234 2061 majores
1267 2010 1380 2048 nostri
1410 2010 1476 2047 nisi
1506 2009 1695 2062 auspicato
1726 2023 1797 2049 no—

409 2077 575 2115 luerunt.
619 2076 749 2127 Qam
771 2075 887 2113 multi
918 2075 1005 2112 anni
1027 2075 1125 2120 suut,
1156 2089 1247 2113 cum
1275 2075 1373 2113 bella
1401 2089 1421 2113 a
1440 2076 1729 2129 proconsulibus
1759 2085 1798 2114 ct

409 2142 700 2196 proprzrtoribus
721 2141 1042 2186 administrantur,
1073 2142 1141 2194 qui
1172 2141 1335 2194 auspicia
1355 2155 1430 2180 non
1459 2141 1631 2180 habent?
1665 2143 1796 2194 Itaque

409 2223 476 2246 nec
508 2222 636 2246 amnes
668 2207 859 2245 transeunt
885 2207 1087 2261 auspicato,
1121 2222 1188 2246 nec
1217 2208 1384 2261 tripudio
1404 2209 1656 2261 auspicantur.
1689 2209 1795 2246 Nam

406 2288 451 2311 ex
472 2273 714 2311 acuminibus
736 2273 908 2325 quidem,
940 2274 1043 2325 quod
1065 2284 1189 2312 totum
1211 2273 1422 2327 auspicium
1444 2275 1608 2312 militare
1629 2273 1694 2318 cst,
1712 2274 1794 2325 jam

408 2339 469 2375 Μ.
495 2338 702 2375 Marcellus
734 2338 798 2374 illc
819 2338 1021 2389 quinquies
1039 2339 1181 2376 Consul
1215 2348 1341 2376 totum
1371 2340 1512 2383 omisit,
1546 2339 1645 2376 idem
1668 2339 1792 2390 impc-

407 2413 518 2447 rntor,
552 2403 653 2440 idem
686 2416 805 2454 augur
835 2403 1018 2455 optimus.
1058 2404 1135 2441 Ubi
1167 2418 1256 2456 crgo
1287 2405 1414 2443 avium
1446 2404 1660 2442 divinatio?
1692 2417 1790 2455 qum,

406 2470 588 2522 quoniam
619 2469 665 2507 ab
700 2469 759 2512 iis,
791 2470 856 2521 qui
888 2470 1050 2522 auspicia
1086 2470 1188 2507 nulla
1215 2470 1368 2514 liabent.
1402 2472 1499 2509 bella
1527 2471 1791 2509 administran-

406 2544 481 2579 tur,
512 2535 558 2573 ab
592 2534 743 2572 urb-inis
765 2544 906 2573 retent-1
940 2536 1102 2580 videtur,
1133 2550 1152 2572 a
1175 2536 1321 2574 bellicis
1343 2536 1412 2574 cll‘c
1435 2536 1590 2574 sublata.
1631 2536 1680 2572 Et
1701 2536 1790 2588 qui-

403 2601 492 2640 dem
528 2601 592 2640 illc
625 2601 789 2647 dicebat,
821 2602 844 2640 fi
878 2602 1030 2655 quando
1063 2617 1144 2642 rcm
1179 2617 1284 2656 agere
1312 2603 1438 2649 vcllct,
1468 2617 1515 2643 nc
1543 2601 1792 2656 impediretur
