2223 3003
662 284 939 326 LIBER
995 281 1493 323 SECUNDUS.
1727 284 1778 336 63

386 385 516 424 habere
533 384 645 437 anas.
681 385 774 423 Hoc
793 382 942 422 fortass'e
961 382 1183 435 reipublicae
1202 382 1310 421 causa
1327 382 1580 421 constitutum
1600 383 1652 421 est
1670 397 1679 422 ε
1711 397 1780 423 co-

388 451 589 489 mitiorum
610 450 715 487 enim
749 462 825 486 non
847 448 1111 486 habendorum
1145 448 1268 485 causas
1289 448 1360 486 effe
1380 449 1595 487 voluerunt.
1645 450 1781 501 Itaque

389 515 639 554 comitiorum
659 512 783 551 solum
804 513 945 549 vitium
965 511 1031 555 est,
1053 510 1230 555 fulmen;
1262 513 1365 562 quod
1386 514 1489 551 idem
1509 515 1692 552 omnibus
1719 528 1779 552 re·-

388 582 459 619 bus
479 581 674 633 optimum
694 577 907 630 auspicium
938 575 1141 620 habemus,
1163 576 1189 613 fi
1209 576 1399 615 sinistrum
1417 577 1509 616 fuit.
1550 581 1620 617 Sed
1646 581 1691 618 de
1710 595 1779 619 au-

387 646 514 698 spiciis
533 646 609 683 alio
628 645 714 683 loco
730 673 739 689 ,
762 657 865 681 nunc
886 643 932 681 de
952 641 1186 695 fulguribus.

440 711 554 749 XIX.
586 710 695 761 Qid
725 709 843 761 igitur
873 708 1003 746 minus
1034 721 1055 745 a
1082 707 1251 759 Physicis
1282 707 1359 746 dici
1379 708 1506 753 debet,
1529 723 1645 761 quam
1664 712 1779 762 quid-

385 790 503 829 quam
524 777 618 814 certi
631 775 833 828 fignificari
853 774 964 812 rebus
984 774 1162 812 incertis?
1185 774 1279 812 Non
1296 775 1402 812 enim
1420 783 1457 812 te
1472 784 1568 827 puto
1587 775 1658 814 effe
1672 790 1780 823 eum,

387 844 455 894 qui
474 841 562 894 Jovi
582 841 732 879 fulmen
751 840 952 879 fabricatos
983 840 1054 879 effe
1085 840 1273 893 Cyclopas
1307 841 1347 878 in
1368 842 1485 879 AEtna
1518 851 1628 894 putes
1649 857 1658 880 ς
1690 856 1782 882 nam

385 907 475 946 effet
505 907 696 952 mirabile,
731 907 929 959 quomodo
962 907 1002 944 id
1021 906 1173 959 Jupiter
1205 906 1316 944 toties
1342 907 1497 958 jaceret,
1533 921 1624 946 cum
1657 921 1782 947 unum·

385 971 555 1011 haberet.
587 973 672 1011 Nec
702 985 792 1010 vero
811 971 1046 1009 fulminibus
1067 970 1260 1016 homines,
1283 972 1379 1023 quid
1398 980 1465 1009 aut
1482 970 1700 1011 faciendum
1721 973 1782 1012 es-

384 1038 453 1084 set,
474 1047 539 1077 aut
558 1038 787 1083 cavendum,
820 1046 1006 1076 moneret.
1050 1037 1180 1075 Placet
1200 1038 1305 1075 enim
1326 1037 1478 1082 Stoicis,
1507 1051 1569 1076 eos
1589 1037 1782 1077 anhelitus

384 1113 503 1149 terrae,
525 1104 594 1156 qui
613 1103 747 1156 frigidi
765 1103 852 1148 sint,
867 1116 960 1141 cum
980 1102 1097 1140 fluere
1115 1103 1315 1155 coeperint,
1331 1112 1463 1141 ventos
1479 1103 1550 1142 effe
1567 1119 1576 1142 :
1598 1117 1690 1142 cum
1709 1118 1779 1142 au-

383 1179 465 1208 tem
478 1171 513 1208 se
529 1171 569 1207 in
588 1169 734 1208 nubem
753 1169 963 1213 induerint,
979 1168 1134 1220 ejusque
1150 1168 1406 1207 tenuiffimam
1423 1183 1618 1222 quamque
1632 1180 1781 1222 partem

384 1236 573 1288 cceperint
592 1235 758 1272 dividere
776 1243 891 1286 atque
911 1233 1158 1286 disrumpere,
1194 1234 1310 1286 idque
1328 1234 1497 1272 crebrius
1517 1234 1639 1272 facere
1656 1245 1693 1274 et
1712 1249 1779 1274 ve-

383 1300 617 1344 hementius,
650 1309 736 1338 tum
766 1309 804 1337 et
829 1298 997 1352 fulgores
1027 1307 1065 1336 et
1086 1299 1254 1336 tonitrua
1278 1298 1471 1337 exsistere:
1508 1299 1533 1336 fi
1555 1308 1683 1338 autem
1703 1315 1779 1338 nu-

384 1367 496 1405 bium
516 1366 700 1405 conflid‘tu
719 1366 828 1403 ardor
847 1363 1037 1418 expressus
1056 1363 1091 1402 se
1110 1364 1290 1410 emiserit,
1310 1364 1350 1402 id
1369 1364 1440 1402 effe
1458 1364 1623 1403 fulmen.
1660 1366 1780 1417 Qod

383 1433 502 1485 igitur
521 1433 559 1471 vi
578 1441 732 1476 naturae,
768 1431 876 1469 nulla
895 1429 1117 1476 constantii,
1149 1431 1258 1469 nullo
1288 1439 1367 1469 rato
1389 1440 1573 1484 tempore,
1605 1432 1780 1470 videmus

385 1497 501 1541 effici,
533 1510 579 1535 ex
609 1510 654 1534 eo
685 1496 1002 1549 significationem
1033 1510 1161 1534 rerum
1192 1495 1509 1548 consequentium
1538 1498 1744 1549 quaerimus
1764 1498 1777 1533 ?

387 1561 554 1606 Scilicet,
565 1562 590 1599 fi
603 1560 828 1613 istaJupiter
839 1561 1079 1613 significaret,
1095 1570 1171 1599 tam
1190 1561 1312 1599 multa
1327 1560 1461 1598 frustra
1475 1560 1642 1599 fulmina
1659 1563 1778 1599 emit-

384 1636 480 1665 teret
497 1627 509 1663 ?
542 1626 650 1677 Qid
669 1627 775 1663 enim
795 1626 961 1677 proficit,
997 1639 1089 1663 cum
1108 1626 1148 1663 in
1169 1626 1344 1663 medium
1364 1639 1466 1663 mare
1484 1625 1636 1663 fulmen
1651 1627 1776 1677 jecit?

383 1693 492 1744 quid,
514 1705 607 1729 cum
627 1692 667 1728 in
688 1690 884 1728 altisfimos
906 1700 1071 1735 montes,
1093 1691 1195 1742 quod
1215 1691 1444 1742 plerumque
1464 1690 1535 1728 fit?
1558 1691 1667 1742 quid,
1684 1705 1777 1730 cum

384 1760 424 1796 in
445 1757 603 1795 desertas
632 1755 886 1793 solitudines?
923 1756 1030 1806 quid,
1066 1769 1158 1792 cum
1184 1757 1224 1793 in
1251 1769 1380 1793 earum
1401 1756 1578 1807 gentium
1609 1771 1705 1802 oras,
1736 1758 1777 1796 in

383 1824 525 1875 quibus
545 1822 626 1860 haec
657 1834 704 1859 ne
723 1820 967 1858 observantur
986 1820 1175 1872 quidem?
1207 1823 1262 1858 At
1281 1821 1481 1858 inventum
1510 1821 1561 1859 est
1592 1832 1705 1873 caput
1736 1824 1778 1860 in

386 1889 534 1928 Tiberi.
567 1887 682 1939 Qasl
699 1899 770 1939 ego
789 1895 910 1924 artem
929 1886 1098 1938 aliquam
1118 1885 1275 1924 istorum
1292 1886 1362 1923 effe
1382 1900 1520 1939 negem
1538 1902 1546 1924 :
1570 1887 1777 1926 divinatio—

384 1968 472 1993 nem
505 1967 616 2006 nego.
663 1952 758 1991 Caeli
777 1952 881 1990 enim
902 1951 1133 1997 distributio,
1155 1965 1273 2004 quam
1293 1962 1379 1990 ante
1399 1952 1494 1997 dixi,
1525 1962 1563 1990 et
1589 1962 1777 1992 certarum

383 2034 511 2059 rerum
530 2018 822 2063 notatio-docet,
844 2018 946 2056 unde
964 2017 1115 2056 fulmen
1133 2019 1293 2064 venerit,
1315 2032 1394 2071 quo
1413 2018 1631 2057 concefi'erit
1650 2033 1658 2057 ε
1682 2020 1777 2072 quid

383 2085 569 2138 significet
587 2094 729 2129 autem,
750 2084 856 2122 nulla
876 2084 970 2122 ratio
990 2084 1114 2122 docet.

437 2152 529 2190 XX.
563 2151 634 2189 Sed
652 2163 762 2202 urges
782 2163 846 2188 me
863 2150 959 2187 meis
976 2150 1140 2187 verfibus
1157 2167 1169 2194 ς

518 2218 617 2256 Nam
629 2225 741 2269 pater
759 2215 954 2254 altitonans
959 2215 1125 2267 stellanti
1139 2214 1243 2253 nixus
1263 2215 1421 2268 Olympo,

515 2283 685 2335 Ipſs’ficos
704 2282 875 2334 quondam
894 2281 1058 2325 tumulos,
1087 2294 1130 2319 ac
1148 2281 1277 2333 templa
1288 2282 1442 2333 petivit,

519 2350 574 2387 Et
595 2348 804 2401 Capitolinis
823 2347 941 2399 injecit
946 2346 1090 2400 fidibus
1107 2346 1216 2399 tgnes.

384 2413 494 2452 Tum
513 2414 631 2452 statua
650 2413 793 2458 Nattae,
815 2422 900 2451 tum
920 2412 1118 2450 simulacra
1133 2413 1324 2456 Deorum,
1346 2411 1614 2464 Romulusque
1634 2421 1670 2451 et
1692 2413 1774 2451 Re-

386 2490 474 2516 mus
500 2491 591 2516 cum
611 2478 740 2517 altrice
761 2478 900 2523 bellua,
930 2479 968 2516 vi
987 2477 1166 2516 fulminis
1193 2478 1258 2515 isti
1279 2478 1542 2522 conciderunt,
1571 2478 1692 2530 deque
1712 2478 1773 2515 his

386 2543 498 2581 rebus
519 2541 764 2594 haruspicum
782 2545 991 2582 extiterunt
1010 2542 1181 2596 responsa
1199 2543 1397 2581 veriffima.
1436 2543 1619 2581 Mirabile
1645 2551 1772 2579 autem

385 2608 496 2655 illud,
527 2607 633 2661 quod
652 2620 698 2647 eo
725 2607 806 2661 ipso
826 2617 1024 2661 tempore,
1044 2622 1123 2661 quo
1152 2608 1258 2647 fieret
1287 2608 1478 2646 indicium
1497 2607 1772 2659 conjurationis
