<?xml version="1.0" encoding="UTF-8"?>
<!DOCTYPE html PUBLIC "-//W3C//DTD XHTML 1.0 Transitional//EN"
    "http://www.w3.org/TR/xhtml1/DTD/xhtml1-transitional.dtd">
<html xmlns="http://www.w3.org/1999/xhtml" xml:lang="en" lang="en">
 <head>
  <title>
</title>
<meta http-equiv="Content-Type" content="text/html;charset=utf-8" />
  <meta name='ocr-system' content='tesseract 3.04.00' />
  <meta name='ocr-capabilities' content='ocr_page ocr_carea ocr_par ocr_line ocrx_word'/>
</head>
<body>
  <div class='ocr_page' id='page_1' title='image "./operacumindicibu03ciceuoft_0131.png"; bbox 0 0 2223 3003; ppageno 0'>
   <div class='ocr_carea' id='block_1_1' title="bbox 657 254 1707 309">
    <p class='ocr_par' dir='ltr' id='par_1_1' title="bbox 657 254 1707 309">
     <span class='ocr_line' id='line_1_1' title="bbox 657 254 1707 309; baseline 0.002 -16"><span class='ocrx_word' id='word_1_1' title='bbox 657 255 933 294; x_wconf 81' lang='lat' dir='ltr'><strong>LIBER</strong></span> <span class='ocrx_word' id='word_1_2' title='bbox 997 254 1358 294; x_wconf 90' lang='lat' dir='ltr'><strong>PRIMUS.</strong></span> <span class='ocrx_word' id='word_1_3' title='bbox 1636 270 1707 309; x_wconf 82' lang='lat'>¹25</span> 
     </span>
    </p>
   </div>
   <div class='ocr_carea' id='block_1_2' title="bbox 304 353 1706 2566">
    <p class='ocr_par' dir='ltr' id='par_1_2' title="bbox 307 353 1706 666">
     <span class='ocr_line' id='line_1_2' title="bbox 309 353 1706 406; baseline 0.001 -15"><span class='ocrx_word' id='word_1_4' title='bbox 309 353 488 392; x_wconf 87' lang='lat' dir='ltr'>omnium</span> <span class='ocrx_word' id='word_1_5' title='bbox 512 367 521 391; x_wconf 93' lang='lat'>:</span> <span class='ocrx_word' id='word_1_6' title='bbox 553 365 715 406; x_wconf 84' lang='lat' dir='ltr'>quaeque</span> <span class='ocrx_word' id='word_1_7' title='bbox 733 354 772 391; x_wconf 90' lang='lat' dir='ltr'>in</span> <span class='ocrx_word' id='word_1_8' title='bbox 795 354 933 391; x_wconf 86' lang='lat' dir='ltr'>animis</span> <span class='ocrx_word' id='word_1_9' title='bbox 955 354 1246 406; x_wconf 89' lang='lat' dir='ltr'>imprimuntur,</span> <span class='ocrx_word' id='word_1_10' title='bbox 1279 354 1324 392; x_wconf 89' lang='lat' dir='ltr'>de</span> <span class='ocrx_word' id='word_1_11' title='bbox 1344 354 1485 406; x_wconf 92' lang='lat' dir='ltr'>quibus</span> <span class='ocrx_word' id='word_1_12' title='bbox 1506 364 1592 393; x_wconf 88' lang='lat' dir='ltr'>ante</span> <span class='ocrx_word' id='word_1_13' title='bbox 1611 355 1706 401; x_wconf 84' lang='lat' dir='ltr'><strong>dixi,</strong></span> 
     </span>
     <span class='ocr_line' id='line_1_3' title="bbox 309 418 1705 472; baseline 0.002 -16"><span class='ocrx_word' id='word_1_14' title='bbox 309 418 496 457; x_wconf 79' lang='lat' dir='ltr'>inchoata:</span> <span class='ocrx_word' id='word_1_15' title='bbox 516 419 794 471; x_wconf 67' lang='lat' dir='ltr'>intelligentiae,</span> <span class='ocrx_word' id='word_1_16' title='bbox 826 419 999 456; x_wconf 86' lang='lat' dir='ltr'>fimiliter</span> <span class='ocrx_word' id='word_1_17' title='bbox 1028 421 1067 456; x_wconf 89' lang='lat' dir='ltr'>in</span> <span class='ocrx_word' id='word_1_18' title='bbox 1091 420 1274 457; x_wconf 90' lang='lat' dir='ltr'>omnibus</span> <span class='ocrx_word' id='word_1_19' title='bbox 1306 420 1609 472; x_wconf 89' lang='lat' dir='ltr'>imprimuntur:</span> <span class='ocrx_word' id='word_1_20' title='bbox 1642 422 1705 459; x_wconf 90' lang='lat' dir='ltr'>in-</span> 
     </span>
     <span class='ocr_line' id='line_1_4' title="bbox 309 484 1704 537; baseline 0.003 -15"><span class='ocrx_word' id='word_1_21' title='bbox 309 485 524 537; x_wconf 88' lang='lat' dir='ltr'>terpresque</span> <span class='ocrx_word' id='word_1_22' title='bbox 555 485 610 522; x_wconf 92' lang='lat' dir='ltr'>est</span> <span class='ocrx_word' id='word_1_23' title='bbox 638 484 779 522; x_wconf 90' lang='lat' dir='ltr'>mentis</span> <span class='ocrx_word' id='word_1_24' title='bbox 810 484 944 527; x_wconf 88' lang='lat' dir='ltr'>oratio,</span> <span class='ocrx_word' id='word_1_25' title='bbox 976 484 1099 521; x_wconf 84' lang='lat' dir='ltr'>verbis</span> <span class='ocrx_word' id='word_1_26' title='bbox 1121 484 1348 536; x_wconf 79' lang='lat' dir='ltr'>discrepans,</span> <span class='ocrx_word' id='word_1_27' title='bbox 1382 486 1576 525; x_wconf 81' lang='lat' dir='ltr'>sententiis</span> <span class='ocrx_word' id='word_1_28' title='bbox 1607 501 1704 526; x_wconf 91' lang='lat' dir='ltr'>con-</span> 
     </span>
     <span class='ocr_line' id='line_1_5' title="bbox 308 548 1704 601; baseline 0.004 -14"><span class='ocrx_word' id='word_1_29' title='bbox 308 563 462 601; x_wconf 87' lang='lat' dir='ltr'>gruens.</span> <span class='ocrx_word' id='word_1_30' title='bbox 495 551 580 588; x_wconf 91' lang='lat' dir='ltr'>Nec</span> <span class='ocrx_word' id='word_1_31' title='bbox 601 549 653 586; x_wconf 90' lang='lat' dir='ltr'>est</span> <span class='ocrx_word' id='word_1_32' title='bbox 672 548 877 600; x_wconf 89' lang='lat' dir='ltr'>quisquam</span> <span class='ocrx_word' id='word_1_33' title='bbox 904 548 1029 599; x_wconf 87' lang='lat' dir='ltr'>gentis</span> <span class='ocrx_word' id='word_1_34' title='bbox 1051 548 1179 592; x_wconf 89' lang='lat' dir='ltr'>ullius,</span> <span class='ocrx_word' id='word_1_35' title='bbox 1202 550 1284 599; x_wconf 86' lang='lat' dir='ltr'>qui,</span> <span class='ocrx_word' id='word_1_36' title='bbox 1317 550 1456 588; x_wconf 85' lang='lat' dir='ltr'>ducem</span> <span class='ocrx_word' id='word_1_37' title='bbox 1484 554 1628 597; x_wconf 67' lang='lat' dir='ltr'>naftus,</span> <span class='ocrx_word' id='word_1_38' title='bbox 1658 554 1704 592; x_wconf 86' lang='lat' dir='ltr'>ad</span> 
     </span>
     <span class='ocr_line' id='line_1_6' title="bbox 307 612 946 666; baseline -0.003 -15"><span class='ocrx_word' id='word_1_39' title='bbox 307 616 491 653; x_wconf 65' lang='lat' dir='ltr'>virtutem</span> <span class='ocrx_word' id='word_1_40' title='bbox 510 614 704 666; x_wconf 88' lang='lat' dir='ltr'>pervenire</span> <span class='ocrx_word' id='word_1_41' title='bbox 723 626 800 650; x_wconf 91' lang='lat' dir='ltr'>non</span> <span class='ocrx_word' id='word_1_42' title='bbox 821 612 946 665; x_wconf 83' lang='lat' dir='ltr'>poflit.</span> 
     </span>
    </p>

    <p class='ocr_par' dir='ltr' id='par_1_3' title="bbox 304 677 1705 2039">
     <span class='ocr_line' id='line_1_7' title="bbox 352 677 1703 734; baseline 0.002 -16"><span class='ocrx_word' id='word_1_43' title='bbox 352 682 425 718; x_wconf 87' lang='lat' dir='ltr'>XI.</span> <span class='ocrx_word' id='word_1_44' title='bbox 448 680 534 717; x_wconf 89' lang='lat' dir='ltr'>Nec</span> <span class='ocrx_word' id='word_1_45' title='bbox 554 678 677 716; x_wconf 87' lang='lat' dir='ltr'>solum</span> <span class='ocrx_word' id='word_1_46' title='bbox 698 678 737 715; x_wconf 94' lang='lat' dir='ltr'>in</span> <span class='ocrx_word' id='word_1_47' title='bbox 760 679 884 722; x_wconf 65' lang='lat' dir='ltr'>rectis,</span> <span class='ocrx_word' id='word_1_48' title='bbox 908 677 967 716; x_wconf 88' lang='lat' dir='ltr'>sed</span> <span class='ocrx_word' id='word_1_49' title='bbox 988 679 1103 716; x_wconf 85' lang='lat' dir='ltr'>etiam</span> <span class='ocrx_word' id='word_1_50' title='bbox 1124 680 1164 717; x_wconf 87' lang='lat' dir='ltr'>in</span> <span class='ocrx_word' id='word_1_51' title='bbox 1185 680 1451 732; x_wconf 76' lang='lat' dir='ltr'>pravitatibus,</span> <span class='ocrx_word' id='word_1_52' title='bbox 1475 681 1629 734; x_wconf 76' lang='lat' dir='ltr'>insignis</span> <span class='ocrx_word' id='word_1_53' title='bbox 1651 684 1703 722; x_wconf 85' lang='lat' dir='ltr'>est</span> 
     </span>
     <span class='ocr_line' id='line_1_8' title="bbox 306 744 1700 799; baseline 0.001 -15"><span class='ocrx_word' id='word_1_54' title='bbox 306 745 466 784; x_wconf 80' lang='lat' dir='ltr'>humani</span> <span class='ocrx_word' id='word_1_55' title='bbox 485 745 634 798; x_wconf 88' lang='lat' dir='ltr'>generis</span> <span class='ocrx_word' id='word_1_56' title='bbox 654 744 878 782; x_wconf 84' lang='lat' dir='ltr'>fimilitudo.</span> <span class='ocrx_word' id='word_1_57' title='bbox 911 745 1017 782; x_wconf 89' lang='lat' dir='ltr'>Nam</span> <span class='ocrx_word' id='word_1_58' title='bbox 1038 755 1076 783; x_wconf 89' lang='lat' dir='ltr'>et</span> <span class='ocrx_word' id='word_1_59' title='bbox 1096 746 1292 799; x_wconf 88' lang='lat' dir='ltr'>voluptate</span> <span class='ocrx_word' id='word_1_60' title='bbox 1312 748 1516 799; x_wconf 87' lang='lat' dir='ltr'>capiuntur</span> <span class='ocrx_word' id='word_1_61' title='bbox 1536 762 1670 786; x_wconf 85' lang='lat' dir='ltr'>onmes</span> <span class='ocrx_word' id='word_1_62' title='bbox 1688 768 1700 794; x_wconf 81' lang='lat'>3</span> 
     </span>
     <span class='ocr_line' id='line_1_9' title="bbox 307 810 1702 865; baseline 0.003 -16"><span class='ocrx_word' id='word_1_63' title='bbox 307 826 392 864; x_wconf 77' lang='lat' dir='ltr'>qua:</span> <span class='ocrx_word' id='word_1_64' title='bbox 411 812 475 849; x_wconf 77' lang='lat' dir='ltr'>ets]</span> <span class='ocrx_word' id='word_1_65' title='bbox 496 811 550 848; x_wconf 90' lang='lat' dir='ltr'>est</span> <span class='ocrx_word' id='word_1_66' title='bbox 580 810 760 848; x_wconf 84' lang='lat' dir='ltr'>illecebra</span> <span class='ocrx_word' id='word_1_67' title='bbox 781 811 1045 862; x_wconf 83' lang='lat' dir='ltr'>turpitudinis,</span> <span class='ocrx_word' id='word_1_68' title='bbox 1078 821 1208 849; x_wconf 89' lang='lat' dir='ltr'>tamen</span> <span class='ocrx_word' id='word_1_69' title='bbox 1227 811 1343 850; x_wconf 87' lang='lat' dir='ltr'>habet</span> <span class='ocrx_word' id='word_1_70' title='bbox 1374 814 1559 865; x_wconf 82' lang='lat' dir='ltr'>quiddam</span> <span class='ocrx_word' id='word_1_71' title='bbox 1580 815 1702 852; x_wconf 75' lang='lat' dir='ltr'>simile</span> 
     </span>
     <span class='ocr_line' id='line_1_10' title="bbox 305 876 1702 924; baseline 0.002 -9"><span class='ocrx_word' id='word_1_72' title='bbox 305 877 485 915; x_wconf 78' lang='lat' dir='ltr'>naturalis</span> <span class='ocrx_word' id='word_1_73' title='bbox 523 876 615 914; x_wconf 90' lang='lat' dir='ltr'>boni</span> <span class='ocrx_word' id='word_1_74' title='bbox 633 890 641 913; x_wconf 92' lang='lat'><strong>:</strong></span> <span class='ocrx_word' id='word_1_75' title='bbox 689 876 845 913; x_wconf 75' lang='lat' dir='ltr'>lenitate</span> <span class='ocrx_word' id='word_1_76' title='bbox 878 876 931 913; x_wconf 86' lang='lat' dir='ltr'>est</span> <span class='ocrx_word' id='word_1_77' title='bbox 963 877 1068 914; x_wconf 89' lang='lat' dir='ltr'>enim</span> <span class='ocrx_word' id='word_1_78' title='bbox 1102 887 1140 914; x_wconf 92' lang='lat' dir='ltr'>et</span> <span class='ocrx_word' id='word_1_79' title='bbox 1172 877 1351 915; x_wconf 85' lang='lat' dir='ltr'>suavitate</span> <span class='ocrx_word' id='word_1_80' title='bbox 1384 879 1573 918; x_wconf 62' lang='lat' dir='ltr'>delectans</span> <span class='ocrx_word' id='word_1_81' title='bbox 1593 899 1605 924; x_wconf 69' lang='lat'>5</span> <span class='ocrx_word' id='word_1_82' title='bbox 1652 880 1702 918; x_wconf 87' lang='lat' dir='ltr'>fic</span> 
     </span>
     <span class='ocr_line' id='line_1_11' title="bbox 305 941 1702 994; baseline 0.001 -13"><span class='ocrx_word' id='word_1_83' title='bbox 305 942 352 980; x_wconf 84' lang='lat' dir='ltr'>ab</span> <span class='ocrx_word' id='word_1_84' title='bbox 372 955 495 980; x_wconf 90' lang='lat' dir='ltr'>errore</span> <span class='ocrx_word' id='word_1_85' title='bbox 515 941 670 985; x_wconf 88' lang='lat' dir='ltr'>mentis,</span> <span class='ocrx_word' id='word_1_86' title='bbox 703 950 884 993; x_wconf 83' lang='lat' dir='ltr'>tanquam</span> <span class='ocrx_word' id='word_1_87' title='bbox 912 941 1069 979; x_wconf 84' lang='lat' dir='ltr'>salutare</span> <span class='ocrx_word' id='word_1_88' title='bbox 1102 942 1263 994; x_wconf 88' lang='lat' dir='ltr'>aliquid,</span> <span class='ocrx_word' id='word_1_89' title='bbox 1294 943 1524 982; x_wconf 86' lang='lat' dir='ltr'>adsciscitur.</span> <span class='ocrx_word' id='word_1_90' title='bbox 1585 945 1702 983; x_wconf 87' lang='lat' dir='ltr'>Simi-</span> 
     </span>
     <span class='ocr_line' id='line_1_12' title="bbox 304 1005 1702 1063; baseline 0.002 -18"><span class='ocrx_word' id='word_1_91' title='bbox 304 1008 409 1060; x_wconf 89' lang='lat' dir='ltr'>lique</span> <span class='ocrx_word' id='word_1_92' title='bbox 429 1007 576 1045; x_wconf 87' lang='lat' dir='ltr'>inscitia</span> <span class='ocrx_word' id='word_1_93' title='bbox 595 1020 698 1044; x_wconf 89' lang='lat' dir='ltr'>mors</span> <span class='ocrx_word' id='word_1_94' title='bbox 719 1005 881 1058; x_wconf 88' lang='lat' dir='ltr'>fugitur,</span> <span class='ocrx_word' id='word_1_95' title='bbox 913 1007 1016 1058; x_wconf 84' lang='lat' dir='ltr'>quafi</span> <span class='ocrx_word' id='word_1_96' title='bbox 1050 1007 1243 1045; x_wconf 81' lang='lat' dir='ltr'>diffolutio</span> <span class='ocrx_word' id='word_1_97' title='bbox 1272 1018 1445 1054; x_wconf 66' lang='lat' dir='ltr'>naturae,</span> <span class='ocrx_word' id='word_1_98' title='bbox 1478 1010 1554 1047; x_wconf 89' lang='lat' dir='ltr'>vita</span> <span class='ocrx_word' id='word_1_99' title='bbox 1584 1023 1702 1063; x_wconf 85' lang='lat' dir='ltr'>expe-</span> 
     </span>
     <span class='ocr_line' id='line_1_13' title="bbox 306 1072 1702 1125; baseline 0.003 -15"><span class='ocrx_word' id='word_1_100' title='bbox 306 1074 413 1118; x_wconf 88' lang='lat' dir='ltr'>titur,</span> <span class='ocrx_word' id='word_1_101' title='bbox 435 1073 525 1125; x_wconf 86' lang='lat' dir='ltr'>quia</span> <span class='ocrx_word' id='word_1_102' title='bbox 544 1085 628 1117; x_wconf 85' lang='lat' dir='ltr'>nos,</span> <span class='ocrx_word' id='word_1_103' title='bbox 659 1072 699 1109; x_wconf 92' lang='lat' dir='ltr'>in</span> <span class='ocrx_word' id='word_1_104' title='bbox 719 1086 797 1124; x_wconf 91' lang='lat' dir='ltr'>quo</span> <span class='ocrx_word' id='word_1_105' title='bbox 827 1073 905 1110; x_wconf 87' lang='lat' dir='ltr'>nati</span> <span class='ocrx_word' id='word_1_106' title='bbox 926 1073 1071 1117; x_wconf 88' lang='lat' dir='ltr'>sumus,</span> <span class='ocrx_word' id='word_1_107' title='bbox 1099 1074 1272 1111; x_wconf 88' lang='lat' dir='ltr'>continet</span> <span class='ocrx_word' id='word_1_108' title='bbox 1290 1088 1299 1111; x_wconf 90' lang='lat'><strong>:</strong></span> <span class='ocrx_word' id='word_1_109' title='bbox 1331 1074 1440 1113; x_wconf 91' lang='lat' dir='ltr'>dolor</span> <span class='ocrx_word' id='word_1_110' title='bbox 1460 1075 1499 1113; x_wconf 91' lang='lat' dir='ltr'>in</span> <span class='ocrx_word' id='word_1_111' title='bbox 1521 1076 1702 1114; x_wconf 86' lang='lat' dir='ltr'>maximis</span> 
     </span>
     <span class='ocr_line' id='line_1_14' title="bbox 306 1135 1702 1191; baseline 0.002 -15"><span class='ocrx_word' id='word_1_112' title='bbox 306 1139 417 1176; x_wconf 79' lang='lat' dir='ltr'>malis</span> <span class='ocrx_word' id='word_1_113' title='bbox 452 1138 620 1182; x_wconf 86' lang='lat' dir='ltr'>ducitur,</span> <span class='ocrx_word' id='word_1_114' title='bbox 645 1135 736 1175; x_wconf 72' lang='lat' dir='ltr'>cum</span> <span class='ocrx_word' id='word_1_115' title='bbox 771 1137 835 1174; x_wconf 89' lang='lat' dir='ltr'>sua</span> <span class='ocrx_word' id='word_1_116' title='bbox 870 1138 1079 1190; x_wconf 83' lang='lat' dir='ltr'>asperitate,</span> <span class='ocrx_word' id='word_1_117' title='bbox 1111 1149 1196 1176; x_wconf 87' lang='lat' dir='ltr'>tum</span> <span class='ocrx_word' id='word_1_118' title='bbox 1229 1139 1334 1191; x_wconf 78' lang='lat' dir='ltr'>quod</span> <span class='ocrx_word' id='word_1_119' title='bbox 1362 1150 1504 1178; x_wconf 85' lang='lat' dir='ltr'>naturae</span> <span class='ocrx_word' id='word_1_120' title='bbox 1524 1141 1702 1180; x_wconf 88' lang='lat' dir='ltr'>interitus</span> 
     </span>
     <span class='ocr_line' id='line_1_15' title="bbox 305 1202 1702 1255; baseline 0.001 -14"><span class='ocrx_word' id='word_1_121' title='bbox 305 1204 455 1242; x_wconf 87' lang='lat' dir='ltr'>videtur</span> <span class='ocrx_word' id='word_1_122' title='bbox 488 1203 594 1254; x_wconf 89' lang='lat' dir='ltr'>sequi</span> <span class='ocrx_word' id='word_1_123' title='bbox 616 1217 625 1240; x_wconf 75' lang='grc' dir='ltr'><strong><em>ε</em></strong></span> <span class='ocrx_word' id='word_1_124' title='bbox 655 1212 888 1254; x_wconf 88' lang='lat' dir='ltr'>propterque</span> <span class='ocrx_word' id='word_1_125' title='bbox 921 1202 1128 1241; x_wconf 87' lang='lat' dir='ltr'>honestatis</span> <span class='ocrx_word' id='word_1_126' title='bbox 1162 1212 1200 1240; x_wconf 87' lang='lat' dir='ltr'>et</span> <span class='ocrx_word' id='word_1_127' title='bbox 1233 1204 1362 1255; x_wconf 82' lang='lat' dir='ltr'>gloriae</span> <span class='ocrx_word' id='word_1_128' title='bbox 1393 1206 1702 1250; x_wconf 81' lang='lat' dir='ltr'>fimilitudinem,</span> 
     </span>
     <span class='ocr_line' id='line_1_16' title="bbox 305 1267 1701 1324; baseline 0.001 -16"><span class='ocrx_word' id='word_1_129' title='bbox 305 1270 417 1314; x_wconf 90' lang='lat' dir='ltr'>beati,</span> <span class='ocrx_word' id='word_1_130' title='bbox 449 1269 517 1321; x_wconf 91' lang='lat' dir='ltr'>qui</span> <span class='ocrx_word' id='word_1_131' title='bbox 547 1267 723 1306; x_wconf 89' lang='lat' dir='ltr'>honorati</span> <span class='ocrx_word' id='word_1_132' title='bbox 743 1268 842 1313; x_wconf 91' lang='lat' dir='ltr'>sunt,</span> <span class='ocrx_word' id='word_1_133' title='bbox 874 1267 1053 1306; x_wconf 90' lang='lat' dir='ltr'>videntur</span> <span class='ocrx_word' id='word_1_134' title='bbox 1069 1287 1081 1315; x_wconf 79' lang='lat'>3</span> <span class='ocrx_word' id='word_1_135' title='bbox 1113 1269 1238 1307; x_wconf 84' lang='lat' dir='ltr'>miseri</span> <span class='ocrx_word' id='word_1_136' title='bbox 1266 1279 1408 1314; x_wconf 87' lang='lat' dir='ltr'>autem,</span> <span class='ocrx_word' id='word_1_137' title='bbox 1443 1271 1510 1322; x_wconf 91' lang='lat' dir='ltr'>qui</span> <span class='ocrx_word' id='word_1_138' title='bbox 1531 1271 1701 1324; x_wconf 81' lang='lat' dir='ltr'>inglorii.</span> 
     </span>
     <span class='ocr_line' id='line_1_17' title="bbox 307 1334 1703 1387; baseline 0.001 -14"><span class='ocrx_word' id='word_1_139' title='bbox 307 1334 508 1379; x_wconf 82' lang='lat' dir='ltr'>Molestiae‚</span> <span class='ocrx_word' id='word_1_140' title='bbox 531 1334 682 1379; x_wconf 80' lang='lat' dir='ltr'>laetitiae,</span> <span class='ocrx_word' id='word_1_141' title='bbox 704 1334 947 1387; x_wconf 87' lang='lat' dir='ltr'>cupiditates,</span> <span class='ocrx_word' id='word_1_142' title='bbox 969 1335 1140 1379; x_wconf 88' lang='lat' dir='ltr'>timores,</span> <span class='ocrx_word' id='word_1_143' title='bbox 1163 1334 1336 1373; x_wconf 75' lang='lat' dir='ltr'>similiter</span> <span class='ocrx_word' id='word_1_144' title='bbox 1355 1336 1534 1373; x_wconf 87' lang='lat' dir='ltr'>omnium</span> <span class='ocrx_word' id='word_1_145' title='bbox 1556 1347 1703 1375; x_wconf 84' lang='lat' dir='ltr'>mentes</span> 
     </span>
     <span class='ocr_line' id='line_1_18' title="bbox 308 1400 1705 1455; baseline 0.003 -18"><span class='ocrx_word' id='word_1_146' title='bbox 308 1409 555 1452; x_wconf 83' lang='lat' dir='ltr'>pervagantur</span> <span class='ocrx_word' id='word_1_147' title='bbox 572 1418 584 1445; x_wconf 70' lang='grc' dir='ltr'><strong><em>ς</em></strong></span> <span class='ocrx_word' id='word_1_148' title='bbox 616 1413 701 1445; x_wconf 78' lang='lat' dir='ltr'>nee,</span> <span class='ocrx_word' id='word_1_149' title='bbox 732 1400 758 1438; x_wconf 87' lang='lat' dir='ltr'>fi</span> <span class='ocrx_word' id='word_1_150' title='bbox 779 1400 981 1452; x_wconf 86' lang='lat' dir='ltr'>opiniones</span> <span class='ocrx_word' id='word_1_151' title='bbox 1001 1400 1082 1439; x_wconf 85' lang='lat' dir='ltr'>aliae</span> <span class='ocrx_word' id='word_1_152' title='bbox 1103 1400 1190 1438; x_wconf 89' lang='lat' dir='ltr'>sunt</span> <span class='ocrx_word' id='word_1_153' title='bbox 1205 1401 1304 1453; x_wconf 91' lang='lat' dir='ltr'>apud</span> <span class='ocrx_word' id='word_1_154' title='bbox 1324 1401 1432 1446; x_wconf 86' lang='lat' dir='ltr'>alios,</span> <span class='ocrx_word' id='word_1_155' title='bbox 1454 1402 1612 1447; x_wconf 87' lang='lat' dir='ltr'>idcirco,</span> <span class='ocrx_word' id='word_1_156' title='bbox 1636 1403 1705 1455; x_wconf 87' lang='lat' dir='ltr'>qui</span> 
     </span>
     <span class='ocr_line' id='line_1_19' title="bbox 307 1464 1705 1521; baseline 0.004 -20"><span class='ocrx_word' id='word_1_157' title='bbox 307 1478 441 1502; x_wconf 84' lang='lat' dir='ltr'>canem</span> <span class='ocrx_word' id='word_1_158' title='bbox 461 1474 498 1501; x_wconf 90' lang='lat' dir='ltr'>et</span> <span class='ocrx_word' id='word_1_159' title='bbox 518 1464 653 1509; x_wconf 76' lang='lat' dir='ltr'>felem,</span> <span class='ocrx_word' id='word_1_160' title='bbox 671 1474 715 1503; x_wconf 90' lang='lat' dir='ltr'>ut</span> <span class='ocrx_word' id='word_1_161' title='bbox 734 1466 854 1510; x_wconf 89' lang='lat' dir='ltr'>Deos,</span> <span class='ocrx_word' id='word_1_162' title='bbox 887 1466 1042 1511; x_wconf 76' lang='lat' dir='ltr'>colunt,</span> <span class='ocrx_word' id='word_1_163' title='bbox 1070 1479 1151 1504; x_wconf 87' lang='lat' dir='ltr'>non</span> <span class='ocrx_word' id='word_1_164' title='bbox 1168 1466 1301 1505; x_wconf 88' lang='lat' dir='ltr'>eadem</span> <span class='ocrx_word' id='word_1_165' title='bbox 1320 1466 1594 1519; x_wconf 86' lang='lat' dir='ltr'>superstitione,</span> <span class='ocrx_word' id='word_1_166' title='bbox 1628 1481 1705 1521; x_wconf 86' lang='lat' dir='ltr'>qua</span> 
     </span>
     <span class='ocr_line' id='line_1_20' title="bbox 309 1529 1701 1582; baseline 0.004 -16"><span class='ocrx_word' id='word_1_167' title='bbox 309 1538 452 1567; x_wconf 77' lang='lat' dir='ltr'>caeterae</span> <span class='ocrx_word' id='word_1_168' title='bbox 467 1537 612 1581; x_wconf 85' lang='lat' dir='ltr'>gentes,</span> <span class='ocrx_word' id='word_1_169' title='bbox 632 1529 912 1569; x_wconf 69' lang='lat' dir='ltr'>conflictantur.</span> <span class='ocrx_word' id='word_1_170' title='bbox 974 1531 1072 1582; x_wconf 83' lang='lat' dir='ltr'>Qae</span> <span class='ocrx_word' id='word_1_171' title='bbox 1091 1540 1226 1569; x_wconf 55' lang='lat' dir='ltr'>autema</span> <span class='ocrx_word' id='word_1_172' title='bbox 1240 1533 1344 1570; x_wconf 83' lang='lat' dir='ltr'>natio</span> <span class='ocrx_word' id='word_1_173' title='bbox 1366 1546 1442 1570; x_wconf 89' lang='lat' dir='ltr'>non</span> <span class='ocrx_word' id='word_1_174' title='bbox 1464 1533 1701 1578; x_wconf 84' lang='lat' dir='ltr'>comitatem,</span> 
     </span>
     <span class='ocr_line' id='line_1_21' title="bbox 308 1595 1703 1646; baseline 0.003 -15"><span class='ocrx_word' id='word_1_175' title='bbox 308 1608 384 1632; x_wconf 87' lang='lat' dir='ltr'>non</span> <span class='ocrx_word' id='word_1_176' title='bbox 405 1595 698 1646; x_wconf 88' lang='lat' dir='ltr'>benignitatem,</span> <span class='ocrx_word' id='word_1_177' title='bbox 731 1608 807 1632; x_wconf 92' lang='lat' dir='ltr'>non</span> <span class='ocrx_word' id='word_1_178' title='bbox 829 1604 980 1646; x_wconf 86' lang='lat' dir='ltr'>gratum</span> <span class='ocrx_word' id='word_1_179' title='bbox 1011 1597 1186 1634; x_wconf 88' lang='lat' dir='ltr'>animum</span> <span class='ocrx_word' id='word_1_180' title='bbox 1213 1606 1251 1634; x_wconf 87' lang='lat' dir='ltr'>et</span> <span class='ocrx_word' id='word_1_181' title='bbox 1278 1597 1455 1634; x_wconf 88' lang='lat' dir='ltr'>beneficii</span> <span class='ocrx_word' id='word_1_182' title='bbox 1486 1611 1703 1636; x_wconf 87' lang='lat' dir='ltr'>memorem</span> 
     </span>
     <span class='ocr_line' id='line_1_22' title="bbox 306 1659 1702 1714; baseline 0.002 -18"><span class='ocrx_word' id='word_1_183' title='bbox 306 1659 462 1711; x_wconf 85' lang='lat' dir='ltr'>diligit?</span> <span class='ocrx_word' id='word_1_184' title='bbox 494 1673 578 1710; x_wconf 85' lang='lat' dir='ltr'>quae</span> <span class='ocrx_word' id='word_1_185' title='bbox 597 1659 790 1711; x_wconf 79' lang='lat' dir='ltr'>superbOS,</span> <span class='ocrx_word' id='word_1_186' title='bbox 812 1673 896 1711; x_wconf 86' lang='lat' dir='ltr'>quae</span> <span class='ocrx_word' id='word_1_187' title='bbox 916 1659 1124 1704; x_wconf 83' lang='lat' dir='ltr'>maleficos,</span> <span class='ocrx_word' id='word_1_188' title='bbox 1147 1674 1232 1712; x_wconf 85' lang='lat' dir='ltr'>quae</span> <span class='ocrx_word' id='word_1_189' title='bbox 1252 1661 1438 1704; x_wconf 87' lang='lat' dir='ltr'>crudeles,</span> <span class='ocrx_word' id='word_1_190' title='bbox 1467 1675 1552 1712; x_wconf 85' lang='lat' dir='ltr'>quae</span> <span class='ocrx_word' id='word_1_191' title='bbox 1573 1662 1702 1714; x_wconf 82' lang='lat' dir='ltr'>ingra-</span> 
     </span>
     <span class='ocr_line' id='line_1_23' title="bbox 308 1724 1704 1780; baseline 0.003 -19"><span class='ocrx_word' id='word_1_192' title='bbox 308 1734 367 1762; x_wconf 88' lang='lat' dir='ltr'>tos</span> <span class='ocrx_word' id='word_1_193' title='bbox 389 1738 465 1762; x_wconf 88' lang='lat' dir='ltr'>non</span> <span class='ocrx_word' id='word_1_194' title='bbox 485 1724 713 1776; x_wconf 85' lang='lat' dir='ltr'>aspernatur,</span> <span class='ocrx_word' id='word_1_195' title='bbox 731 1738 809 1762; x_wconf 91' lang='lat' dir='ltr'>non</span> <span class='ocrx_word' id='word_1_196' title='bbox 828 1725 909 1763; x_wconf 89' lang='lat' dir='ltr'>odit</span> <span class='ocrx_word' id='word_1_197' title='bbox 928 1726 940 1762; x_wconf 89' lang='lat'>?</span> <span class='ocrx_word' id='word_1_198' title='bbox 1007 1726 1118 1764; x_wconf 87' lang='lat' dir='ltr'>uibus</span> <span class='ocrx_word' id='word_1_199' title='bbox 1138 1739 1184 1764; x_wconf 89' lang='lat' dir='ltr'>ex</span> <span class='ocrx_word' id='word_1_200' title='bbox 1205 1727 1316 1764; x_wconf 89' lang='lat' dir='ltr'>rebus</span> <span class='ocrx_word' id='word_1_201' title='bbox 1337 1740 1428 1764; x_wconf 88' lang='lat' dir='ltr'>cum</span> <span class='ocrx_word' id='word_1_202' title='bbox 1449 1740 1564 1765; x_wconf 89' lang='lat' dir='ltr'>omne</span> <span class='ocrx_word' id='word_1_203' title='bbox 1583 1742 1704 1780; x_wconf 88' lang='lat' dir='ltr'>genus</span> 
     </span>
     <span class='ocr_line' id='line_1_24' title="bbox 306 1788 1700 1843; baseline 0.003 -17"><span class='ocrx_word' id='word_1_204' title='bbox 306 1788 515 1827; x_wconf 88' lang='lat' dir='ltr'>hominum</span> <span class='ocrx_word' id='word_1_205' title='bbox 536 1789 722 1827; x_wconf 86' lang='lat' dir='ltr'>sociatum</span> <span class='ocrx_word' id='word_1_206' title='bbox 742 1791 842 1827; x_wconf 89' lang='lat' dir='ltr'>inter</span> <span class='ocrx_word' id='word_1_207' title='bbox 862 1789 897 1827; x_wconf 69' lang='lat' dir='ltr'>ste</span> <span class='ocrx_word' id='word_1_208' title='bbox 917 1790 987 1828; x_wconf 83' lang='lat' dir='ltr'>effe</span> <span class='ocrx_word' id='word_1_209' title='bbox 1008 1791 1260 1843; x_wconf 86' lang='lat' dir='ltr'>intelligatur,</span> <span class='ocrx_word' id='word_1_210' title='bbox 1282 1791 1380 1829; x_wconf 90' lang='lat' dir='ltr'>illud</span> <span class='ocrx_word' id='word_1_211' title='bbox 1400 1801 1616 1830; x_wconf 82' lang='lat' dir='ltr'>extremum</span> <span class='ocrx_word' id='word_1_212' title='bbox 1635 1793 1700 1837; x_wconf 90' lang='lat' dir='ltr'>est,</span> 
     </span>
     <span class='ocr_line' id='line_1_25' title="bbox 306 1855 1703 1910; baseline 0.003 -18"><span class='ocrx_word' id='word_1_213' title='bbox 306 1855 411 1907; x_wconf 74' lang='lat' dir='ltr'>quod</span> <span class='ocrx_word' id='word_1_214' title='bbox 432 1857 529 1893; x_wconf 64' lang='lat' dir='ltr'>reete</span> <span class='ocrx_word' id='word_1_215' title='bbox 549 1856 700 1894; x_wconf 87' lang='lat' dir='ltr'>vivendi</span> <span class='ocrx_word' id='word_1_216' title='bbox 717 1857 811 1894; x_wconf 90' lang='lat' dir='ltr'>ratio</span> <span class='ocrx_word' id='word_1_217' title='bbox 832 1856 1009 1893; x_wconf 88' lang='lat' dir='ltr'>meliores</span> <span class='ocrx_word' id='word_1_218' title='bbox 1029 1856 1162 1894; x_wconf 87' lang='lat' dir='ltr'>efficit.</span> <span class='ocrx_word' id='word_1_219' title='bbox 1195 1856 1294 1907; x_wconf 84' lang='lat' dir='ltr'>Qae</span> <span class='ocrx_word' id='word_1_220' title='bbox 1314 1857 1339 1894; x_wconf 89' lang='lat' dir='ltr'><strong>fi</strong></span> <span class='ocrx_word' id='word_1_221' title='bbox 1361 1858 1594 1909; x_wconf 90' lang='lat' dir='ltr'>approbatis,</span> <span class='ocrx_word' id='word_1_222' title='bbox 1615 1871 1703 1910; x_wconf 90' lang='lat' dir='ltr'>per-</span> 
     </span>
     <span class='ocr_line' id='line_1_26' title="bbox 304 1919 1702 1975; baseline 0.004 -18.011"><span class='ocrx_word' id='word_1_223' title='bbox 304 1934 392 1972; x_wconf 83' lang='lat' dir='ltr'>gam</span> <span class='ocrx_word' id='word_1_224' title='bbox 413 1921 458 1958; x_wconf 90' lang='lat' dir='ltr'>ad</span> <span class='ocrx_word' id='word_1_225' title='bbox 480 1921 648 1972; x_wconf 87' lang='lat' dir='ltr'>reliqua:</span> <span class='ocrx_word' id='word_1_226' title='bbox 682 1920 734 1958; x_wconf 91' lang='lat' dir='ltr'>fin</span> <span class='ocrx_word' id='word_1_227' title='bbox 755 1919 851 1972; x_wconf 84' lang='lat' dir='ltr'>quid</span> <span class='ocrx_word' id='word_1_228' title='bbox 881 1920 1090 1972; x_wconf 86' lang='lat' dir='ltr'>requiritis,</span> <span class='ocrx_word' id='word_1_229' title='bbox 1121 1921 1162 1959; x_wconf 88' lang='lat' dir='ltr'>id</span> <span class='ocrx_word' id='word_1_230' title='bbox 1181 1921 1420 1974; x_wconf 87' lang='lat' dir='ltr'>explicemus</span> <span class='ocrx_word' id='word_1_231' title='bbox 1442 1923 1561 1975; x_wconf 74' lang='lat' dir='ltr'>prius,</span> <span class='ocrx_word' id='word_1_232' title='bbox 1607 1925 1702 1962; x_wconf 86' lang='lat' dir='ltr'>AT-</span> 
     </span>
     <span class='ocr_line' id='line_1_27' title="bbox 307 1984 1447 2039; baseline 0.002 -16.014"><span class='ocrx_word' id='word_1_233' title='bbox 307 1998 453 2024; x_wconf 81' lang='lat' dir='ltr'>rlcus.</span> <span class='ocrx_word' id='word_1_234' title='bbox 477 1986 562 2024; x_wconf 86' lang='lat' dir='ltr'>Nos</span> <span class='ocrx_word' id='word_1_235' title='bbox 583 1999 671 2024; x_wconf 93' lang='lat' dir='ltr'>vero</span> <span class='ocrx_word' id='word_1_236' title='bbox 689 1984 817 2031; x_wconf 88' lang='lat' dir='ltr'>nihil,</span> <span class='ocrx_word' id='word_1_237' title='bbox 850 1995 892 2023; x_wconf 92' lang='lat' dir='ltr'>ut</span> <span class='ocrx_word' id='word_1_238' title='bbox 912 2000 981 2038; x_wconf 88' lang='lat' dir='ltr'>pro</span> <span class='ocrx_word' id='word_1_239' title='bbox 1002 1996 1165 2039; x_wconf 91' lang='lat' dir='ltr'>utroque</span> <span class='ocrx_word' id='word_1_240' title='bbox 1186 1986 1447 2039; x_wconf 84' lang='lat' dir='ltr'>relpondeam.</span> 
     </span>
    </p>

    <p class='ocr_par' dir='ltr' id='par_1_4' title="bbox 304 2028 1704 2566">
     <span class='ocr_line' id='line_1_28' title="bbox 360 2028 1704 2106; baseline 0.003 -17"><span class='ocrx_word' id='word_1_241' title='bbox 360 2052 453 2089; x_wconf 88' lang='lat' dir='ltr'>X11.</span> <span class='ocrx_word' id='word_1_242' title='bbox 491 2052 701 2090; x_wconf 80' lang='lat' dir='ltr'>MARCUS.</span> <span class='ocrx_word' id='word_1_243' title='bbox 740 2053 918 2105; x_wconf 88' lang='lat' dir='ltr'>Sequitur</span> <span class='ocrx_word' id='word_1_244' title='bbox 944 2053 1076 2105; x_wconf 88' lang='lat' dir='ltr'>igitur,</span> <span class='ocrx_word' id='word_1_245' title='bbox 1109 2054 1154 2091; x_wconf 87' lang='lat' dir='ltr'>ad</span> <span class='ocrx_word' id='word_1_246' title='bbox 1185 2054 1494 2106; x_wconf 86' lang='lat' dir='ltr'>participandum</span> <span class='ocrx_word' id='word_1_247' title='bbox 1514 2028 1634 2093; x_wconf 88' lang='lat' dir='ltr'>alium</span> <span class='ocrx_word' id='word_1_248' title='bbox 1657 2055 1704 2094; x_wconf 87' lang='lat' dir='ltr'>ab</span> 
     </span>
     <span class='ocr_line' id='line_1_29' title="bbox 304 2117 1703 2170; baseline 0.003 -16"><span class='ocrx_word' id='word_1_249' title='bbox 304 2117 391 2162; x_wconf 88' lang='lat' dir='ltr'>alio,</span> <span class='ocrx_word' id='word_1_250' title='bbox 409 2118 857 2170; x_wconf 76' lang='lat' dir='ltr'>communicandamque</span> <span class='ocrx_word' id='word_1_251' title='bbox 875 2118 975 2156; x_wconf 87' lang='lat' dir='ltr'>inter</span> <span class='ocrx_word' id='word_1_252' title='bbox 989 2131 1137 2163; x_wconf 89' lang='lat' dir='ltr'>omnes,</span> <span class='ocrx_word' id='word_1_253' title='bbox 1153 2118 1274 2170; x_wconf 89' lang='lat' dir='ltr'>justos</span> <span class='ocrx_word' id='word_1_254' title='bbox 1292 2119 1426 2156; x_wconf 85' lang='lat' dir='ltr'>natura</span> <span class='ocrx_word' id='word_1_255' title='bbox 1443 2132 1509 2157; x_wconf 86' lang='lat' dir='ltr'>nos</span> <span class='ocrx_word' id='word_1_256' title='bbox 1530 2120 1601 2158; x_wconf 81' lang='lat' dir='ltr'>effe</span> <span class='ocrx_word' id='word_1_257' title='bbox 1621 2119 1703 2158; x_wconf 88' lang='lat' dir='ltr'>fac-</span> 
     </span>
     <span class='ocr_line' id='line_1_30' title="bbox 306 2181 1703 2237; baseline 0.002 -17"><span class='ocrx_word' id='word_1_258' title='bbox 306 2192 388 2227; x_wconf 85' lang='lat' dir='ltr'>tos‚·</span> <span class='ocrx_word' id='word_1_259' title='bbox 415 2184 546 2234; x_wconf 87' lang='lat' dir='ltr'>(atque</span> <span class='ocrx_word' id='word_1_260' title='bbox 566 2182 640 2221; x_wconf 89' lang='lat' dir='ltr'>hoc</span> <span class='ocrx_word' id='word_1_261' title='bbox 661 2183 701 2221; x_wconf 89' lang='lat' dir='ltr'>in</span> <span class='ocrx_word' id='word_1_262' title='bbox 721 2183 830 2221; x_wconf 77' lang='lat' dir='ltr'>omni</span> <span class='ocrx_word' id='word_1_263' title='bbox 850 2181 922 2221; x_wconf 84' lang='lat' dir='ltr'>hac</span> <span class='ocrx_word' id='word_1_264' title='bbox 943 2183 1197 2235; x_wconf 87' lang='lat' dir='ltr'>disputatione</span> <span class='ocrx_word' id='word_1_265' title='bbox 1217 2184 1266 2221; x_wconf 79' lang='lat' dir='ltr'>sic</span> <span class='ocrx_word' id='word_1_266' title='bbox 1287 2184 1454 2236; x_wconf 86' lang='lat' dir='ltr'>intelligi</span> <span class='ocrx_word' id='word_1_267' title='bbox 1473 2186 1576 2230; x_wconf 88' lang='lat' dir='ltr'>volo,</span> <span class='ocrx_word' id='word_1_268' title='bbox 1599 2185 1703 2237; x_wconf 91' lang='lat' dir='ltr'>quod</span> 
     </span>
     <span class='ocr_line' id='line_1_31' title="bbox 308 2248 1701 2301; baseline 0.001 -15"><span class='ocrx_word' id='word_1_269' title='bbox 308 2248 431 2286; x_wconf 87' lang='lat' dir='ltr'>dicam</span> <span class='ocrx_word' id='word_1_270' title='bbox 452 2258 626 2287; x_wconf 86' lang='lat' dir='ltr'>naturam</span> <span class='ocrx_word' id='word_1_271' title='bbox 647 2248 735 2300; x_wconf 86' lang='lat' dir='ltr'>effe)</span> <span class='ocrx_word' id='word_1_272' title='bbox 769 2257 915 2287; x_wconf 85' lang='lat' dir='ltr'>tantam</span> <span class='ocrx_word' id='word_1_273' title='bbox 947 2257 1073 2289; x_wconf 87' lang='lat' dir='ltr'>autem</span> <span class='ocrx_word' id='word_1_274' title='bbox 1094 2248 1165 2287; x_wconf 82' lang='lat' dir='ltr'>effe</span> <span class='ocrx_word' id='word_1_275' title='bbox 1198 2249 1455 2301; x_wconf 85' lang='lat' dir='ltr'>corruptelam</span> <span class='ocrx_word' id='word_1_276' title='bbox 1477 2250 1586 2289; x_wconf 80' lang='lat' dir='ltr'>malae</span> <span class='ocrx_word' id='word_1_277' title='bbox 1606 2263 1701 2288; x_wconf 90' lang='lat' dir='ltr'>con-</span> 
     </span>
     <span class='ocr_line' id='line_1_32' title="bbox 309 2312 1701 2368; baseline 0.003 -18"><span class='ocrx_word' id='word_1_278' title='bbox 309 2312 530 2360; x_wconf 87' lang='lat' dir='ltr'>suetudinis,</span> <span class='ocrx_word' id='word_1_279' title='bbox 553 2324 594 2353; x_wconf 92' lang='lat' dir='ltr'>ut</span> <span class='ocrx_word' id='word_1_280' title='bbox 615 2315 661 2352; x_wconf 86' lang='lat' dir='ltr'>ab</span> <span class='ocrx_word' id='word_1_281' title='bbox 681 2328 723 2352; x_wconf 85' lang='lat' dir='ltr'>ea</span> <span class='ocrx_word' id='word_1_282' title='bbox 743 2324 927 2366; x_wconf 87' lang='lat' dir='ltr'>tanquam</span> <span class='ocrx_word' id='word_1_283' title='bbox 944 2314 1107 2367; x_wconf 88' lang='lat' dir='ltr'>igniculi</span> <span class='ocrx_word' id='word_1_284' title='bbox 1127 2315 1400 2368; x_wconf 82' lang='lat' dir='ltr'>extinguantur</span> <span class='ocrx_word' id='word_1_285' title='bbox 1420 2330 1439 2354; x_wconf 85' lang='lat' dir='ltr'>a</span> <span class='ocrx_word' id='word_1_286' title='bbox 1460 2325 1593 2355; x_wconf 89' lang='lat' dir='ltr'>natura</span> <span class='ocrx_word' id='word_1_287' title='bbox 1609 2317 1701 2364; x_wconf 89' lang='lat' dir='ltr'>dati,</span> 
     </span>
     <span class='ocr_line' id='line_1_33' title="bbox 309 2380 1703 2434; baseline 0.006 -20"><span class='ocrx_word' id='word_1_288' title='bbox 309 2380 599 2433; x_wconf 85' lang='lat' dir='ltr'>exorianturque</span> <span class='ocrx_word' id='word_1_289' title='bbox 619 2390 658 2418; x_wconf 91' lang='lat' dir='ltr'>et</span> <span class='ocrx_word' id='word_1_290' title='bbox 672 2380 950 2419; x_wconf 87' lang='lat' dir='ltr'>confirmentur</span> <span class='ocrx_word' id='word_1_291' title='bbox 971 2381 1062 2418; x_wconf 87' lang='lat' dir='ltr'>vitia</span> <span class='ocrx_word' id='word_1_292' title='bbox 1081 2382 1280 2420; x_wconf 85' lang='lat' dir='ltr'>contraria.</span> <span class='ocrx_word' id='word_1_293' title='bbox 1304 2381 1420 2432; x_wconf 84' lang='lat' dir='ltr'>Qod</span> <span class='ocrx_word' id='word_1_294' title='bbox 1437 2381 1476 2426; x_wconf 88' lang='lat' dir='ltr'>fi,</span> <span class='ocrx_word' id='word_1_295' title='bbox 1492 2395 1570 2434; x_wconf 93' lang='lat' dir='ltr'>quo</span> <span class='ocrx_word' id='word_1_296' title='bbox 1587 2383 1703 2423; x_wconf 89' lang='lat' dir='ltr'>modo</span> 
     </span>
     <span class='ocr_line' id='line_1_34' title="bbox 309 2442 1703 2502; baseline 0.005 -22"><span class='ocrx_word' id='word_1_297' title='bbox 309 2442 360 2480; x_wconf 85' lang='lat' dir='ltr'>est</span> <span class='ocrx_word' id='word_1_298' title='bbox 379 2445 520 2489; x_wconf 68' lang='lat' dir='ltr'>natura,</span> <span class='ocrx_word' id='word_1_299' title='bbox 543 2447 591 2484; x_wconf 87' lang='lat' dir='ltr'>fic</span> <span class='ocrx_word' id='word_1_300' title='bbox 617 2447 780 2498; x_wconf 83' lang='lat' dir='ltr'>judicio,</span> <span class='ocrx_word' id='word_1_301' title='bbox 807 2445 986 2484; x_wconf 85' lang='lat' dir='ltr'>homines</span> <span class='ocrx_word' id='word_1_302' title='bbox 1007 2446 1156 2485; x_wconf 85' lang='lat' dir='ltr'>humani</span> <span class='ocrx_word' id='word_1_303' title='bbox 1185 2447 1246 2498; x_wconf 92' lang='lat' dir='ltr'>(ut</span> <span class='ocrx_word' id='word_1_304' title='bbox 1265 2447 1317 2485; x_wconf 90' lang='lat' dir='ltr'>ait</span> <span class='ocrx_word' id='word_1_305' title='bbox 1343 2449 1472 2500; x_wconf 87' lang='lat' dir='ltr'>poeta)</span> <span class='ocrx_word' id='word_1_306' title='bbox 1506 2448 1600 2487; x_wconf 82' lang='lat' dir='ltr'>nihil</span> <span class='ocrx_word' id='word_1_307' title='bbox 1620 2463 1643 2486; x_wconf 85' lang='lat' dir='ltr'>a</span> <span class='ocrx_word' id='word_1_308' title='bbox 1659 2450 1703 2502; x_wconf 73' lang='lat' dir='ltr'><em>st</em></span> 
     </span>
     <span class='ocr_line' id='line_1_35' title="bbox 308 2508 1703 2566; baseline 0.003 -18"><span class='ocrx_word' id='word_1_309' title='bbox 308 2508 459 2548; x_wconf 70' lang='lat' dir='ltr'>alienum</span> <span class='ocrx_word' id='word_1_310' title='bbox 469 2518 661 2563; x_wconf 84' lang='lat' dir='ltr'>putarent,</span> <span class='ocrx_word' id='word_1_311' title='bbox 692 2513 881 2552; x_wconf 86' lang='lat' dir='ltr'>coleretur</span> <span class='ocrx_word' id='word_1_312' title='bbox 895 2513 960 2565; x_wconf 87' lang='lat' dir='ltr'>jus</span> <span class='ocrx_word' id='word_1_313' title='bbox 987 2525 1092 2565; x_wconf 85' lang='lat' dir='ltr'>aeque</span> <span class='ocrx_word' id='word_1_314' title='bbox 1113 2512 1158 2553; x_wconf 86' lang='lat' dir='ltr'>ab</span> <span class='ocrx_word' id='word_1_315' title='bbox 1179 2513 1375 2553; x_wconf 81' lang='lat' dir='ltr'>omnibus.</span> <span class='ocrx_word' id='word_1_316' title='bbox 1423 2514 1577 2566; x_wconf 84' lang='lat' dir='ltr'>Qibus</span> <span class='ocrx_word' id='word_1_317' title='bbox 1598 2514 1703 2553; x_wconf 85' lang='lat' dir='ltr'>enim</span> 
     </span>
    </p>
   </div>
  </div>
 </body>
</html>
