2223 3003
403 282 458 332 64
691 275 794 316 DE
850 269 1504 312 DIVINATIONE

404 379 444 417 in
465 378 607 419 senatu,
637 374 789 425 fignum
822 368 929 420 Jovis
963 367 1122 405 biennio
1150 366 1247 419 post,
1282 379 1400 419 quam
1430 376 1509 404 erat
1534 366 1723 413 locatum,
1754 369 1800 407 in

405 441 600 495 Capitolio
629 435 901 476 collocabatur.
943 435 1012 472 Tu
1044 433 1163 486 igitur
1191 433 1368 471 animum
1399 432 1572 477 induces,
1599 432 1666 484 (fic
1691 433 1799 472 enim

405 520 560 547 mecum
578 503 732 557 agebas)
755 500 904 539 causam
925 499 1033 538 istam
1053 508 1091 536 et
1110 507 1244 537 contra
1262 497 1360 536 faeta
1378 508 1456 543 tua,
1475 508 1513 536 et
1528 508 1660 536 contra
1679 497 1799 551 scrip-

405 584 441 612 ta
461 569 687 610 defendere?
710 570 841 607 Frater
858 579 921 604 es:
942 565 988 603 eo
1008 578 1150 604 vereor.
1181 563 1328 603 Veium
1349 565 1443 616 quid
1465 565 1537 603 tibi
1557 563 1622 602 hic
1643 565 1800 603 tandem

405 648 518 679 nocet
536 639 549 676 ?
581 636 698 679 resne,
730 647 815 687 quae
835 632 919 671 talis
939 631 991 670 est
1003 650 1014 677 ;
1046 645 1093 669 an
1112 645 1198 684 ego,
1227 631 1294 683 qui
1321 644 1454 670 verum
1473 631 1656 683 explicari
1677 630 1767 668 volo
1784 630 1799 666 ?

403 707 538 758 Itaque
557 702 656 742 nihil
677 709 809 739 contra
827 699 916 736 dico
931 716 943 743 ;
974 711 994 735 a
1024 707 1061 735 te
1081 698 1268 735 rationem
1288 697 1406 734 totius
1426 695 1676 748 haruspicinae
1694 705 1799 748 peto.

406 772 479 810 Sed
499 780 536 808 te
556 767 760 807 mirificam
779 766 820 803 in
839 764 1024 802 latebram
1044 762 1253 815 conjecisti.
1285 762 1405 813 Qod
1425 762 1530 800 enim
1551 761 1799 813 intelligeres,

403 835 486 875 fore
506 844 548 873 ut
569 844 782 887 premerem
802 839 852 874 te,
866 842 959 866 cum
979 841 1026 865 ex
1046 836 1083 865 te
1097 826 1223 864 causas
1239 826 1536 879 uniuscujusque
1553 825 1801 863 divinationis

405 901 661 954 exquirerem,
693 896 818 935 multa
846 894 960 932 verba
975 892 1112 938 fecisti,
1148 902 1199 937 te,
1229 905 1322 930 cum
1345 905 1400 930 res
1420 892 1580 936 videres,
1612 891 1799 930 rationem

405 967 632 1016 causamque
652 976 729 1001 non
749 973 939 1014 quaerere,
961 959 1056 1012 quid
1076 958 1195 1004 fieret,
1217 972 1295 996 non
1314 971 1383 996 cur
1403 957 1523 1002 fieret,
1544 957 1591 995 ad
1612 971 1693 995 rem
1713 970 1802 1010 per-

404 1034 540 1071 tinere.
607 1029 679 1067 uafi
700 1041 771 1081 ego
790 1035 856 1065 aut
875 1025 958 1064 fieri
976 1024 1239 1069 concederem,
1260 1032 1326 1062 aut
1344 1023 1432 1061 effet
1451 1021 1687 1076 philosophi,
1708 1036 1802 1061 cau-

406 1099 485 1137 sam
505 1109 574 1135 cur
594 1094 764 1148 quidque
782 1092 903 1137 fieret,
925 1105 1003 1130 non
1020 1102 1198 1144 quaerere.
1221 1090 1275 1128 Et
1294 1103 1340 1127 eo
1355 1088 1515 1141 quidem
1530 1087 1618 1126 loco
1631 1097 1670 1126 et
1685 1102 1803 1142 prog-

406 1163 551 1203 nostica
570 1160 692 1200 nostra
722 1157 1009 1213 pronuntiabas,
1040 1165 1079 1194 et
1098 1169 1236 1209 genera
1259 1154 1481 1200 herbarum,
1503 1153 1803 1200 scammoneam,

407 1226 766 1278 aristolochiamque
785 1223 950 1262 radicem
965 1241 978 1268 ς
1006 1235 1171 1275 quarum
1190 1220 1341 1260 causam
1359 1221 1565 1274 ignorares,
1585 1220 1667 1258 vim
1686 1229 1725 1259 et
1743 1219 1805 1259 ef-

407 1294 555 1334 festum
576 1292 734 1330 videres.

464 1361 576 1399 XXI.
610 1357 802 1397 Diffimile
823 1363 965 1393 totum.
996 1354 1103 1393 Nam
1123 1363 1162 1392 et
1182 1352 1513 1406 prognosticorum
1533 1352 1657 1390 causas
1678 1351 1805 1405 perse-

407 1427 489 1466 cuti
517 1426 602 1464 sunt
622 1434 659 1462 et
681 1421 851 1462 Boethus
873 1421 1037 1466 Stoicus,
1067 1421 1136 1473 qui
1156 1420 1208 1458 est
1237 1433 1258 1457 a
1283 1429 1320 1458 te
1348 1419 1583 1463 nominatus,
1613 1428 1653 1456 et
1681 1419 1807 1457 noster

407 1494 526 1532 etiam
547 1490 770 1530 Posidonius
788 1503 797 1526 ε
820 1497 871 1533 et,
889 1487 915 1525 s1
932 1486 1048 1525 causae
1065 1499 1141 1524 non
1158 1486 1393 1539 reperiantur
1411 1485 1567 1523 istarum
1589 1497 1732 1528 rerum,
1750 1496 1807 1522 res

408 1569 536 1597 tamen
556 1557 642 1610 ipsa:
657 1554 843 1594 observari
863 1552 1191 1603 animadvertique
1214 1550 1379 1603 poffunt.
1417 1550 1458 1589 N
1462 1557 1547 1588 attae
1562 1562 1653 1587 vero
1672 1548 1807 1594 statua,

409 1633 473 1661 aut
494 1635 563 1661 :era
582 1622 714 1673 legum
743 1619 789 1656 de
808 1618 902 1656 caelo
923 1619 1033 1661 tacta,
1061 1616 1155 1669 quid
1186 1615 1330 1653 habent
1349 1615 1589 1652 observatum
1615 1627 1658 1652 ac
1678 1613 1808 1652 vetus-

410 1689 526 1727 tum?
559 1685 701 1726 Pinarii
723 1685 850 1723 Nattae
871 1683 1018 1721 nobiles
1036 1697 1045 1720 :
1068 1695 1088 1719 a
1109 1680 1308 1719 nobilitate
1325 1680 1445 1731 igitur
1465 1679 1707 1730 periculum:
1732 1677 1809 1716 hoc

411 1765 489 1793 tam
510 1752 647 1791 callide
664 1750 815 1802 Jupiter
845 1749 1041 1800 cogitavit.
1089 1745 1283 1784 Romulus
1314 1743 1454 1781 lactens
1477 1742 1645 1780 fulmine
1680 1742 1777 1781 istus
1793 1760 1807 1787 ;

411 1819 497 1857 urbi
519 1818 636 1870 igitur
657 1814 871 1869 periculum
892 1812 1114 1855 ostenditur,
1145 1811 1193 1855 ei,
1225 1823 1342 1862 quam
1363 1808 1428 1846 ille
1445 1808 1633 1846 condidit.
1677 1809 1809 1860 Qam

412 1885 504 1923 scite
538 1896 603 1935 per
635 1892 741 1919 notas
773 1893 840 1917 nos
861 1879 1038 1916 certiores
1059 1875 1151 1914 facit
1171 1875 1354 1929 Jupiter?
1397 1876 1450 1912 At
1481 1874 1617 1912 eodem
1639 1884 1810 1927 tempore

414 1950 564 2002 signum
586 1947 692 1999 Jovis
727 1945 1000 1988 collocabatur,
1031 1957 1111 1995 quo
1141 1940 1356 1994 conjuratio
1382 1939 1635 1978 indicabatur.
1681 1940 1733 1977 Et
1767 1949 1811 1977 tu

414 2015 557 2054 scilicet
578 2013 698 2051 mavis
719 2010 879 2049 numine
900 2010 1075 2048 Deorum
1097 2008 1135 2046 id
1155 2007 1316 2051 faetum,
1338 2019 1455 2058 quam
1485 2004 1587 2050 casu,
1607 2004 1810 2043 arbitrari?

414 2092 452 2119 ct
472 2081 704 2132 redemptor,
739 2078 805 2130 qui
840 2076 1064 2115 columnam
1097 2075 1204 2112 illam
1235 2073 1281 2111 de
1312 2074 1442 2117 Cotta,
1471 2081 1510 2110 et
1542 2071 1589 2109 de
1610 2072 1813 2123 Torquato

414 2146 648 2186 conduxerat
669 2143 898 2187 faciendam,
920 2155 997 2180 non
1020 2139 1169 2185 inerti-i,
1196 2148 1261 2178 aut
1282 2138 1412 2192 inopia
1432 2137 1572 2176 tardior
1591 2135 1681 2182 suit,
1711 2136 1773 2175 sed
1792 2149 1814 2174 a

416 2213 502 2251 Diis
523 2209 806 2249 immortalibus
824 2208 870 2246 ad
891 2207 999 2246 istam
1019 2204 1155 2244 horam
1177 2205 1377 2244 reservatus
1397 2203 1449 2242 est
1468 2203 1480 2240 ?

470 2278 563 2316 Non
583 2275 765 2328 equidem
800 2274 910 2327 plane
929 2272 1084 2326 despero
1104 2271 1171 2310 ista
1199 2270 1271 2309 else
1297 2283 1395 2315 vera,
1426 2270 1489 2308 sed
1510 2267 1649 2313 nescio,
1675 2276 1713 2306 et
1733 2265 1810 2304 dis·

414 2357 498 2383 cere
529 2356 549 2381 a
578 2351 615 2381 te
636 2341 736 2380 volo.
796 2341 916 2385 Nam,
952 2353 1043 2377 cum
1066 2337 1165 2377 mihi
1196 2337 1370 2390 quaedam
1400 2336 1486 2374 msu
1516 2335 1734 2374 viderentur
1763 2333 1812 2371 sic

415 2410 581 2455 evenire,
611 2418 654 2447 ut
688 2407 864 2461 praedit‘sta
882 2406 997 2445 essent
1018 2419 1038 2443 a
1056 2404 1346 2449 divinantibu83
1377 2403 1505 2442 dixisti
1528 2402 1651 2440 multa
1680 2401 1727 2438 de
1745 2413 1812 2438 ca-

416 2476 472 2522 su,
493 2486 550 2522 ut,
572 2475 790 2513 venereum
819 2473 895 2526 jaci
917 2471 1017 2525 posse
1036 2471 1136 2516 casu,
1158 2480 1322 2524 quatuor
1342 2469 1427 2508 talis
1456 2468 1566 2521 jactis
1584 2486 1595 2512 ς
1626 2465 1814 2519 quadrin-

414 2543 557 2596 gentis,
576 2549 735 2580 centum
755 2539 946 2577 Venereos
968 2552 1043 2576 non
1066 2536 1165 2591 posse
1185 2536 1269 2576 casu
1290 2536 1500 2575 consistere.
1547 2534 1725 2573 Primum
1744 2544 1814 2570 ne-

416 2609 509 2656 scio,
529 2622 598 2648 cur
618 2621 697 2648 non
716 2605 855 2661 possint
866 2624 879 2653 5
910 2605 972 2645 sed
988 2618 1063 2645 non
1085 2618 1231 2659 pugno.
1263 2603 1448 2644 Abundas
1468 2601 1574 2642 enim
1593 2599 1781 2642 similibus
1799 2611 1811 2636 ε
