2223 3003
412 283 461 323 68
695 279 800 320 DE
858 275 1508 316 DIVINATIONE

412 379 571 433 optimis
605 377 728 415 verbis
762 374 910 413 causam
936 372 1115 424 explicat,
1146 384 1214 409 cur
1246 379 1331 408 ante
1360 370 1488 408 lucem
1522 368 1613 421 galli
1647 378 1796 407 canant.

414 443 586 494 Depulso
619 441 723 478 enim
757 439 803 476 de
833 440 997 491 pectore,
1027 446 1065 475 et
1094 437 1134 474 in
1164 449 1280 474 omne
1311 448 1448 487 corpus
1483 433 1616 478 diviso,
1651 442 1690 471 et
1722 433 1800 470 mi-

413 507 558 545 tificato
586 506 689 551 cibo,
719 513 853 543 cantus
882 504 1005 548 edere,
1036 503 1164 555 quiete
1189 501 1365 540 satiatos:
1397 501 1465 553 qui
1495 500 1655 552 quidem
1689 498 1802 536 filen-

414 573 468 611 tio
488 572 623 616 noetis,
661 580 704 609 ut
723 571 775 608 ait
794 569 960 614 Ennius,
977 568 1119 621 favent
1133 567 1307 620 fizucibus
1335 567 1435 619 ruffi‘s
1459 575 1582 610 cantu,
1608 565 1804 618 plasgficque

406 647 578 691 premunt
597 638 686 676 alas.
719 637 823 675 Cum
843 636 961 688 igitur
979 633 1054 674 hoc
1074 634 1215 672 animal
1237 642 1314 672 tam
1336 633 1380 671 fit
1403 645 1587 671 canorum
1609 631 1672 669 sua
1691 630 1804 682 spon-

414 712 466 748 te,
497 703 592 755 quid
622 703 662 740 in
693 710 866 740 mentem
896 700 1000 738 venit
1032 697 1257 737 Callistheni
1286 698 1425 742 dicere,
1457 698 1559 735 Deos
1590 696 1699 748 gallis
1729 695 1803 747 fig-

416 782 512 806 num
544 767 682 806 dediss‘e
711 766 902 811 cantandi,
933 779 1026 804 cum
1045 765 1085 803 id
1111 765 1170 803 vel
1191 773 1335 809 natura,
1363 763 1421 802 vel
1442 762 1545 801 casus
1564 761 1713 800 efficere
1734 773 1805 812 po-

416 833 541 872 tuisset
559 834 573 870 ?

469 898 643 937 XXVII.
677 897 907 950 Sanguinem
942 897 1074 950 pluiss'e
1104 897 1247 935 senatui
1267 895 1488 935 nuntiatum
1514 895 1593 939 est;
1625 895 1808 932 Atratum

417 965 533 1003 etiam
553 964 715 1002 fluvium
735 963 880 1001 fluxiss‘e
900 963 1100 1015 sanguine;
1124 964 1300 1001 Deorum
1315 961 1453 1000 sudaffe
1473 960 1688 1000 simulacra:
1711 971 1808 996 num

418 1029 542 1068 censes
563 1028 624 1067 his
645 1029 791 1067 nuntiis
804 1028 987 1074 Thalem,
1009 1036 1073 1066 aut
1086 1029 1441 1080 Anaxagoram,aut
1455 1039 1690 1079 quemquam
1708 1023 1809 1077 phy-

418 1095 540 1134 ficum
571 1095 807 1133 crediturum
828 1093 966 1132 fuisse?
998 1094 1085 1132 Nec
1115 1094 1220 1132 enim
1248 1093 1412 1146 sanguis,
1446 1104 1516 1130 nec
1542 1091 1667 1135 sudor,
1696 1089 1765 1128 nifi
1791 1101 1812 1126 e

419 1175 577 1215 corpore
597 1161 649 1199 est
666 1175 674 1199 :
697 1160 758 1198 sed
777 1169 816 1198 et
835 1160 1067 1198 decoloratio
1086 1160 1262 1212 quaedam
1276 1173 1324 1197 ex
1343 1159 1469 1211 aliqua
1487 1157 1716 1209 contagione
1735 1164 1811 1193 ter-

420 1227 512 1265 rena
530 1227 701 1265 maxime
720 1225 842 1278 potest
861 1225 1054 1278 sanguinis
1074 1225 1208 1263 fimilis
1229 1224 1316 1270 ess‘e,
1346 1233 1384 1261 et
1403 1222 1545 1262 humor
1564 1221 1724 1275 allapsus
1743 1234 1812 1258 ex-

419 1292 617 1337 trinsecus,
636 1301 679 1330 ut
698 1291 738 1329 in
759 1291 925 1329 tectoriis
945 1291 1120 1329 videmus
1141 1290 1277 1335 austro,
1299 1289 1474 1327 sudorem
1494 1288 1651 1327 imitari.
1684 1289 1815 1339 Atque

419 1355 502 1395 haec
532 1358 573 1395 in
595 1357 696 1395 bello
715 1356 825 1409 plura
843 1365 881 1394 et
912 1356 1055 1408 majora
1080 1356 1258 1394 videntur
1288 1355 1542 1399 timentibus,
1573 1353 1705 1392 eadem
1737 1366 1814 1391 non

422 1431 502 1461 tam
523 1422 876 1461 animadvertuntur
892 1421 932 1459 in
952 1435 1058 1474 pace.
1082 1421 1243 1459 Accedit
1263 1420 1361 1459 illud
1376 1421 1507 1465 etiam,
1525 1418 1630 1471 quod
1651 1419 1690 1456 in
1706 1427 1815 1456 metu

421 1497 459 1527 et
478 1488 650 1542 periculo
670 1501 763 1526 cum
779 1487 987 1526 creduntur
1006 1486 1170 1532 facilius,
1193 1496 1277 1525 tum
1299 1486 1498 1539 finguntur
1517 1483 1732 1537 impunius.

478 1554 564 1592 Nos
594 1563 724 1592 autem
753 1553 806 1591 ita
825 1553 938 1598 leves,
969 1562 1082 1605 atque
1111 1552 1375 1591 inconsiderati
1394 1551 1539 1595 sumus,
1570 1559 1613 1588 ut
1643 1549 1669 1587 s1
1689 1561 1816 1587 mures

423 1619 645 1658 corroserint
673 1618 833 1670 aliquid,
864 1629 1031 1669 quorum
1051 1617 1104 1656 est
1123 1631 1218 1670 opus
1245 1616 1320 1655 hoc
1340 1630 1478 1661 unum,
1507 1615 1721 1654 monstrum
1743 1628 1816 1667 pu-

424 1693 565 1723 temus.
609 1686 713 1722 Ante
733 1697 821 1722 vero
841 1683 1051 1721 Marsicum
1084 1683 1245 1727 bellum,
1276 1682 1382 1734 quod
1401 1682 1555 1734 clypeos
1575 1680 1753 1723 Lanuvii,
1776 1689 1818 1717 ut

424 1764 444 1788 a
477 1760 513 1788 te
542 1749 594 1788 est
624 1749 786 1793 dictum,
817 1762 944 1786 mures
975 1749 1152 1792 rofiffent,
1185 1748 1403 1785 maximum
1434 1746 1472 1783 id
1502 1754 1725 1798 portentum
1746 1743 1815 1782 ha-

425 1816 589 1869 ruspices
622 1815 692 1853 effe
725 1814 917 1852 dixerunt.
968 1813 1082 1864 Qafi
1117 1826 1204 1850 vero
1237 1812 1450 1865 quidquam
1485 1811 1642 1855 interfit,
1675 1824 1816 1855 mures,

427 1882 528 1919 diem
552 1881 702 1918 noCtem
723 1878 867 1931 aliquid
889 1879 1077 1922 rodentes,
1092 1878 1208 1922 scuta,
1231 1891 1276 1915 an
1294 1878 1429 1921 cribra,
1445 1877 1680 1915 corroserint.
1714 1876 1819 1914 Nam

429 1947 453 1984 fi
476 1947 540 1984 ista
560 1945 766 1998 sequimur,
798 1944 902 1996 quod
933 1944 1100 1983 Platonis
1122 1944 1302 1982 Politiam
1333 1956 1453 1996 nuper
1483 1943 1582 1996 apud
1610 1955 1672 1980 me
1693 1955 1819 1979 mures

429 2011 666 2056 corroserint,
697 2011 743 2048 de
762 2010 956 2063 republica
976 2010 1092 2048 debui
1112 2009 1399 2062 pertimescere;
1432 2018 1510 2053 aut,
1539 2008 1564 2046 s1
1586 2008 1745 2061 Epicuri
1775 2007 1821 2045 dc

430 2078 624 2131 voluptate
645 2076 741 2115 liber
760 2075 929 2115 corrosus
950 2075 1052 2120 ess‘et,
1067 2085 1238 2128 putarem
1259 2088 1448 2114 annonam
1465 2075 1504 2114 in
1521 2074 1683 2113 macello
1699 2074 1821 2112 cario·

431 2158 510 2182 rem
531 2143 626 2181 fore.

487 2210 679 2249 XXVIII.
713 2210 775 2247 An
798 2223 884 2247 vcro
905 2209 970 2246 illa
990 2222 1057 2249 nos
1079 2218 1231 2253 terrent,
1247 2208 1272 2247 fi
1293 2208 1446 2261 quando
1466 2207 1592 2259 aliqua
1612 2206 1824 2260 portentosa

433 2286 495 2314 aut
517 2289 563 2313 ex
583 2275 744 2327 pecude,
765 2284 828 2313 aut
848 2289 894 2312 ex
915 2274 1073 2313 homine
1095 2285 1181 2313 nata
1200 2274 1408 2312 dicuntur?
1431 2274 1612 2324 Qorum
1628 2273 1822 2316 omnium,

433 2355 479 2380 nc
501 2341 568 2379 sim
592 2341 755 2392 longior,
789 2354 862 2377 una
883 2341 975 2378 ratio
994 2341 1060 2378 cst.
1106 2340 1309 2392 Qidquid
1329 2340 1432 2377 enim
1452 2339 1586 2383 oritur,
1615 2338 1824 2390 qualecun-

433 2421 507 2460 que
528 2407 594 2451 cst,
625 2406 774 2444 causam
797 2405 931 2444 habeat
952 2420 970 2443 a
992 2415 1123 2444 natura
1144 2405 1285 2444 neccss‘e
1305 2405 1384 2449 cst;
1417 2416 1472 2449 ut,
1507 2406 1620 2443 etiam
1644 2405 1666 2442 si
1695 2414 1826 2456 pater

434 2472 750 2510 consuetudinem
771 2471 954 2516 extiterit,
987 2481 1118 2525 praeter
1139 2481 1311 2510 naturam
1343 2480 1469 2509 tamen
1495 2485 1569 2509 non
1593 2470 1700 2523 possit
1727 2469 1825 2508 exis-

437 2549 525 2578 tere.
574 2538 734 2578 eausam
756 2538 874 2592 igitur
893 2538 1116 2592 investigato
1146 2538 1186 2578 in
1207 2552 1245 2578 rc
1266 2551 1375 2584 nova,
1408 2547 1520 2591 atquc
1541 2536 1769 2581 admirabili,
1800 2534 1824 2573 fi
