2223 3003
469 223 548 264 392
772 203 1575 247 PHILOSOPHICORUM

467 308 651 362 equidem
682 306 763 344 vim
794 305 1053 356 lacrymarum
1073 302 1244 357 profudi.
1291 303 1363 343 Ille
1384 313 1514 343 autem
1535 317 1599 343 me
1633 304 1876 358 complexus,
1915 295 1920 299 ¹

469 385 582 427 atque
616 371 804 416 osculans,
835 370 925 409 flere
959 369 1204 424 prohibebat.
1246 371 1381 424 Atque
1406 384 1492 424 ego,
1529 381 1572 409 ut
1591 371 1766 424 primum
1787 370 1880 411 fletu

469 438 630 492 repreffo
649 437 758 489 loqui
776 435 878 489 poffe
898 437 1015 490 coepi,
1038 435 1190 488 Qaeso,
1208 437 1384 490 inquam,
1401 447 1508 491 pater
1527 436 1754 476 sanffiffime
1765 447 1881 491 atque

468 506 631 559 optime,
654 503 841 557 quoniam
861 502 944 543 haec
963 503 1017 542 est
1037 504 1126 549 vita,
1151 504 1214 556 (ut
1234 503 1468 543 Africanum
1489 505 1603 543 audio
1623 504 1767 557 dicere)
1785 505 1881 558 quid

468 586 599 611 moror
619 572 658 609 in
680 570 788 609 terris
806 571 820 609 ?
851 571 948 623 quin
968 569 1047 609 huc
1068 570 1115 609 ad
1136 584 1200 610 vos
1228 572 1357 610 venire
1386 585 1551 625 propero
1569 573 1581 609 ?
1614 571 1708 611 Non
1729 570 1783 610 est
1812 571 1880 616 ita,

467 639 598 691 inquit
628 637 719 677 ille:
752 637 822 676 nifi
853 637 960 676 enim
982 638 1090 676 Deus
1120 638 1166 683 is,
1200 638 1312 690 cujus
1344 637 1419 677 hoc
1459 638 1653 692 templum
1681 638 1734 676 est
1764 629 1891 676 omne*

469 705 575 758 quod
602 703 807 756 conspicis,
839 702 917 741 istis
950 711 988 741 te
1016 703 1188 756 corporis
1225 703 1406 743 custodiis
1427 703 1659 748 liberaverit,
1694 703 1773 743 huc
1808 703 1880 742 tibi

468 773 593 813 aditus
615 781 742 825 patere
773 785 852 810 non
882 771 1018 823 potest.
1064 770 1260 810 Homines
1291 771 1398 810 enim
1423 771 1510 811 sunt
1540 771 1612 810 hac
1648 772 1731 825 lege
1761 783 1879 825 gene-

467 839 553 883 rati,
577 838 645 890 qui
667 844 863 875 tuerentur
882 835 999 874 illum
1019 835 1200 888 globum,
1230 849 1349 888 quem
1369 836 1411 874 in
1429 835 1506 875 hoc
1537 837 1685 891 templo
1704 837 1881 875 medium

469 905 588 949 vides,
612 917 697 957 quae
717 912 815 941 terra
834 902 1002 948 dicitur;
1034 901 1172 955 hisque
1189 903 1343 942 animus
1363 903 1474 942 datus
1494 904 1547 942 est
1567 917 1613 941 ex
1638 904 1716 942 illis
1737 903 1879 957 sempi-

469 972 586 1010 ternis
615 969 787 1023 ignibus,
819 983 905 1022 quae
925 969 1043 1008 fidera
1062 978 1100 1008 et
1119 968 1242 1008 stellas
1263 970 1408 1008 vocatis
1427 984 1437 1008 τ
1469 983 1555 1023 quae
1574 968 1741 1023 globosae
1761 978 1798 1007 et
1818 983 1881 1008 ro-

468 1037 612 1082 tundae,
634 1036 776 1075 divinis
796 1035 974 1074 animatae
994 1035 1207 1083 mentibus,
1242 1036 1409 1075 circulos
1429 1035 1515 1075 suos
1541 1035 1726 1089 orbesque
1757 1034 1882 1074 confi-

467 1107 579 1144 ciunt
598 1104 792 1143 celeritate
811 1103 996 1142 mirabili.
1043 1104 1174 1157 Qare
1193 1113 1231 1143 et
1251 1104 1338 1150 tibi,
1375 1104 1507 1150 Publi,
1540 1113 1578 1142 et
1605 1103 1678 1157 piis
1699 1103 1883 1142 omnibus

468 1172 691 1212 retinendus
723 1171 777 1209 est
796 1171 948 1209 animus
979 1171 1020 1209 in
1051 1170 1223 1210 custodia
1239 1172 1410 1226 corporis
1426 1190 1439 1218 ς
1471 1185 1543 1211 nec
1568 1169 1709 1224 injussu
1736 1171 1833 1223 ejus,
1863 1183 1885 1208 a

469 1253 548 1293 quo
579 1238 644 1277 ille
674 1238 727 1277 est
747 1238 857 1276 vobis
883 1238 1010 1284 datus,
1039 1251 1088 1276 ex
1117 1237 1330 1278 hominum
1357 1238 1436 1277 vita
1454 1238 1704 1292 migrandum
1735 1237 1802 1282 est,
1835 1250 1882 1275 ne

469 1319 613 1345 munus
633 1304 854 1344 humanum
874 1304 1104 1358 affignatum
1123 1319 1144 1343 a
1159 1306 1246 1344 Deo
1266 1303 1451 1358 defugiffe
1469 1305 1692 1344 videamini.
1726 1303 1798 1342 Sed
1818 1303 1882 1348 fic,

471 1373 614 1426 Scipio,
637 1381 679 1410 ut
700 1384 789 1410 avus
812 1370 877 1409 hic
899 1380 1003 1416 tuus,
1037 1380 1081 1409 ut
1100 1385 1186 1424 ego,
1219 1372 1289 1425 qui
1311 1381 1347 1410 te
1365 1372 1499 1426 genui,
1516 1370 1705 1424 justitiam
1726 1369 1825 1416 cole,
1846 1380 1884 1408 et

469 1441 678 1493 pietatem,
711 1452 810 1490 quae,
832 1451 925 1475 cum
947 1437 991 1475 fit
1012 1451 1151 1490 magna
1171 1439 1210 1476 in
1232 1437 1455 1491 parentibus
1475 1448 1514 1475 et
1535 1438 1780 1490 propinquis,
1799 1445 1885 1476 tum

470 1508 509 1545 in
531 1506 651 1560 patria
668 1505 840 1543 maxima
859 1504 925 1542 est.
944 1504 1002 1542 Ea
1021 1505 1097 1542 vita
1118 1505 1178 1543 via
1196 1504 1250 1543 est
1269 1505 1310 1543 in
1326 1504 1481 1550 caelum,
1495 1513 1533 1543 et
1554 1504 1594 1542 in
1614 1502 1721 1542 hunc
1736 1512 1886 1544 coetum

469 1588 619 1619 eorum,
643 1573 710 1626 qui
726 1573 806 1624 jam
829 1572 1024 1617 vixerunt,
1059 1581 1112 1617 et,
1145 1585 1305 1626 corpore
1325 1572 1455 1617 laxati,
1487 1571 1605 1611 illum
1624 1571 1804 1610 incolunt
1824 1572 1884 1611 lo-

469 1655 577 1686 cum,
614 1654 734 1693 quem
756 1638 874 1678 vides.
922 1639 1017 1677 Erat
1036 1648 1167 1678 autem
1201 1640 1232 1678 is
1257 1638 1562 1693 splendidiffimo
1594 1638 1758 1678 candore
1787 1638 1887 1678 inter

470 1709 645 1746 tlammas
665 1707 792 1745 circus
813 1705 983 1751 elucens,
1006 1719 1125 1759 quern
1158 1720 1240 1752 vos,
1264 1715 1307 1744 ut
1327 1719 1347 1744 a
1367 1706 1496 1744 Graiis
1517 1705 1729 1759 accepistis,
1750 1705 1887 1745 orbem

470 1776 637 1813 lacTteum
660 1773 892 1826 nuncupatis
911 1788 919 1811 :
953 1787 999 1812 ex
1020 1787 1098 1827 quo
1118 1774 1251 1812 omnia
1271 1772 1372 1812 mihi
1392 1773 1688 1827 contemplanti,
1708 1773 1887 1826 praeclara

471 1851 606 1882 caetera
622 1850 660 1878 et
680 1839 872 1878 mirabilia
892 1840 1134 1878 videbantur.
1165 1841 1285 1879 Erant
1301 1850 1430 1879 autem
1451 1854 1502 1879 eae
1523 1840 1652 1885 stellae,
1667 1853 1760 1892 quas
1782 1854 1885 1879 nun-

472 1922 591 1960 quam
611 1920 657 1945 ex
689 1905 764 1943 hoc
786 1905 874 1943 loco
894 1905 1064 1943 vidimus
1081 1923 1092 1950 ς
1124 1915 1162 1944 et
1181 1920 1232 1944 eze
1252 1907 1542 1959 magnitudines
1563 1907 1758 1950 omnium,
1791 1919 1886 1958 quas

471 1974 543 2013 effe
564 1986 766 2026 nunquam
787 1971 963 2025 suspicati
984 1971 1114 2010 sumus
1134 1987 1143 2010 ε
1175 1986 1222 2011 ex
1243 1974 1388 2026 quibus
1408 1982 1486 2011 erat
1507 1972 1573 2010 illa
1594 1973 1773 2017 minima,
1801 1986 1886 2025 quae

474 2041 612 2080 ultima
633 2039 741 2084 caelo,
763 2038 898 2077 citima
918 2039 1041 2084 terris,
1063 2038 1150 2077 luce
1171 2039 1324 2078 lucebat
1344 2039 1478 2078 aliena.
1522 2039 1726 2078 Stellarum
1755 2048 1886 2078 autem

472 2107 579 2162 globi
604 2116 710 2145 terrae
744 2103 1059 2157 magnitudinem
1090 2104 1202 2143 facile
1224 2105 1440 2144 vincebant.
1487 2105 1576 2156 Jam
1611 2105 1687 2158 ipsa
1720 2115 1817 2143 terra
1836 2105 1888 2143 ita

474 2172 573 2212 mihi
596 2185 708 2226 parva
727 2170 800 2209 visa
821 2170 886 2215 est,
906 2179 948 2210 ut
970 2184 1032 2209 me
1053 2170 1206 2224 imperii
1229 2171 1358 2216 nostri,
1376 2184 1455 2224 quo
1471 2170 1574 2225 quali
1594 2172 1786 2224 punc‘mm
1806 2171 1886 2224 ejus

473 2241 716 2293 attingimus,
741 2237 958 2292 poenitcrct.

532 2308 602 2346 lv,
647 2307 777 2356 (Qmm
808 2319 900 2342 cum
936 2305 1059 2358 magis
1091 2305 1273 2351 intuerer,
1308 2304 1461 2358 Qaeso,
1497 2305 1627 2359 inquit
1663 2303 1886 2349 Africanus,

474 2374 673 2429 quousque
706 2371 815 2410 humi
853 2371 976 2410 defixa
1009 2382 1072 2410 tua
1107 2387 1215 2412 mens
1240 2373 1312 2412 crit
1332 2374 1344 2410 ?
1377 2386 1503 2411 nonne
1522 2372 1698 2425 adspicis,
1731 2387 1815 2425 qum
1849 2373 1888 2410 in

477 2439 622 2493 templa
644 2439 818 2476 veneris?
853 2438 1008 2476 Novem
1031 2439 1102 2477 tibi
1123 2439 1298 2484 orbibus,
1320 2439 1377 2477 vel
1403 2439 1530 2492 potius
1552 2439 1694 2492 globi&
1713 2453 1889 2477 connexu

474 2509 560 2546 lunt
595 2505 727 2545 omnia
748 2520 755 2543 :
790 2518 958 2557 quorum
997 2519 1094 2545 unus
1121 2506 1174 2546 cst
1194 2505 1364 2551 caelestis,
1397 2505 1582 2551 extimus,
1615 2505 1683 2559 qui
1720 2505 1887 2559 reliquos
