2223 3003
467 266 547 313 264
865 259 968 298 DE
1046 257 1474 296 oFF1cl1s

467 365 578 405 sunt:
610 365 657 402 ab
691 363 736 400 iis
767 360 874 398 enim
905 359 1155 398 constitutam
1186 359 1287 398 inter
1315 357 1496 398 homines
1517 358 1738 399 societatem
1765 373 1871 401 ever-

464 441 555 470 tunt
570 449 581 476 ;
617 429 727 480 cujus
747 425 935 464 societatis
955 424 1205 464 aretiffimum
1236 425 1440 464 vinculum
1461 425 1526 471 est,
1559 425 1683 479 magis
1702 426 1874 465 arbitrari

463 498 537 536 effe
556 503 690 534 contra
720 502 911 538 naturam,
942 491 1146 531 hominem
1176 492 1331 532 homini
1352 491 1564 539 detrahere,
1598 493 1657 532 sui
1675 495 1875 533 commodi

463 562 586 608 causa,
616 575 735 615 quam
755 561 887 600 omnia
917 561 1169 599 incommoda
1187 560 1311 599 subire
1336 561 1397 599 vel
1417 570 1586 606 externa,
1609 560 1670 598 vel
1689 561 1873 614 corporis,

465 630 523 668 vel
544 630 661 668 etiam
682 628 795 683 ipfius
815 628 949 673 animi,
972 642 1058 681 quae
1077 638 1212 666 vacent
1227 628 1388 680 justitia.
1415 628 1514 667 Haec
1534 628 1640 666 enim
1660 641 1736 666 una
1754 627 1875 666 virtus

463 696 647 735 omnium
667 695 720 734 est
739 695 897 734 domina
915 705 954 733 et
975 695 1105 748 regina
1123 694 1329 733 virtutum.

519 764 552 803 F
555 763 692 802 orfitan
713 762 905 816 quispiam
925 762 1065 800 dixerit
1081 780 1093 807 ς
1125 762 1271 800 Nonne
1291 762 1410 815 igitur
1430 761 1590 816 sapiens,
1622 761 1648 800 si
1675 760 1778 800 fame
1798 761 1875 815 ipse

462 830 707 875 conficiatur,
727 828 926 867 abstulerit
945 828 1081 866 cibum
1102 827 1225 872 alteri,
1247 827 1400 867 homini
1421 829 1466 866 ad
1487 829 1636 867 nullam
1657 842 1739 867 rem
1761 828 1873 866 utili?

463 897 639 936 Minime
658 909 774 934 vero:
807 907 885 932 non
915 894 1023 931 enim
1053 892 1155 931 mihi
1181 893 1233 931 est
1259 895 1337 931 vita
1358 907 1443 932 mea
1472 895 1618 940 utilior,
1649 908 1768 947 quam
1788 895 1871 933 ani-

463 964 520 1002 mi
557 963 641 1001 talis
671 960 837 1006 affeffio,
883 960 1083 998 neminem
1126 969 1169 998 ut
1200 961 1343 1006 violem
1376 961 1577 999 commodi
1620 961 1699 999 mei
1737 962 1871 1014 gratia.

462 1030 591 1083 Qid?
622 1029 649 1068 fi
670 1027 881 1073 Phalarim,
913 1027 1110 1066 crudelem
1141 1037 1363 1080 tyrannum,
1396 1037 1436 1065 et
1460 1027 1692 1073 immanem,
1724 1028 1783 1066 vir
1802 1028 1873 1067 bo-

461 1109 550 1142 nus,
592 1109 640 1134 ne
672 1094 750 1149 ipse
779 1093 922 1148 frigore
953 1093 1194 1138 conficiatur,
1226 1093 1364 1131 vestitu
1397 1093 1557 1147 spoliare
1587 1092 1714 1147 poffit,
1744 1107 1874 1132 nonne

439 1162 608 1201 ·faciat?
640 1163 738 1202 Haec
759 1161 805 1200 ad
830 1161 1089 1214 judicandum
1120 1161 1208 1199 sunt
1232 1159 1433 1199 facillima.
1484 1161 1606 1206 Nam,
1637 1160 1664 1199 fi
1697 1160 1794 1213 quid
1827 1160 1876 1199 ab

461 1229 625 1269 homine
645 1230 691 1268 ad
708 1229 871 1267 ·nullam
892 1237 1042 1282 partem
1062 1228 1166 1274 utili,
1197 1237 1271 1267 tuae
1302 1228 1481 1266 utilitatis
1508 1228 1630 1273 causa,
1653 1228 1874 1273 detraxeris,

461 1295 676 1335 inhumane
709 1295 860 1340 feceris,
900 1304 1112 1347 contraque
1142 1304 1286 1333 naturae
1319 1294 1462 1347 legem.
1513 1294 1579 1333 Sin
1610 1303 1739 1332 autem
1769 1294 1801 1332 is
1833 1303 1876 1332 tu

462 1363 525 1408 fis,
557 1363 626 1415 qui
646 1361 813 1401 multam
834 1361 1046 1399 utilitatem
1081 1360 1302 1413 reipublicae
1322 1369 1437 1413 atque
1457 1359 1667 1398 hominum
1688 1359 1873 1405 societati,

414 1451 417 1454 ·
462 1429 490 1468 fi
511 1430 551 1468 in
571 1430 649 1468 vita
669 1441 877 1472 remaneas,
909 1426 1042 1465 afferre
1061 1427 1174 1480 poffis
1191 1446 1202 1473 3
1235 1427 1260 1465 fi
1282 1427 1377 1479 quid
1406 1427 1457 1466 ob
1483 1441 1567 1465 earn
1589 1427 1740 1465 causam
1767 1427 1875 1465 alteri

463 1496 683 1540 detraxeris,
706 1508 783 1533 non
804 1494 849 1532 fit
870 1492 1246 1547 reprehendendum.
1294 1495 1358 1531 Sin
1380 1503 1511 1531 autern
1537 1493 1578 1530 id
1599 1506 1677 1531 non
1698 1493 1744 1530 fit
1774 1493 1875 1545 ejus-

462 1562 596 1606 modi,
629 1561 740 1599 suum
762 1561 904 1612 cuique
935 1559 1236 1598 incommodum
1269 1558 1477 1597 ferendum
1497 1558 1550 1597 est
1580 1559 1724 1612 potius,
1755 1571 1875 1612 quam

462 1629 509 1667 de
529 1628 684 1666 alterius
706 1626 926 1666 commodis
947 1625 1243 1665 detrahendum.
1286 1627 1382 1665 Non
1414 1626 1534 1678 igitur
1554 1626 1678 1679 magis
1699 1625 1751 1664 est
1778 1639 1874 1665 con-

462 1705 519 1733 tra
540 1703 715 1733 naturam
736 1693 911 1738 morbus,
941 1702 1006 1731 aut
1026 1693 1181 1745 egestas,
1202 1701 1268 1730 aut
1288 1692 1383 1744 quid
1403 1691 1642 1744 hujusmodi,
1665 1705 1784 1745 quam
1805 1692 1874 1730 de-

462 1761 611 1806 traifio,
643 1769 709 1798 aut
729 1759 915 1814 appetitio
946 1759 1075 1797 alieni.
1122 1759 1192 1797 Sed
1222 1759 1448 1797 communis
1471 1758 1648 1796 utilitatis
1678 1758 1875 1796 derelictio

461 1837 596 1866 contra
626 1836 800 1864 naturam
833 1827 912 1864 est:
945 1826 999 1864 est
1028 1826 1135 1864 enirn
1167 1826 1317 1878 injusta.
1367 1826 1502 1878 Itaque
1523 1825 1585 1863 lex
1618 1824 1695 1878 ipsa
1718 1834 1874 1869 naturas,

461 1907 548 1946 quae
569 1893 777 1931 utilitatem
799 1891 1008 1930 hominum
1029 1892 1224 1930 conservat
1252 1902 1290 1929 et
1310 1892 1500 1935 continet,
1531 1892 1703 1929 decernit
1722 1891 1876 1943 profec-

461 1970 516 2006 to,
554 1970 596 1998 ut
627 1959 674 1997 ab
706 1958 866 1997 homine
902 1958 1014 1996 inerti
1049 1968 1162 2010 atque
1194 1958 1340 2002 inutili,
1374 1957 1419 1995 ad
1454 1957 1677 2010 sapientem,
1707 1958 1872 2002 bonum,

464 2027 685 2079 sortemque
706 2026 833 2063 virum
856 2024 1131 2063 transferantur
1152 2039 1207 2063 res
1229 2025 1274 2062 ad
1296 2024 1505 2062 vivendum
1521 2023 1728 2062 neccss‘ariae
1748 2043 1757 2068 ;
1790 2025 1872 2076 qui,

464 2095 488 2131 sl
523 2092 722 2136 occiderit,
758 2091 932 2129 multum
968 2091 1015 2128 de
1051 2092 1254 2130 communi
1291 2091 1457 2129 utilitate
1492 2090 1723 2128 detraxerit:
1758 2090 1876 2128 modo

462 2160 537 2198 hoc
568 2161 620 2198 ita
650 2158 777 2203 faciat,
809 2169 852 2196 ut
888 2172 934 2196 ne
969 2157 1045 2211 ipse
1072 2158 1118 2196 de
1155 2158 1190 2196 se
1220 2158 1315 2196 bene
1344 2158 1565 2196 existimans
1598 2156 1747 2209 seseque
1783 2157 1876 2195 dili-

461 2241 554 2280 gens
587 2225 686 2264 hanc
707 2224 856 2264 cansam
879 2224 1016 2264 habeat
1046 2225 1091 2263 ad
1123 2225 1317 2277 injuriam.
1371 2226 1428 2263 lta
1449 2224 1595 2277 semper
1623 2224 1754 2262 officio
1781 2222 1873 2261 fun-

461 2303 585 2347 getur,
619 2293 774 2331 utilitati
796 2291 997 2330 consulens
1019 2291 1244 2337 hominum,
1280 2301 1318 2330 et
1338 2292 1387 2336 ei,
1424 2304 1543 2344 quam
1571 2291 1664 2343 saepe
1695 2304 1871 2328 comme·

461 2374 586 2404 moro,
619 2358 797 2397 humana·
822 2359 1004 2397 societati.

518 2427 638 2470 Nam,
661 2427 766 2479 quod
788 2426 831 2464 nd
857 2425 1048 2465 Phalarim
1070 2427 1220 2470 attinet,
1244 2424 1421 2479 perfacile
1437 2425 1632 2478 judicium
1654 2423 1721 2461 est.
1753 2423 1874 2462 Nulla

461 2494 566 2531 enim
601 2493 711 2530 nobis
746 2492 898 2530 societas
930 2507 1022 2531 cum
1055 2493 1237 2545 tyranni&
1276 2491 1336 2530 scd
1365 2492 1491 2545 potius
1514 2490 1664 2529 suumin
1684 2490 1874 2528 distractio

462 2560 541 2603 eth
576 2573 698 2611 neque
728 2560 778 2597 cst
811 2569 944 2597 contra
981 2570 1169 2605 naturam,
1204 2559 1361 2612 spoliare
1392 2573 1499 2604 euin,
1538 2558 1562 2596 fi
1597 2557 1722 2610 postis,
1753 2569 1871 2609 quem
