2223 3003
720 281 999 322 LIBER
1055 281 1483 322 TERTIUS.
1730 289 1806 327 26⁸

1786 320 1806 342 δ

403 380 627 433 collocavit)
659 394 777 434 quam
797 382 923 420 vivere
942 383 982 420 in
1003 381 1220 427 solitudine,
1251 395 1329 420 non
1364 381 1482 421 modo
1502 381 1577 420 fine
1608 383 1698 422 ullis
1718 399 1810 424 mo-

403 446 534 493 lestiis,
556 447 616 486 sed
637 448 754 486 etiam
779 449 819 486 in
839 449 1020 486 maximis
1041 449 1320 501 voluptatibus,
1341 448 1603 488 abundantem
1622 452 1808 491 omnibus

404 515 525 567 copiis
541 533 554 560 ;
586 525 630 553 ut
659 514 822 553 excellas
849 515 967 552 etiam
1000 514 1305 567 pulchritudine,
1338 524 1376 553 et
1406 516 1567 556 viribus.
1615 518 1810 567 roirca

403 582 557 634 optimo
576 581 738 634 quisque
757 589 796 618 et
815 580 1116 633 splendidiffimo
1135 581 1293 634 ingenio
1313 581 1428 634 longe
1447 583 1555 622 illam
1575 585 1694 624 vitam
1715 585 1811 626 huic

403 648 616 700 anteponit.
660 647 722 684 Ex
742 660 820 698 quo
840 646 1020 691 efficitur,
1043 645 1262 692 hominem,
1282 656 1426 686 naturae
1447 648 1709 697 obedientem,
1730 651 1808 692 ho-

400 713 501 751 mini
520 725 656 750 nocere
675 724 754 749 non
773 710 891 764 poss‘e.

456 777 624 822 Deinde,
655 777 724 829 qui
749 776 914 815 alterum
933 777 1066 823 violat,
1097 786 1140 816 ut
1162 776 1242 830 ipse
1271 776 1418 830 aliquid
1446 780 1646 818 commodi
1674 784 1809 822 conse-

401 852 540 896 quatur
555 862 568 888 ;
599 852 665 881 aut
684 841 787 881 nihil
806 843 841 881 se
861 843 1054 882 existimat
1073 853 1207 882 contra
1225 853 1400 883 naturam
1415 843 1539 884 facere
1555 865 1566 891 ;
1599 855 1664 885 aut
1683 851 1807 902 magis

399 909 625 963 fugIendam
657 910 782 948 censet
817 919 999 955 mortem,
1031 919 1317 964 paupertatem,
1345 911 1534 958 dolorem,
1567 913 1809 955 amissionem

398 977 517 1014 etiam
547 977 774 1022 liberorum,
809 977 1136 1030 propinquorum,
1166 977 1399 1023 amicorum,
1430 992 1548 1031 quam
1568 978 1692 1018 facere
1719 983 1807 1021 cui-

399 1043 505 1096 piam
524 1043 723 1095 injuriam.
773 1044 811 1082 Si
831 1043 930 1082 nihil
951 1043 1143 1082 existimat
1162 1053 1295 1082 contra
1327 1053 1503 1083 naturam
1520 1044 1603 1083 fieri
1628 1044 1807 1087 homini-

399 1110 473 1148 bus
493 1110 679 1149 violandis
694 1129 708 1155 ς
739 1111 835 1163 quid
859 1125 951 1149 cum
982 1124 1027 1148 eo
1057 1110 1221 1156 differas,
1253 1111 1321 1163 qui
1341 1112 1503 1151 omnino
1522 1111 1727 1152 hominem
1758 1129 1807 1155 ex

399 1175 560 1216 homine
588 1177 729 1216 tollat?
761 1178 815 1215 fin
848 1177 1080 1230 fugiendum
1115 1177 1154 1215 id
1186 1178 1345 1230 quidem
1365 1178 1506 1224 censet,
1539 1179 1600 1218 sed
1620 1189 1658 1218 et
1677 1182 1807 1220 multo

398 1243 467 1281 illa
483 1245 623 1296 pejora,
658 1252 841 1289 mortem,
871 1252 1148 1296 paupertatem,
1185 1243 1358 1282 dolorem
1375 1262 1386 1289 ς
1419 1254 1514 1283 errat
1545 1246 1586 1283 in
1606 1259 1665 1291 eo,
1699 1248 1806 1298 quod

398 1309 529 1347 ullum
559 1318 625 1348 aut
653 1310 838 1362 corporis,
880 1318 946 1348 aut
978 1307 1143 1348 fortunae
1176 1309 1332 1355 vitium,
1362 1310 1484 1349 animi
1517 1311 1620 1350 vitiis
1653 1313 1805 1364 gravius

397 1376 605 1415 existimat.

453 1444 526 1482 VI.
558 1445 663 1496 Ergo
683 1458 806 1483 unum
828 1443 942 1482 debet
973 1443 1043 1482 esse
1063 1443 1246 1482 omnibus
1267 1443 1522 1497 propositum,
1545 1453 1589 1483 ut
1609 1444 1740 1484 eadem
1761 1446 1807 1485 fit

398 1510 544 1549 utilitas
579 1510 890 1562 uniuscujusque,
921 1519 960 1548 et
979 1511 1243 1548 universorum
1259 1529 1272 1555 3
1304 1524 1422 1563 quam
1454 1512 1480 1550 fi
1510 1511 1556 1549 ad
1577 1511 1613 1549 se
1644 1512 1806 1565 quisque

398 1578 533 1630 rapiet,
555 1576 776 1614 dissolvetur
794 1576 922 1614 omnis
942 1574 1114 1614 humana
1129 1577 1333 1615 consortio.
1366 1579 1498 1629 Atque
1517 1577 1650 1621 etiam,
1682 1578 1706 1615 fi
1728 1577 1804 1616 hoc

397 1652 532 1682 natura
552 1642 774 1696 praescribit,
797 1652 841 1680 ut
860 1640 982 1679 homo
1002 1641 1169 1686 homini,
1191 1642 1415 1694 quicunque
1435 1642 1493 1686 fit,
1515 1642 1565 1680 ob
1581 1655 1664 1680 eam
1683 1643 1804 1695 ipsam

396 1709 562 1754 causam,
594 1708 699 1761 quod
724 1708 755 1746 is
787 1706 908 1746 homo
941 1707 1000 1751 fit,
1031 1707 1252 1745 consultum
1273 1708 1394 1752 velit,
1426 1706 1570 1745 necefl'e
1586 1708 1639 1746 est
1667 1708 1803 1747 secun-

397 1776 493 1814 dum
532 1775 694 1813 eandem
733 1783 909 1812 naturam
952 1773 1133 1811 omnium
1170 1773 1380 1812 utilitatem
1427 1773 1497 1812 effe
1533 1787 1800 1814 communem.

398 1841 518 1894 Qod
538 1842 564 1879 s1
584 1842 638 1879 ita
656 1841 721 1886 est,
755 1840 830 1878 una
849 1841 1094 1879 continemur
1113 1853 1264 1884 omnes,
1294 1848 1332 1877 et
1363 1840 1496 1878 eadem
1528 1841 1611 1892 lege
1632 1850 1773 1880 naturae
1788 1860 1802 1886 ς

396 1909 514 1961 idque
535 1908 661 1960 ipsum
683 1908 708 1945 fi
729 1908 782 1944 ita
811 1906 876 1953 est,
909 1916 1010 1944 certe
1030 1906 1171 1944 violare
1198 1906 1362 1943 alterum
1382 1906 1466 1958 lege
1495 1915 1636 1944 naturae
1666 1906 1803 1959 prohi-

396 1975 548 2013 bemur.
568 1974 715 2012 Verum
731 1982 861 2011 autem
876 1973 1049 2025 primum
1068 1987 1077 2010 ε
1100 1985 1234 2010 verum
1251 1973 1370 2025 igitur
1386 1982 1424 2010 et
1439 1981 1673 2011 extremum.
1697 1974 1804 2012 Nam

397 2041 496 2079 illud
526 2040 687 2093 quidem
719 2039 925 2078 absurdum
955 2038 1020 2084 est,
1058 2039 1163 2091 quod
1197 2039 1357 2091 quidam
1389 2038 1539 2082 dicunt,
1571 2039 1717 2090 parenti
1751 2039 1802 2083 se,

397 2116 463 2144 aut
482 2105 590 2144 fratri
610 2105 711 2144 nihil
731 2106 979 2149 detracturos
1010 2105 1210 2142 commodi
1237 2103 1291 2141 sui
1311 2103 1446 2147 causa3
1478 2103 1592 2140 aliam
1614 2104 1803 2143 rationem

396 2173 468 2211 effe
489 2173 636 2210 civium
667 2172 933 2223 reliquorum:
965 2170 1006 2207 hi
1038 2171 1108 2207 fibi
1128 2169 1227 2207 nihil
1253 2169 1366 2220 juris,
1397 2178 1435 2206 et
1465 2169 1612 2207 nullam
1643 2169 1802 2208 societa-

397 2249 491 2283 tem,
534 2237 756 2276 communis
793 2236 970 2273 utilitatis
1009 2235 1132 2278 causa,
1176 2234 1345 2271 statuunt
1383 2234 1453 2272 effe
1492 2248 1583 2273 cum
1624 2236 1800 2281 civibu83

396 2319 482 2358 quae
509 2303 693 2341 sententia
723 2314 881 2339 omnem
903 2301 1121 2338 societatem
1141 2298 1314 2337 distrahit
1344 2299 1523 2338 civitatis.
1571 2301 1652 2353 Qi
1673 2311 1803 2340 autem

396 2371 543 2408 civium
565 2370 753 2407 rationem
773 2367 909 2405 dicunt
930 2365 1161 2410 habendam,
1193 2375 1442 2403 externorum
1478 2376 1632 2418 negant,
1663 2365 1705 2405 hi
1739 2368 1803 2405 di-

398 2435 546 2473 rimunt
580 2447 833 2473 communem
865 2432 1028 2470 humani
1062 2432 1210 2484 generis
1245 2431 1490 2476 societatem,
1536 2446 1612 2484 qua
1641 2432 1801 2477 sublata,

399 2499 664 2545 beneficentia,
695 2499 915 2543 liberalitas,
947 2498 1112 2541 bonitas,
1138 2497 1284 2549 justitia
1309 2496 1486 2535 funditus
1508 2498 1684 2535 tollitur:
1717 2512 1801 2549 quae

397 2567 467 2618 qui
503 2565 659 2612 tollunt,
696 2567 812 2605 etiam
842 2564 1014 2604 adversus
1048 2565 1151 2602 Deos
1187 2563 1424 2602 immortales
1456 2564 1569 2617 impii
1598 2563 1800 2616 judicandi
