2223 3003
366 197 416 234 66
651 197 754 235 DE
813 195 1462 235 DIVINATIONE

365 295 556 348 literisque
576 297 859 334 mandaverint:
882 307 1039 332 omnem
1059 304 1186 332 autem
1205 296 1418 333 orationem
1437 294 1546 333 fuisse
1564 307 1662 340 eam,
1679 308 1754 347 qua

362 361 612 414 haruspicinae
642 361 841 412 disciplina
871 360 1156 397 contineretur:
1188 372 1272 396 eam
1306 359 1431 411 postea
1460 359 1613 397 creviss‘e
1639 361 1752 399 rebus

362 427 471 465 novis
501 425 786 477 cognoscendis,
817 433 856 461 et
885 423 930 461 ad
956 423 1087 461 eadem
1107 423 1172 460 illa
1192 423 1381 476 principia
1399 422 1618 461 referendis.
1656 424 1753 461 Haec

362 491 579 542 accepimus
599 489 645 526 ab
666 488 751 541 ipsis
768 503 775 526 ε
799 487 880 526 haec
901 488 1038 540 scripta
1055 489 1298 526 conservant:
1319 487 1425 526 hunc
1445 487 1594 527 fontem
1611 487 1756 526 habent

361 555 582 607 disciplinae.
605 555 717 593 Num
733 568 823 606 ergo
843 568 938 607 opus
958 554 1010 592 est
1026 553 1071 592 ad
1091 553 1171 592 haec
1191 553 1396 593 refellenda
1412 554 1633 593 Carneade?
1655 567 1754 592 num

361 621 533 673 Epicuro
552 621 565 657 ?
603 620 717 658 Estne
750 619 952 672 quisquam
987 620 1039 658 ita
1068 620 1266 673 desipiens,
1297 621 1367 672 qui
1396 620 1522 658 credat
1557 629 1752 658 exaratum

359 686 444 732 esse,
467 687 597 725 Deum
616 686 757 730 dicam,
777 699 824 723 an
843 684 1044 724 hominem
1065 687 1077 723 ?
1110 687 1147 724 Si
1167 687 1312 731 Deum,
1343 700 1412 724 cur
1431 685 1467 724 se
1486 695 1618 724 contra
1637 695 1750 724 natu-

359 765 442 790 ram
462 753 502 790 in
531 762 667 790 terram
688 752 888 796 abdiderit,
925 761 966 790 ut
986 751 1192 805 pates-aetus
1212 761 1333 790 aratro
1359 752 1487 790 lucem
1513 751 1750 804 adspiceret?

361 817 498 870 Qid?
530 818 633 856 idem
654 831 780 855 nonne
810 827 955 870 poterat
977 818 1082 855 Deus
1114 816 1339 856 hominibus
1372 817 1614 870 disciplinam
1639 816 1751 869 supe-

358 884 456 922 riore
487 898 508 922 e
541 885 627 922 loco
648 883 818 922 tradere?
850 884 888 921 Si
921 893 1050 921 autem
1071 882 1192 922 homo
1220 883 1287 921 ille
1306 885 1432 936 Tages
1458 883 1549 928 fuit,
1581 896 1751 935 quonam

359 951 476 989 modo
495 951 623 1003 potuit
644 950 740 987 terra
758 950 949 1002 oppressus
969 950 1120 988 vivere?
1153 951 1268 988 Unde
1287 964 1400 1004 porro
1419 949 1485 988 illa
1504 950 1644 1003 potuit,
1666 963 1752 1001 quae

358 1017 519 1054 docebat
537 1016 645 1060 alios,
675 1015 754 1068 ipse
773 1015 942 1054 didiciffe
959 1016 972 1052 ?
1003 1016 1075 1054 Sed
1091 1030 1162 1069 ego
1177 1016 1428 1068 insipientior,
1448 1030 1568 1068 quam
1588 1016 1647 1054 illi
1666 1015 1750 1068 ipfi,

357 1081 425 1133 qui
444 1081 512 1120 ista
531 1081 704 1126 credunt,
735 1081 802 1133 qui
822 1081 981 1132 quidem
1001 1091 1134 1119 contra
1152 1095 1214 1120 eos
1235 1091 1314 1119 tam
1334 1081 1400 1119 diu
1420 1080 1629 1133 disputem.

411 1147 563 1186 XXIV.
595 1148 716 1185 Vetus
736 1155 867 1184 autem
897 1146 995 1184 illud
1016 1148 1175 1186 Catonis
1194 1147 1405 1186 admodum
1425 1146 1567 1185 scitum
1586 1145 1652 1190 est,
1683 1146 1753 1198 qui

356 1213 485 1251 mirari
506 1213 540 1250 se
559 1213 695 1256 aiebat,
718 1212 822 1263 quod
843 1225 921 1250 non
942 1211 1078 1250 rideret
1096 1211 1296 1265 haruspex,
1316 1211 1559 1265 haruspicem
1578 1225 1670 1249 cum
1691 1212 1750 1249 vi—

355 1278 476 1316 diffet.
523 1279 654 1330 Qota
673 1277 777 1315 enim
797 1290 959 1330 quaeque
993 1291 1049 1316 res
1079 1279 1205 1316 evenit
1225 1278 1402 1330 praedje‘ta
1433 1278 1479 1316 ab
1500 1278 1577 1316 istis
1595 1278 1608 1314 ?
1639 1287 1705 1315 aut
1724 1277 1751 1315 fi

355 1345 480 1382 evenit
501 1344 716 1397 quippiam,
751 1344 845 1395 quid
875 1343 998 1381 afferri
1019 1343 1154 1397 potest,
1188 1358 1256 1382 cur
1289 1357 1367 1382 non
1387 1344 1472 1382 casu
1496 1343 1534 1381 id
1553 1344 1718 1381 evenerit
1736 1343 1749 1379 ?

354 1410 441 1448 Rex
462 1410 620 1454 Prusias,
642 1423 734 1447 cum
755 1409 939 1448 Annibali
960 1410 1060 1462 apud
1087 1423 1177 1448 eum
1197 1410 1367 1448 exulanti
1388 1410 1597 1463 depugnari
1620 1409 1748 1462 place·

350 1485 419 1519 ret,
452 1476 611 1528 negabat
641 1475 677 1512 se
707 1475 856 1519 audere,
887 1476 991 1526 quod
1019 1485 1106 1514 exta
1133 1475 1393 1528 prohiberent.
1432 1477 1495 1514 An
1518 1485 1573 1519 tu,
1605 1474 1749 1526 inquit,

354 1542 568 1580 carunculae
606 1541 778 1579 vitulinae
819 1541 954 1585 mavi-³,
998 1555 1115 1593 quam
1149 1542 1371 1593 imperatori
1403 1541 1533 1585 veteri,
1567 1540 1716 1578 credere
1735 1540 1748 1577 ?

354 1607 494 1658 Qid?
529 1607 606 1659 ipse
637 1607 772 1650 Caesar,
803 1620 894 1644 cum
916 1620 936 1644 a
958 1606 1118 1646 summo
1145 1606 1345 1659 haruspice
1375 1616 1608 1650 moneretur,
1643 1619 1691 1643 ne
1709 1607 1750 1644 in

354 1672 529 1710 Africam
549 1681 634 1710 ante
655 1672 834 1710 brumam
856 1670 1140 1718 transmitteret,
1172 1686 1299 1711 nonne
1320 1672 1552 1710 transmisit?
1583 1672 1687 1723 quod
1708 1671 1751 1708 ni

353 1736 509 1782 feciffet,
543 1751 620 1775 uno
650 1738 690 1775 in
712 1737 798 1774 loco
828 1750 962 1774 omnes
992 1737 1288 1775 adversariorum
1324 1737 1444 1789 copiae
1473 1734 1745 1773 convenifi‘ent.

355 1804 462 1854 Qid
483 1818 555 1856 ego
574 1802 821 1855 haruspicum
841 1802 1013 1854 responsa
1031 1815 1351 1847 commemorem,
1373 1804 1386 1854 (
1398 1801 1548 1855 poffum
1567 1801 1748 1853 equidem

353 1869 673 1919 innumerabilia)
695 1881 780 1919 quae
800 1876 864 1905 aut
885 1867 1010 1905 nullos
1032 1867 1248 1905 habuerunt
1268 1869 1407 1912 exitus,
1424 1877 1489 1905 aut
1507 1868 1715 1906 contrarios
1733 1867 1746 1904 ?

354 1935 443 1971 Hoc
474 1934 578 1971 civili
611 1932 726 1976 bello,
761 1933 830 1971 Dii
851 1932 1112 1971 immortales!
1150 1947 1266 1985 quam
1288 1933 1411 1971 multa
1431 1932 1631 1971 luserunt?
1662 1946 1750 1984 quae

353 1999 464 2038 nobis
487 1999 526 2037 in
548 1999 739 2036 Graeciam
761 1998 889 2035 Rom-51
919 1998 1090 2051 responsa
1109 1997 1355 2051 haruspicum
1387 1998 1494 2037 missa
1514 1997 1598 2036 sunt
1617 1998 1629 2034 ?
1661 2011 1746 2050 quae

353 2064 452 2102 dieta
473 2065 660 2116 Pompeio
678 2064 690 2100 ?
721 2064 863 2101 etenim
891 2063 955 2102 ille
974 2064 1184 2102 admodum
1214 2065 1311 2102 extis
1332 2073 1368 2102 et
1388 2064 1542 2103 ostentis
1563 2064 1746 2102 moveba-

353 2141 428 2170 tur.
461 2131 553 2169 Non
575 2130 684 2168 lubet
704 2143 1019 2175 commemorare,
1051 2144 1120 2169 nec
1141 2145 1229 2169 vero
1249 2131 1392 2169 neceffe
1411 2130 1478 2175 est,
1500 2130 1571 2168 tibi
1593 2130 1745 2183 praeser-

353 2197 439 2240 tim,
457 2197 524 2248 qui
545 2195 762 2234 interfuisti.
789 2196 904 2234 Vides
924 2206 1049 2234 tamen
1070 2198 1201 2235 omnia
1220 2196 1297 2235 fere
1317 2206 1462 2241 contra,
1483 2210 1525 2234 ac
1546 2196 1646 2234 dicta
1659 2196 1744 2241 fint,

351 2262 523 2300 evenisse.
556 2263 626 2301 Sed
648 2262 727 2301 haec
744 2262 938 2301 haetenus.
973 2264 1091 2302 Nunc
1111 2264 1158 2302 ad
1177 2264 1321 2302 ostenta
1340 2264 1551 2303 veniamus.

407 2330 535 2367 XXV.
570 2330 713 2373 Multa,
737 2344 798 2367 me
820 2330 1001 2374 Consule,
1018 2344 1039 2368 a
1060 2343 1121 2368 me
1142 2330 1222 2383 ipso
1242 2331 1379 2383 scripta
1398 2329 1585 2373 recitasti;
1622 2329 1746 2367 multa

350 2406 435 2433 ante
456 2396 667 2434 Marsicum
704 2396 850 2433 bellum
885 2410 904 2433 a
930 2396 1082 2434 Sisenna
1104 2396 1263 2435 colledta
1291 2396 1478 2441 attulisti;
1511 2395 1632 2434 multa
1659 2405 1745 2432 ante

350 2462 732 2501 Lacedaemoniorum
776 2462 917 2501 malam
953 2475 1123 2516 pugnam
1163 2464 1203 2501 in
1239 2463 1412 2505 Leuctris
1456 2475 1477 2500 a
1511 2460 1744 2501 Callisthene
