2223 3003
471 270 550 311 282
866 267 969 306 DE
1047 263 1475 306 OFFICIIS

526 369 659 410 XXII.
691 368 929 418 Qanquam
960 364 1000 403 id
1025 364 1199 418 quidem,
1229 378 1323 404 cum
1353 364 1448 419 saepe
1478 363 1584 413 alias,
1615 372 1702 404 tum
1734 366 1874 417 Pyrrhi

471 438 574 477 bello
593 450 613 474 a
631 437 678 473 C.
694 433 885 478 Fabricio,
905 431 1072 471 Consule
1087 432 1244 478 iterum,
1264 441 1303 471 et
1321 445 1343 470 a
1360 432 1490 471 senatu
1510 431 1637 471 nostro
1650 432 1874 485 judicatum

471 503 537 541 est.
578 503 683 540 Cum
702 500 809 538 enim
830 512 896 538 rex
916 497 1086 551 Pyrrhus
1105 499 1252 553 populo
1271 501 1452 540 Romano
1471 499 1622 538 bellum
1642 499 1745 537 ultro
1763 500 1874 538 intu-

471 567 582 612 liss‘et,
605 578 775 618 cumque
794 565 841 603 de
859 565 1025 619 imperio
1055 573 1249 604 certamen
1269 564 1359 603 effet
1389 578 1483 604 cum
1513 578 1601 618 rege
1618 564 1801 619 generoso
1830 577 1876 603 ac

470 641 627 686 potente
639 650 652 677 ς
682 630 843 685 perfuga
860 631 908 670 ab
927 644 973 669 eo
992 631 1097 669 venit
1117 631 1158 669 in
1178 630 1294 669 castra
1314 631 1496 677 Fabricii,
1516 631 1630 693 eique
1649 630 1702 669 est
1718 629 1877 684 pollici-

472 708 550 744 tus,
585 699 612 737 fi
632 698 838 751 praemium
857 697 926 736 fibi
946 696 1210 750 proposuiffet‚
1241 697 1290 743 se,
1321 706 1365 735 ut
1384 697 1486 736 clam
1505 696 1674 742 veniffet,
1703 697 1754 736 fic
1773 696 1877 735 clam

471 765 513 804 in
534 763 674 817 Pyrrhi
693 763 809 802 castra
838 763 1068 808 rediturum,
1098 771 1136 801 et
1163 777 1255 801 eum
1284 776 1431 802 veneno
1450 772 1693 802 necaturum.
1753 763 1876 801 Hune

473 831 674 871 Fabricius
696 828 960 868 reducendum
990 828 1138 866 curavit
1167 828 1214 866 ad
1234 827 1456 880 Pyrrhum:
1488 829 1605 882 idque
1623 828 1770 868 factum
1793 829 1877 881 ejus

473 911 494 936 a
513 897 642 936 senatu
661 894 861 934 laudatum
879 893 946 932 est.
978 893 1105 945 Atqui
1124 892 1151 931 fi
1171 892 1337 946 speciem
1358 893 1551 939 utilitatis,
1571 895 1878 947 opinionemque

473 962 696 1016 quaerimus,
726 972 916 1012 magnum
946 957 1046 996 illud
1077 957 1226 997 bellum
1247 958 1406 1012 perfuga
1425 973 1540 1005 unus,
1569 968 1608 997 et
1631 973 1787 1013 gravem
1806 960 1875 998 ad-

472 1028 678 1067 versarium
697 1025 853 1079 imperii
870 1023 1097 1070 sustuliffet;
1129 1023 1191 1063 sed
1211 1038 1400 1078 magnum
1419 1025 1583 1063 dedecus
1603 1035 1643 1064 et
1667 1025 1874 1078 flagitium,

474 1095 638 1148 quicum
671 1091 795 1131 laudis
824 1099 1019 1131 certamen
1050 1089 1193 1137 fuisset,
1222 1104 1313 1131 eum
1343 1104 1421 1130 non
1447 1091 1602 1137 virtute,
1633 1090 1696 1130 sed
1724 1090 1876 1137 scelere,

474 1162 707 1215 superatum.

530 1230 678 1267 Utrum
698 1226 819 1280 igitur
846 1227 979 1266 utilius
1000 1227 1057 1266 vel
1080 1227 1272 1273 Fabricio,
1293 1228 1363 1280 qui
1383 1227 1467 1267 talis
1489 1227 1528 1266 in
1549 1227 1620 1267 hac
1641 1227 1749 1272 urbe,
1779 1239 1878 1279 qua·

477 1295 523 1334 lis
554 1293 739 1333 Aristides
773 1293 940 1332 Athenis
982 1293 1073 1339 fuit,
1117 1294 1177 1332 vel
1212 1294 1355 1332 senatui
1389 1295 1528 1339 nostro,
1564 1295 1633 1347 qui
1676 1306 1878 1346 nunquam

477 1359 686 1398 utilitatem
707 1372 727 1396 a
747 1359 935 1411 dignitate
954 1358 1131 1411 sejunxit,
1162 1359 1277 1398 armis
1304 1373 1396 1398 cum
1427 1358 1533 1398 hoste
1553 1369 1708 1404 certare,
1743 1372 1788 1396 an
1811 1371 1877 1396 ve·

476 1426 613 1466 nenis?
646 1426 684 1464 Si
717 1425 847 1478 gloriae
881 1425 992 1463 causa
1020 1425 1229 1478 imperium
1249 1426 1510 1479 expetendum
1531 1426 1596 1471 est,
1628 1425 1748 1463 scelus
1769 1425 1877 1469 abfit,

475 1493 516 1531 in
535 1506 614 1545 quo
633 1504 710 1529 non
731 1489 853 1543 potest
877 1488 948 1528 effe
967 1489 1112 1542 gloria:
1145 1491 1199 1528 fin
1228 1491 1317 1543 ipsae
1349 1503 1439 1544 opes
1459 1499 1694 1543 expetuntur
1719 1503 1880 1543 quoquo

476 1557 609 1602 mod0‚
643 1569 721 1595 non
741 1564 921 1608 poterunt
942 1555 1056 1593 utiles
1077 1554 1149 1593 esse
1169 1569 1261 1595 cum
1282 1555 1454 1595 infamia.
1505 1556 1600 1595 Non
1621 1556 1742 1609 igitur
1773 1555 1882 1594 utilis

476 1625 542 1663 illa
575 1625 624 1663 L.
661 1621 850 1675 Philippi,
895 1622 964 1674 Q
986 1621 1074 1667 filii,
1120 1622 1331 1668 sententia3
1363 1636 1457 1675 quas
1486 1623 1659 1661 civitates
1690 1623 1738 1661 L.
1762 1623 1879 1674 Sylla,

477 1689 639 1743 pecunia
671 1697 839 1740 accepta,
870 1701 917 1726 ex
946 1686 1270 1726 senatusconsulto
1300 1688 1541 1733 liberavisset,
1586 1699 1630 1727 ut
1662 1687 1721 1726 hae
1756 1688 1880 1727 rursus

475 1755 676 1809 vectigales
707 1753 850 1800 essent,
882 1767 1006 1807 neque
1036 1753 1097 1793 his
1128 1754 1348 1808 pecuniam,
1378 1768 1496 1807 quam
1518 1769 1586 1808 pro
1617 1755 1790 1793 libertate
1810 1755 1879 1793 de-

475 1822 620 1866 derant,
653 1820 910 1859 redderemus.
969 1819 1037 1858 Est
1068 1821 1103 1858 ei
1132 1820 1281 1859 senatus
1312 1820 1500 1860 aliensus:
1542 1831 1651 1874 turpe
1685 1821 1878 1874 imperio:

477 1889 684 1940 piratarum
707 1886 814 1923 enim
834 1885 972 1922 melior
992 1885 1100 1930 fides,
1123 1900 1241 1938 quam
1262 1886 1423 1925 senatus.
1455 1889 1511 1925 At
1530 1889 1636 1925 aucta
1655 1887 1851 1940 vestigalia
1869 1902 1879 1925 :

478 1953 572 1992 utile
592 1952 725 2005 igitur.
785 1949 999 2003 Qousque
1017 1950 1213 1990 audebunt
1244 1952 1369 1990 dicere
1400 1952 1616 2005 quidquam
1638 1952 1746 1996 utile,
1775 1953 1880 2005 quod

476 2033 554 2058 non
576 2016 812 2056 honestum?
845 2016 971 2054 Potest
1001 2026 1132 2055 autem
1164 2017 1236 2055 ulli
1263 2017 1440 2071 imperio,
1468 2018 1572 2071 quod
1592 2018 1713 2070 gloria
1732 2017 1879 2057 fultum

475 2085 548 2124 effe
581 2085 707 2129 debet,
738 2092 776 2120 et
811 2082 1076 2121 benevolentia
1106 2083 1312 2129 sociorum,
1347 2084 1443 2122 utile
1474 2084 1544 2122 ess'e
1579 2084 1714 2122 odium
1745 2094 1782 2122 et
1818 2085 1880 2123 in-

477 2151 624 2190 famia?
657 2151 744 2203 Ego
769 2149 887 2188 etiam
917 2162 1009 2188 cum
1041 2150 1188 2188 Catone
1209 2163 1297 2189 meo
1317 2150 1410 2203 saepe
1430 2150 1575 2188 dissensi
1598 2165 1607 2188 :
1640 2150 1756 2188 nimis
1781 2149 1879 2189 mihi

478 2217 672 2271 praefraCte
719 2215 918 2255 videbatur
953 2216 1127 2255 :crarium
1169 2217 1445 2269 vectigaliaque
1479 2216 1703 2261 defendere,
1752 2217 1883 2255 omnia

478 2284 695 2337 publicanis
716 2296 865 2336 negare,
897 2283 1020 2321 multa
1042 2283 1180 2329 sociis,
1211 2297 1305 2322 cum
1325 2284 1365 2322 in
1386 2283 1456 2322 hos
1477 2283 1639 2322 benefici
1671 2282 1742 2321 esse
1762 2283 1880 2321 debe-

479 2364 620 2394 remus,
652 2363 743 2387 cum
779 2349 855 2387 illis
879 2349 927 2386 sic
958 2363 1080 2402 agere,
1112 2358 1155 2388 ut
1184 2363 1275 2388 cum
1307 2350 1455 2388 colonis
1488 2349 1621 2387 nostris
1646 2348 1878 2394 solercrnus;

478 2431 599 2470 eoque
631 2416 767 2468 magis,
798 2429 877 2467 quo
909 2416 974 2454 illa
1004 2417 1186 2455 ordinum
1217 2417 1440 2469 conjunetio
1470 2416 1514 2453 ad
1543 2416 1700 2453 salutern
1725 2416 1881 2468 reipub·

479 2485 560 2522 licae
590 2482 813 2536 pertinebat.
875 2482 982 2520 Male
1015 2483 1131 2522 etiam
1163 2483 1298 2528 Curio,
1332 2496 1425 2520 cum
1457 2482 1607 2520 causam
1640 2482 1881 2535 Transpada-

479 2563 620 2589 norum
660 2562 806 2601 aequam
845 2548 916 2587 effe
952 2549 1128 2595 dicebat3
1179 2550 1325 2603 semper
1366 2559 1493 2587 autem
1529 2549 1702 2593 addebat,
1751 2549 1882 2587 Vincat

479 2617 632 2656 militas.
695 2615 828 2655 Potius
849 2615 1006 2663 diceret,
1037 2631 1114 2657 non
1134 2616 1205 2657 csse
1240 2630 1403 2670 nsquam,
1435 2617 1525 2670 quia
1554 2630 1632 2656 non
1667 2614 1755 2655 css‘ct
1776 2614 1880 2654 utilis
