2223 3003
434 235 516 274 ⁶40
835 218 942 257 DE
1016 214 1444 254 OFFICIIS

437 254 470 263 Α..

434 320 622 362 manebit.
672 319 726 357 At
756 316 837 368 ejus
867 314 954 359 filii,
991 326 1060 351 nec
1080 313 1159 351 vivi
1189 313 1451 366 probabantur
1470 313 1598 360 bonis,
1629 321 1668 354 et
1693 317 1841 357 mortui

433 399 642 427 numerum
661 384 839 422 obtinent
853 382 940 433 jure
957 380 1156 419 caesorurn.

489 454 604 493 XIII.
637 450 719 502 Qi
749 449 869 501 igitur
894 447 1051 501 adipisci
1079 461 1209 486 veram
1238 447 1401 500 gloriam
1428 447 1544 494 volet,
1569 447 1727 500 justitiae
1746 447 1840 488 fun-

432 530 544 573 gatur
563 517 716 556 officiis.
749 516 806 554 Ea
827 528 911 568 quae
931 513 1062 559 essent,
1083 514 1232 552 dictum
1253 514 1305 552 est
1325 514 1426 552 libro
1446 514 1649 567 superiore.
1689 515 1775 561 Sed,
1797 525 1841 554 ut

432 585 635 629 facillime,
671 581 803 636 quales
823 581 956 626 fimus,
992 580 1084 620 tales
1104 580 1178 619 effe
1195 581 1406 626 videamur,
1439 581 1505 619 etfi
1538 581 1578 619 in
1609 594 1655 620 eo
1680 581 1762 635 ipso
1783 582 1840 620 vis

433 651 605 690 maxima
637 649 704 694 est,
736 657 780 687 ut
811 647 928 686 simus
962 647 1005 693 ii,
1036 647 1104 700 qui
1128 646 1260 685 haberi
1291 647 1470 692 velimus,
1502 656 1630 686 tamen
1662 648 1841 700 quaedam

432 725 621 771 praecepta
640 715 763 754 danda
781 713 882 753 sunt.
926 714 1035 753 Nam
1055 713 1081 751 fi
1102 713 1188 767 quis
1219 713 1266 752 ab
1297 713 1456 751 ineunte
1481 722 1590 752 aetate
1610 712 1727 752 habet
1746 728 1841 752 cau-

433 786 512 824 sam
538 782 770 822 celebritatis
800 791 839 820 et
865 781 1050 826 nominis,
1081 790 1148 819 aut
1178 793 1199 818 a
1227 789 1332 834 patre
1361 791 1572 834 acceptam,
1596 781 1721 833 (quod
1751 781 1840 825 tibi,

433 853 491 891 mi
512 852 664 894 Cicero,
696 848 857 886 arbitror
886 845 1104 899 contigisse)
1136 855 1202 885 aut
1231 846 1362 899 aliquo
1388 847 1489 893 casu,
1522 857 1636 901 atque
1656 846 1811 886 fortuna
1827 865 1838 891 5

433 918 474 956 in
504 916 610 954 hunc
641 913 747 953 oculi
780 913 963 952 omnium
992 912 1270 964 conjiciuntur,
1299 921 1416 965 atque
1441 913 1482 952 in
1513 927 1619 959 eum,
1651 914 1720 966 qui
1740 924 1840 967 agat,

433 981 768 1036 quemadmodum
788 980 903 1025 vivat,
923 979 1141 1032 anquiritur
1152 998 1165 1025 3
1197 988 1249 1025 et,
1272 988 1456 1033 tanquam
1475 980 1515 1018 in
1535 980 1738 1019 clariffima
1756 980 1843 1020 luce

431 1049 611 1094 versetur,
642 1048 696 1086 ita
715 1046 872 1085 nullum
892 1045 1100 1085 obscurum
1119 1045 1242 1099 potest
1271 1059 1343 1084 nec
1363 1046 1514 1085 dictum
1542 1047 1624 1098 ejus
1652 1045 1738 1091 effe,
1769 1060 1840 1085 nec

431 1115 594 1154 facium.
639 1115 823 1166 Qorum
843 1121 970 1151 autem
992 1112 1118 1166 prima
1137 1122 1223 1152 aetas
1243 1121 1399 1166 propter
1417 1111 1685 1151 humilitatem
1710 1121 1750 1150 et
1768 1113 1843 1152 ob·

433 1183 653 1221 scuritatem
674 1182 713 1219 in
734 1179 944 1219 hominum
959 1179 1200 1233 ignoratione
1213 1179 1379 1218 versatur
1386 1199 1399 1226 ς
1421 1178 1479 1225 hi,
1497 1179 1609 1219 fimul
1626 1193 1669 1218 ac
1679 1180 1842 1232 juvenes

432 1248 505 1286 ess‘e
531 1256 746 1301 coeperunt,
778 1260 919 1299 magna
953 1246 1130 1299 speEtare,
1161 1255 1200 1284 et
1230 1246 1276 1285 ad
1311 1260 1354 1284 ea
1387 1247 1498 1285 redtis
1532 1246 1666 1284 studiis
1700 1245 1843 1283 debent

431 1314 688 1353 contendere:
720 1313 826 1366 quod
857 1326 902 1350 eo
936 1312 1107 1351 firmiore
1142 1313 1273 1352 animo
1303 1312 1461 1359 facient,
1496 1313 1588 1366 quia
1616 1326 1695 1351 non
1726 1312 1843 1351 modo

433 1395 512 1420 non
533 1380 726 1419 invidetur
745 1379 804 1417 illi
824 1379 939 1424 aetati‚
970 1392 1105 1417 verum
1125 1379 1242 1417 etiam
1263 1378 1426 1418 favetur.

490 1448 620 1487 Prima
639 1447 758 1499 igitur
779 1444 831 1483 est
850 1445 1080 1483 adolescenti
1110 1445 1401 1484 commendatio
1427 1445 1473 1483 ad
1502 1444 1682 1497 gloriam,
1712 1443 1740 1482 si
1767 1457 1842 1496 qua

432 1527 480 1552 ex
501 1513 649 1552 bellicis
670 1512 783 1550 rebus
818 1511 1031 1563 comparari
1060 1511 1210 1563 potest;
1243 1512 1284 1548 in
1304 1524 1380 1563 qua
1400 1511 1518 1548 multi
1547 1509 1650 1563 apud
1680 1510 1842 1561 majores

433 1579 577 1618 nostros
604 1579 842 1617 extiterunt:
891 1577 1039 1630 semper
1069 1577 1176 1615 enim
1217 1575 1296 1615 fere
1331 1576 1433 1618 bella
1463 1576 1707 1630 gerebantur.
1755 1577 1844 1615 Tua

433 1655 562 1684 autem
583 1654 671 1684 aetas
692 1643 832 1683 incidit
851 1643 891 1682 in
913 1636 952 1681 id
972 1643 1138 1689 bellum,
1168 1643 1280 1696 cujus
1309 1643 1427 1682 altera
1445 1656 1530 1696 pars
1551 1642 1700 1681 sceleris
1721 1642 1843 1681 nimi-

433 1726 499 1750 um
521 1711 658 1751 habuit
674 1730 686 1756 ;
718 1711 833 1749 altera
851 1709 1046 1749 felicitatis
1067 1724 1218 1764 parurn.
1264 1711 1358 1762 Qo
1378 1719 1508 1749 tamen
1539 1710 1580 1749 in
1601 1709 1718 1755 bello,
1748 1723 1843 1748 cum

433 1789 470 1816 te
491 1779 699 1832 Pompeius
733 1777 800 1816 alae
831 1777 938 1816 alteri
970 1775 1207 1830 praefeciffet,
1239 1790 1420 1830 magnam
1452 1776 1607 1815 laudem
1640 1789 1662 1814 a
1686 1775 1842 1814 summo

432 1845 529 1888 viro,
560 1854 599 1882 et
629 1845 676 1881 ab
708 1843 880 1881 exercitu
913 1843 1195 1895 consequebare
1224 1843 1448 1896 equitando,
1476 1842 1698 1895 jaculando,
1733 1842 1844 1882 omni

433 1909 594 1947 militari
615 1908 741 1946 labore
762 1907 958 1946 tolerando
975 1921 985 1945 ε
1016 1917 1130 1959 atque
1160 1920 1203 1944 ea
1222 1907 1381 1958 quidem
1407 1916 1473 1945 tua
1492 1908 1573 1946 laus
1594 1909 1732 1960 pariter
1751 1921 1844 1946 cum

433 1975 631 2029 republica
661 1973 817 2013 cecidit.
868 1972 977 2012 Mihi
1007 1982 1136 2011 autem
1170 1971 1252 2011 haec
1283 1973 1405 2012 oratio
1425 1972 1594 2026 suscepta
1617 1986 1694 2011 non
1728 1972 1776 2010 de
1807 1983 1844 2011 te

432 2042 501 2087 est,
531 2041 594 2080 sed
625 2041 672 2079 de
701 2053 839 2094 genere
870 2049 968 2079 toto.
1016 2040 1283 2092 Qamobrem
1314 2039 1360 2078 ad
1379 2053 1435 2085 ea,
1465 2054 1551 2093 qua:
1573 2039 1724 2083 restant,
1755 2053 1844 2093 per-

431 2121 584 2162 gamus.

490 2176 547 2213 Ut
580 2175 699 2228 igitur
728 2174 767 2212 in
802 2173 961 2227 reliquis
993 2173 1105 2212 rebus
1127 2174 1254 2213 multo
1288 2174 1431 2227 majora
1450 2173 1536 2212 sunt
1562 2186 1677 2228 opera
1707 2173 1841 2219 animi,

433 2256 550 2294 quam
571 2242 770 2295 corporis;
802 2241 851 2280 sic
875 2240 932 2280 hae
954 2255 1023 2286 res,
1059 2255 1152 2294 quas
1174 2241 1439 2295 persequimur
1468 2241 1625 2295 ingenio
1655 2254 1697 2279 ac
1724 2241 1841 2279 ratio-

436 2322 495 2352 nc,
527 2310 713 2361 graviores
734 2308 834 2354 sunt,
857 2322 974 2362 quam
998 2308 1086 2354 illa»,
1122 2322 1215 2361 quas
1236 2309 1395 2347 viribus.
1443 2308 1571 2347 Prima
1591 2307 1710 2360 igitur
1729 2320 1841 2345 com·-

434 2375 629 2413 mcndatio
651 2374 905 2427 proficiscitur
924 2389 944 2413 a
966 2374 1161 2421 modestia,
1197 2383 1281 2412 tum
1304 2374 1441 2427 pietate
1472 2374 1511 2412 in
1534 2383 1720 2426 parentes,
1757 2383 1842 2412 tum

434 2441 474 2479 in
499 2441 580 2479 suos
603 2441 879 2479 benevolentia.
914 2442 1116 2480 Facillime
1149 2450 1294 2485 autern,
1329 2450 1365 2479 et
1401 2441 1438 2478 in
1470 2441 1660 2494 optimam
1697 2450 1841 2492 partem

431 2507 719 2561 cognoscuntur
753 2507 1022 2554 adolescentes,
1054 2507 1122 2561 qui
1153 2507 1188 2547 se
1218 2507 1264 2546 ad
1295 2506 1416 2546 claros
1448 2517 1485 2546 ct
1511 2506 1695 2560 sapientes
1726 2507 1840 2551 viros,

2214 1029 2223 1222 -ιὴ-η
2221 1003 2223 1011 -
2218 964 2223 979 -
