2223 3003
649 258 922 298 LIBER
981 258 1476 297 SECUNDUS,
1714 272 1756 311 51

370 374 448 401 non
465 368 610 414 egeant.
671 359 788 411 Qod
809 358 974 410 ass'equar
991 357 1177 410 profecm,
1208 358 1234 396 fi
1259 358 1430 396 instituta
1448 356 1652 410 perfecero.

427 430 487 466 Ac
507 426 607 466 mihi
638 427 797 478 quidem
816 424 1047 477 explicanda:
1073 424 1323 476 philosophiae
1343 425 1491 462 causam
1518 425 1645 462 attulit
1674 438 1759 477 gra-

373 493 429 531 vis
460 493 563 531 casus
593 490 771 533 civitatiS,
807 502 898 526 cum
929 489 969 525 in
988 489 1103 525 armis
1123 488 1302 526 civilibus
1324 503 1393 526 nec
1416 490 1512 527 tueri
1533 503 1620 527 meo
1655 503 1762 528 more

374 556 669 610 rempublicam,
690 566 760 591 nec
781 551 879 589 nihil
899 564 1021 603 agere,
1043 560 1214 602 poteram
1233 569 1244 594 ;
1276 565 1359 595 nec,
1382 554 1475 603 quid
1493 555 1635 604 potius,
1659 554 1763 606 quod

372 621 530 674 quidem
561 633 624 658 me
643 619 808 670 dignum
829 616 930 661 effet,
959 629 1124 668 agerem,
1155 616 1403 668 reperiebam.
1454 618 1615 655 Dabunt
1644 620 1762 670 igitur

373 686 474 727 mihi
499 685 649 725 veniam
681 685 759 723 mei
792 684 907 728 cives,
951 682 1009 721 vel
1044 682 1204 735 gratiam
1238 683 1366 735 potius
1399 681 1611 728 habebunt,
1644 686 1762 735 quod,

373 765 465 791 cum
485 751 574 790 effet
606 752 647 789 in
677 751 789 789 unius
809 749 988 802 potestate
1017 747 1243 800 respublica,
1275 761 1399 800 neque
1429 762 1500 801 ego
1531 762 1594 787 me
1620 749 1763 795 abdidi,

373 831 499 871 neque
527 816 684 860 deserui,
715 828 839 868 neque
869 813 1003 859 afflixi,
1035 827 1158 865 neque
1185 814 1236 852 ita
1258 813 1362 866 gesti,
1393 814 1495 866 quasi
1521 813 1674 853 homini
1700 825 1765 854 aut

373 883 610 936 temporibus
639 882 756 920 iratus
772 899 784 926 3
817 894 941 933 neque
974 881 1027 918 ita
1054 892 1167 932 porro
1200 887 1265 917 aut
1290 879 1478 925 adulatus,
1508 890 1573 918 aut
1598 881 1763 920 admira-

372 958 434 988 tus
454 947 650 988 fortunam
671 947 755 986 sum
775 947 944 991 alterius,
975 954 1018 984 ut
1048 959 1111 984 me
1130 958 1224 984 meae
1243 946 1459 998 poeniteret.
1492 946 1536 984 Id
1566 947 1671 986 enim
1701 948 1764 1000 ip-

372 1015 457 1054 sum
487 1029 508 1054 a
537 1015 710 1059 Platone,
739 1012 1059 1066 philosophiaque
1083 1012 1306 1058 didiceram,
1337 1013 1523 1051 naturales
1553 1013 1624 1051 effe
1652 1013 1764 1066 quas-

372 1081 463 1120 dam
493 1081 752 1120 conversiones
782 1092 908 1118 rerum
929 1078 1187 1131 publicarum,
1222 1087 1266 1117 ut
1295 1092 1346 1117 eae
1380 1088 1466 1117 tum
1485 1092 1506 1116 a
1524 1079 1764 1132 principibus

371 1155 604 1191 tenerentur,
635 1155 721 1184 tum
741 1159 762 1183 a
780 1145 947 1198 populis,
969 1144 1174 1196 aliquando
1192 1158 1213 1182 a
1232 1144 1403 1196 fingulis.
1449 1144 1568 1196 Qod
1588 1158 1680 1183 cum
1699 1159 1764 1184 ac-

369 1211 518 1250 cidifi‘et
537 1212 670 1250 nostrae
697 1210 934 1263 reipublicae,
963 1218 1050 1248 tum
1070 1209 1237 1262 pristinis
1268 1210 1392 1247 orbati
1422 1210 1647 1248 muneribus
1683 1210 1765 1249 haec

370 1277 494 1317 studia
512 1290 689 1316 renovare
709 1275 915 1329 coepimus,
938 1283 981 1313 ut
1004 1283 1043 1313 et
1061 1275 1211 1313 animus
1233 1274 1414 1313 molestiis
1434 1274 1506 1313 hac
1525 1275 1766 1328 potissimum

370 1357 410 1382 re
428 1343 628 1389 levaretur,
661 1351 700 1381 et
718 1340 975 1395 prodeffemus
995 1341 1144 1379 civibus
1165 1339 1297 1379 nostris
1319 1354 1395 1394 qua
1414 1354 1452 1378 re
1471 1354 1624 1393 cunque
1643 1341 1765 1393 poffe-

372 1423 474 1448 mus.
496 1411 543 1449 In
563 1409 670 1448 libris
690 1408 796 1447 enim
815 1407 1042 1447 sententiam
1061 1406 1298 1451 dicebamus,
1315 1406 1652 1452 concionabamur‚
1674 1406 1765 1460 phi-

371 1474 588 1527 losophiam
607 1475 717 1514 nobis
738 1488 807 1529 pro
827 1473 1048 1528 reipublicae
1059 1473 1326 1527 procuratione
1341 1472 1583 1515 substitutam
1602 1472 1764 1525 putaba-

371 1553 475 1580 mus.
513 1540 647 1586 Nunc,
682 1541 866 1594 quoniam
885 1540 931 1578 de
950 1540 1147 1594 republica
1166 1539 1314 1578 consuli
1333 1540 1453 1592 coepti
1472 1539 1617 1583 sumus,
1639 1539 1765 1577 tribu-

373 1605 470 1644 enda
487 1605 540 1643 est
570 1619 683 1658 opera
701 1606 934 1658 reipublicae,
964 1605 1024 1643 vel
1054 1605 1180 1643 omnis
1211 1605 1339 1656 potius
1370 1605 1410 1641 in
1444 1617 1485 1641 ea
1515 1603 1698 1654 cogitatio
1728 1613 1766 1641 et

372 1684 462 1709 cura
481 1671 656 1724 ponenda
670 1690 683 1716 ς
715 1680 867 1709 tantum
887 1669 980 1708 huic
1000 1669 1124 1708 studio
1144 1669 1456 1721 relinquendum,
1489 1676 1678 1720 quantum
1698 1682 1764 1707 va-

372 1737 475 1775 cabit
494 1750 514 1775 a
533 1734 709 1789 publicp⁷
713 1735 844 1774 officio
863 1744 901 1773 et
921 1748 1093 1773 munere.
1125 1735 1198 1773 Sed
1216 1733 1297 1772 haec
1317 1734 1406 1772 alias
1426 1733 1600 1785 pluribus
1619 1749 1628 1772 :
1660 1748 1764 1773 nunc

373 1803 418 1842 ad
437 1802 651 1842 institutam
671 1801 966 1855 disputationem
985 1809 1230 1839 revertamur.

427 1870 502 1908 ΙΙΙ.
534 1870 655 1915 Nam,
690 1882 783 1907 cum
814 1868 859 1906 de
889 1867 1122 1906 divinatione
1142 1867 1314 1920 Qintus
1334 1865 1449 1905 frater
1471 1879 1512 1904 ea
1531 1865 1764 1913 differuiffet‚

373 1949 457 1988 quae
476 1934 666 1988 superiore
696 1934 796 1972 libro
815 1933 952 1988 scripta
971 1933 1070 1979 sunt,
1093 1933 1252 1987 satisque
1282 1932 1526 1971 ambulatum
1545 1932 1736 1971 videretur
1751 1952 1764 1978 ;

372 2010 460 2040 tum
490 2001 531 2039 in
564 1999 812 2045 bibliotheca,
847 2014 932 2053 quae
951 2000 992 2038 in
1011 2000 1142 2051 Lyceo
1170 1999 1237 2045 est,
1264 1998 1478 2038 assedimus.
1529 1999 1659 2051 Atque
1678 2012 1764 2051 ego,

372 2069 563 2107 Accurate
582 2076 626 2106 tu
646 2067 819 2120 quidem,
851 2067 1026 2120 inquam,
1055 2066 1216 2118 Qinte‚
1236 2074 1274 2105 et
1295 2064 1420 2104 Stoice
1441 2064 1660 2104 Stoicorum
1680 2064 1766 2103 sen-

371 2134 536 2174 tentiam
547 2133 770 2173 defendisti:
789 2134 970 2186 quodque
987 2146 1050 2172 me
1065 2132 1235 2171 maxime
1250 2131 1422 2176 delectat,
1435 2130 1614 2184 plurimis
1631 2129 1766 2169 nostris

372 2201 561 2254 exemplis
581 2199 668 2238 usus
685 2212 738 2245 es,
769 2209 806 2237 et
835 2200 881 2238 iis
902 2199 1061 2252 quidem
1081 2198 1190 2236 claris
1217 2207 1254 2236 et
1274 2197 1497 2235 illustribus.
1539 2196 1766 2235 Dicendum

373 2266 425 2304 est
444 2264 543 2304 mihi
564 2265 682 2318 igitur
711 2264 758 2302 ad
777 2277 832 2310 ea,
863 2278 947 2317 quae
966 2264 1053 2302 sunt
1084 2277 1103 2300 a
1123 2272 1159 2301 te
1187 2263 1299 2308 dieta,
1330 2262 1393 2300 sed
1419 2263 1485 2306 ita,
1517 2259 1616 2299 nihil
1634 2270 1676 2299 ut
1706 2259 1766 2299 af-

375 2331 540 2378 firmem,
561 2345 729 2385 quaeram
749 2331 892 2377 omnia,
925 2330 1103 2368 dubitans
1123 2330 1367 2382 plerumque,
1401 2336 1440 2366 et
1459 2326 1559 2366 mihi
1590 2327 1667 2380 ipse
1687 2327 1766 2365 dif-

375 2395 509 2437 fidens.
556 2399 594 2437 Si
612 2399 719 2436 enim
738 2398 886 2450 aliquid
905 2397 999 2436 certi
1017 2395 1212 2442 haberem,
1243 2395 1347 2448 quod
1367 2394 1533 2433 dicerem
1551 2412 1562 2438 ;
1594 2407 1665 2446 ego
1690 2393 1768 2446 ipse

376 2462 600 2510 divinarem,
631 2466 699 2518 qui
723 2465 794 2504 effe
827 2465 1104 2504 divinationem
1123 2477 1234 2516 nego.
1285 2462 1446 2501 Etenim
1477 2473 1540 2498 me
1567 2468 1697 2498 movet
1716 2459 1767 2496 il-

375 2527 458 2571 lud,
496 2529 600 2579 quod
629 2531 670 2566 in
701 2530 836 2582 primis
869 2529 1080 2569 Carneades
1114 2541 1280 2582 quaerere
1310 2527 1466 2571 solebat,
1511 2536 1775 2576 quarumnam·

375 2606 506 2632 rerum
524 2593 708 2633 divinatio
728 2595 816 2635 esset
833 2614 845 2641 3
865 2609 1060 2641 earumne‚
1081 2609 1166 2648 quae
1186 2594 1350 2633 sensibus
1369 2589 1681 2645 perciperentur?
1711 2590 1769 2629 At

1371 2657 1408 2693 G
1443 2667 1463 2692 2
