2223 3003
369 179 413 222 18
653 181 757 221 DE
815 181 1466 224 DIVINATIONE

413 279 529 318 Num
564 287 602 318 te
631 279 678 318 ad
707 278 855 319 fabulas
885 293 1034 325 revoco,
1071 281 1130 319 vel
1159 281 1389 328 nostrorum,
1432 283 1494 321 vel
1525 282 1752 323 Graecorum

358 354 557 397 poetarum
577 345 591 382 ?
621 345 762 384 Narrat
781 345 885 383 enim
905 354 942 382 et
962 345 1062 396 apud
1082 346 1258 383 Ennium
1278 347 1438 384 Vestalis
1459 347 1523 385 illa
1539 366 1553 393 ς

493 411 628 450 Excita
645 423 724 449 cum
742 409 902 448 tremulis
919 423 1011 448 anus
1027 410 1157 450 attulit
1174 411 1311 450 artibu’
1330 412 1458 458 lumen,

492 473 598 513 Talia
615 483 857 513 commemorat
875 474 1087 528 lacrymans,
1117 477 1297 515 exterrita
1300 479 1424 530 somno
1436 495 1450 517 .-

488 539 674 593 Eurydica'
682 548 882 593 prognata,
905 549 1019 593 pater
1036 556 1141 595 quam
1160 542 1271 596 noster
1287 545 1443 589 amavit,

489 606 592 644 Vires
610 605 760 659 vitaque
777 607 897 659 corpu'
916 621 1027 646 meum
1045 622 1140 647 nunc
1157 607 1283 662 delerit
1300 623 1409 649 omne.

486 671 588 710 Nam
606 686 659 710 me
676 672 774 725 vfics
791 672 888 712 homo
898 673 1051 726 pulcher
1062 683 1133 727 per
1150 676 1428 729 amaenasalifi'a

486 737 542 775 Et
561 737 661 790 ripas
679 746 844 790 raptare,
874 738 1022 793 locosque
1037 753 1158 779 novos.
1199 742 1263 779 Ita
1267 741 1350 794 sola

486 802 572 855 Pest
589 803 664 848 illa,
689 817 866 856 germana
870 805 994 857 firor,
1023 820 1150 845 errare
1169 805 1332 852 videbar,

486 865 678 922 Tardaque
695 869 882 923 vestigare,
912 881 948 910 et
966 886 1126 925 quaerere
1144 881 1193 918 te,
1222 887 1331 926 neque
1342 872 1431 926 pff

484 933 599 972 Corde
616 934 794 988 capffre.
836 936 970 976 Semita
988 937 1086 977 nulla
1097 937 1220 992 pedem
1223 938 1427 991 stabilibat.

479 999 581 1038 Exin
599 1001 802 1054 compellare
811 1011 925 1056 pater
942 1018 995 1043 me
1013 1019 1097 1044 voce
1114 1003 1262 1044 videtur

479 1066 555 1105 His
573 1067 694 1106 verbis
708 1086 720 1113 ς
754 1070 789 1107 Ο
802 1079 936 1121 gnata,
967 1070 1038 1109 tibi
1036 1072 1133 1123 sitnt
1151 1079 1237 1109 ante
1249 1068 1416 1123 gerenda

478 1132 672 1172 AErumnae
685 1148 700 1171 .·
722 1133 800 1186 post
817 1149 860 1173 ex
865 1135 988 1187 fluvio
991 1135 1156 1187 fortuna
1173 1136 1315 1189 resgstet.

479 1198 574 1237 Haec
591 1197 716 1251 effatu’
727 1207 854 1251 pater,
879 1214 1068 1253 germana,
1098 1210 1241 1254 repente
1258 1201 1403 1254 recfft‚

477 1263 558 1301 Nec
561 1263 638 1316 stst'
655 1262 751 1302 dedit
768 1265 806 1303 in
824 1266 1038 1320 cotypefft‘um
1057 1266 1159 1306 corde
1175 1267 1316 1320 cupitus
1327 1283 1341 1306 .·

478 1329 692 1383 Quanquam
709 1331 825 1370 multa
843 1346 968 1371 manus
985 1332 1037 1371 ad
1050 1334 1131 1373 caeli
1145 1334 1279 1373 caerula
1297 1334 1428 1386 templa

475 1392 672 1435 Tendebam
690 1397 902 1451 lacrymans,
932 1409 968 1437 et
986 1399 1116 1438 blanda
1135 1414 1218 1439 voce
1236 1399 1420 1439 vocabam.

476 1461 561 1506 Vix,
590 1476 688 1516 aegro
707 1472 784 1502 tum
803 1463 905 1503 corde
922 1479 1007 1510 meo,
1037 1480 1089 1504 me
1093 1467 1234 1519 somnu’
1254 1466 1412 1519 reliquit.

388 1525 504 1565 XXI.
535 1528 650 1574 Haec,
679 1529 825 1568 etiamfi
856 1529 943 1569 fid'ca
974 1531 1060 1570 sunt
1095 1546 1115 1570 a
1139 1542 1264 1585 poeta,
1295 1546 1373 1571 non
1393 1530 1528 1570 absunt
1553 1539 1682 1570 tamen
1715 1545 1734 1569 a

335 1591 611 1630 consuetudine
641 1593 894 1633 somniorum.
942 1597 998 1634 Sit
1027 1596 1113 1635 sane
1132 1598 1250 1636 etiarn
1280 1597 1378 1635 illud
1399 1597 1732 1642 commentitium,

333 1671 412 1711 quo
430 1657 606 1697 Priamus
627 1657 680 1695 est
697 1659 962 1704 conturbatus,

469 1723 566 1774 Qia
583 1731 702 1761 mater
715 1724 878 1775 gravida
890 1734 1024 1776 parere
1028 1727 1074 1778 st
1090 1726 1403 1778 ardentemfilcem

471 1789 552 1841 Vfiz
571 1787 615 1842 est
634 1788 811 1841 insomnis
830 1789 1005 1829 Hecuba:
1036 1805 1101 1843 quo
1105 1791 1215 1843 fifflo
1227 1801 1338 1844 pater

469 1855 549 1892 Rex
567 1854 635 1907 ipse
654 1854 840 1899 Priamus,
856 1855 992 1908 somnio
1011 1856 1136 1894 mentis
1155 1867 1250 1895 metu

467 1920 671 1973 Perculsits,
701 1921 797 1959 curis
802 1922 972 1974 stcmptus
975 1922 1245 1974 suspirantibus

467 1985 753 2039 Exsacrfficabat
773 1985 886 2040 hostiis
905 1986 1122 2026 balantibus.

467 2049 559 2091 Tum
577 2051 799 2103 conjeHorem
810 2052 978 2105 postulat,
1002 2062 1126 2106 pacem
1138 2062 1275 2107 petens,

469 2118 519 2156 Ut
524 2119 569 2170 st
587 2116 738 2157 edoceret
758 2117 938 2171 obfi’crans
956 2120 1167 2172 Apollinem,

466 2184 623 2237 QOstſs'
642 2193 794 2222 vertant
814 2184 1250 2240 tantaesbrtcssomm'u‘m.

466 2250 524 2288 Ibi
540 2265 582 2288 ex
600 2251 715 2289 oraclo
733 2265 817 2289 voce
833 2249 958 2290 divina
977 2251 1083 2290 edidit

466 2316 617 2367 Apollo;
642 2326 809 2368 puerum,
833 2317 974 2369 primus
993 2318 1140 2357 Priamo
1160 2319 1330 2373 quisoret

468 2381 547 2433 Post
565 2381 626 2419 illa
645 2392 766 2427 natus,
798 2391 1012 2435 temperaret
1033 2385 1151 2422 tollere
1166 2401 1179 2422 .-

463 2447 558 2484 Eum
577 2446 635 2501 ‘ff'
653 2448 799 2487 exitium
819 2447 950 2501 ‘Trojae‚
966 2449 1091 2502 pestem
1114 2451 1302 2504 Pergamo.

328 2512 408 2550 §int
428 2510 522 2559 hmc,
547 2522 588 2552 ut
617 2513 714 2560 dixi,
746 2514 891 2554 somnia
921 2514 1135 2557 fabularum
1156 2533 1164 2558 :
1197 2516 1331 2571 hisque
1352 2517 1579 2572 adjungatur
1604 2518 1721 2558 ctiam
