2223 3003
723 283 825 321 DE
898 283 1372 323 ΑΜΙΟΙΤῙΛ.
1672 302 1750 342 327

348 379 525 418 redudws
546 379 592 417 ad
613 379 811 433 vesperum
830 381 883 419 est
902 395 921 419 a
941 381 1114 434 patribus
1136 383 1374 436 conscriptis,
1392 397 1412 421 a
1432 385 1577 438 populo
1598 387 1748 426 Roma-

348 459 412 491 no,
434 459 455 483 a
473 446 598 492 sociis,
619 455 657 484 et
680 447 842 492 Latinis,
872 447 996 499 pridie
1027 462 1143 500 quarn
1163 450 1316 487 exceffit
1336 464 1355 487 e
1382 453 1485 495 vita;
1518 462 1561 490 ut
1591 467 1639 492 ex
1668 465 1748 493 tam

346 511 424 549 alto
443 511 641 564 dignitatis
661 512 780 564 gradu
803 512 849 549 ad
865 511 1015 563 superos
1036 514 1208 551 videatur
1228 515 1370 566 potius,
1394 530 1511 568 quam
1527 518 1572 555 ad
1588 518 1744 565 inferos,

344 577 581 629 perveniffe:
618 591 743 630 neque
776 577 881 614 enim
914 577 1090 616 assentior
1118 579 1179 623 iis,
1214 580 1284 630 qui
1313 579 1394 618 haec
1426 596 1546 634 nuper
1575 585 1747 624 difl'erere

344 653 561 696 coeperunt,
592 657 684 681 cum
715 643 940 695 corporibus
974 643 1086 682 fimul
1112 645 1260 683 animos
1281 646 1449 693 interire,
1478 658 1592 701 atque
1615 653 1748 691 onmia

344 719 470 748 morte
489 709 619 746 deleri.

399 775 471 813 IV.
503 775 596 814 Plus
616 774 718 827 apud
737 788 801 813 me
821 774 1070 828 antiquorum
1089 776 1289 815 auctoritas
1310 778 1422 823 valet,
1450 780 1508 817 vel
1530 782 1748 823 nostrorum

344 841 551 893 majorum,
583 841 651 892 qui
671 841 834 879 mortuis
856 850 936 879 tam
956 841 1129 894 religiosa
1151 842 1238 894 jura
1257 843 1474 883 tribuerunt
1491 864 1502 890 ς
1535 848 1639 899 quod
1669 863 1747 887 non

341 905 513 944 feciffent
530 905 719 959 profecto,
749 907 775 944 fi
796 905 895 944 nihil
916 907 961 945 ad
981 920 1044 946 eos
1063 907 1252 960 pertinere
1271 909 1543 949 arbitrarentur
1555 931 1568 957 5
1599 913 1658 951 vel
1678 928 1745 953 eo-

341 986 445 1018 rum,
467 973 535 1025 qui
555 973 596 1011 in
616 972 688 1011 hac
709 981 807 1011 terra
823 972 994 1019 fuerunt,
1025 987 1282 1027 magnamque
1303 976 1493 1016 Graeciam
1517 978 1620 1030 (quae
1640 994 1745 1019 nunc

339 1039 501 1092 quidem
522 1039 644 1078 deleta
663 1039 728 1085 est,
751 1049 836 1078 tum
857 1040 1047 1092 florebat,)
1079 1040 1263 1079 institutis
1283 1051 1320 1079 et
1341 1044 1538 1096 praeceptis
1559 1044 1634 1083 suis
1654 1059 1744 1085 eru-

341 1105 521 1151 dierunt3
553 1106 612 1143 vel
633 1106 729 1157 ejus,
761 1106 830 1159 qui
851 1107 1046 1159 Apollinis
1067 1107 1222 1146 oraculo
1243 1107 1535 1160 sapientiffimus
1555 1111 1607 1149 est
1631 1113 1742 1164 judi-

339 1180 472 1217 catus;
504 1173 572 1224 qui
605 1185 682 1210 non
704 1181 788 1209 tum
809 1171 899 1217 hoc,
931 1182 1017 1210 tum
1037 1172 1150 1217 illud,
1188 1183 1230 1211 ut
1251 1174 1289 1211 in
1318 1174 1521 1227 plerisque,
1543 1176 1605 1214 sed
1638 1178 1744 1217 idem

338 1238 490 1276 dicebat
521 1238 681 1290 semper,
713 1238 862 1276 animos
894 1237 1103 1276 hominum
1133 1237 1203 1277 effe
1230 1239 1378 1278 divinos
1394 1259 1406 1285 3
1438 1241 1573 1294 iisque,
1604 1256 1695 1283 cum
1722 1258 1745 1282 e

337 1315 495 1355 corpore
515 1302 759 1348 excessissent,
782 1303 949 1342 reditum
970 1305 1010 1342 in
1031 1305 1168 1343 caelum
1189 1314 1330 1357 patere,
1352 1306 1581 1359 optimoque
1600 1317 1638 1347 et
1657 1309 1743 1360 jus-

338 1368 482 1408 tiffimo
501 1369 644 1422 cuique
663 1369 1007 1422 expeditiffimum.

392 1435 514 1487 Qod
542 1436 638 1474 item
665 1435 837 1488 Scipioni
862 1436 1089 1482 videbatur;
1127 1438 1194 1490 qui
1226 1438 1400 1490 quidem,
1433 1439 1535 1491 quafi
1565 1440 1741 1495 pra-sagi-

335 1510 407 1546 ret,
437 1502 636 1555 perpaucis
656 1511 742 1541 ante
762 1512 928 1541 mortem
949 1504 1085 1541 diebus
1119 1505 1229 1555 (cum
1255 1514 1292 1541 et
1311 1503 1462 1549 Philus,
1493 1514 1530 1543 et
1550 1507 1742 1546 Manilius

335 1567 514 1613 adeffent‚
544 1577 582 1606 et
608 1568 671 1605 alii
703 1568 846 1620 plures,
883 1578 1017 1621 tuque,
1047 1570 1177 1614 etiam,
1214 1570 1390 1614 Scaevola,
1427 1583 1583 1608 mecum
1616 1574 1741 1611 venis-

336 1633 409 1685 ses)
442 1633 615 1671 triduum
636 1632 804 1669 disseruit
824 1634 869 1669 de
900 1633 1121 1684 republica,
1153 1634 1262 1684 cujus
1283 1632 1548 1685 disputationis
1569 1635 1645 1674 fuit
1671 1650 1739 1676 ex-

335 1709 507 1739 tremum
526 1698 603 1737 fere
623 1699 669 1736 de
689 1698 980 1736 immortalitate
999 1699 1247 1745 animorum;
1279 1713 1364 1753 quae
1390 1701 1425 1738 se
1456 1701 1495 1739 in
1517 1703 1646 1753 quiete
1676 1718 1741 1756 per

334 1767 460 1806 visum
479 1780 527 1806 ex
547 1765 733 1805 Africano
752 1765 890 1804 audifl‘e
911 1766 1074 1803 dicebat.
1108 1766 1152 1804 Id
1173 1766 1197 1803 s1
1218 1767 1270 1804 ita
1288 1767 1353 1812 est,
1386 1777 1428 1805 ut
1448 1769 1589 1820 optimi
1610 1771 1739 1822 cujus-

335 1847 411 1886 que
431 1833 581 1872 animus
602 1833 642 1871 in
663 1841 788 1870 morte
807 1830 995 1870 facillime
1020 1832 1159 1877 evolet,
1191 1841 1374 1885 tanquam
1402 1847 1421 1870 e
1452 1834 1622 1872 custodia
1651 1837 1738 1874 vin-

334 1899 508 1952 culisque
541 1899 726 1952 corporis,
771 1899 834 1936 cui
868 1898 1067 1936 censemus
1106 1898 1260 1936 cursum
1301 1899 1346 1936 ad
1386 1900 1491 1937 Deos
1524 1899 1740 1940 faciliorem

333 1964 457 2010 fuisse,
479 1978 598 2017 quam
619 1963 823 2016 Scipioni?
857 1963 1051 2015 roirca
1082 1976 1243 2001 moerere
1270 1962 1344 2000 hoc
1375 1964 1454 2015 ejus
1487 1974 1640 2010 eventu,
1672 1980 1738 2004 ve-

333 2043 431 2075 reor,
452 2042 500 2068 ne
519 2029 642 2068 invidi
660 2029 797 2081 magis,
826 2041 945 2080 quam
963 2027 1094 2073 amici,
1129 2028 1187 2065 fit.
1233 2028 1298 2065 Sin
1325 2037 1454 2066 autem
1486 2029 1551 2066 illa
1582 2031 1737 2075 veriora,

333 2105 377 2134 ut
396 2095 501 2134 idem
525 2096 702 2134 interitus
724 2095 768 2133 s1t
799 2095 1032 2139 animorum,
1065 2103 1343 2146 etcorporum,
1376 2108 1445 2131 nec
1479 2094 1580 2132 ullus
1612 2095 1737 2134 sensus

332 2171 511 2207 maneat5
543 2171 586 2200 ut
606 2161 707 2200 nihil
741 2162 833 2199 boni
864 2161 916 2198 est
936 2162 977 2198 in
997 2170 1135 2205 morte,
1166 2160 1216 2198 fic
1236 2170 1338 2197 certe
1359 2158 1457 2196 nihil
1478 2160 1571 2198 mali
1590 2176 1598 2199 :
1632 2162 1738 2201 sensu

332 2230 440 2268 enim
465 2227 610 2273 amiffo,
642 2227 687 2265 fit
715 2227 833 2271 idem,
870 2227 971 2278 quafi
1007 2235 1116 2263 natus
1151 2239 1229 2263 non
1263 2225 1350 2263 esset
1384 2227 1574 2265 omnino:
1618 2242 1736 2280 quem

333 2303 463 2333 tamen
481 2293 553 2332 effe
586 2302 719 2331 natum
741 2300 779 2330 et
810 2304 878 2330 nos
898 2290 1125 2344 gaudemus,
1155 2299 1192 2328 et
1222 2289 1304 2329 haec
1334 2290 1482 2337 civitas,
1518 2293 1614 2331 dum
1648 2295 1735 2340 erit,

332 2360 539 2399 laetabitur.

389 2426 657 2477 Qamobrem
683 2439 775 2464 cum
806 2424 875 2463 illo
905 2424 1080 2477 quidem,
1117 2432 1159 2461 ut
1179 2423 1287 2477 supra
1307 2424 1402 2470 dixi,
1436 2426 1565 2463 actum
1585 2426 1735 2479 optime

333 2490 400 2536 est,
431 2504 587 2530 mecum
617 2491 934 2536 incommodius,
966 2503 1083 2543 quem
1114 2488 1237 2528 fuerat
1267 2491 1426 2542 aequius,
1459 2500 1502 2529 ut
1531 2492 1638 2544 prius
1668 2493 1732 2530 in-

331 2557 528 2603 troieram‚
557 2557 607 2596 fic
627 2559 731 2610 prius
751 2558 855 2596 exire
875 2558 922 2595 de
942 2557 1033 2595 vita.
1074 2555 1145 2593 Sed
1166 2564 1293 2594 tamen
1319 2557 1581 2595 recordatione
1600 2557 1733 2595 nostra:

330 2623 514 2664 amicitiae
539 2623 591 2664 fic
611 2622 732 2671 fruor,
766 2632 810 2664 ut
840 2623 948 2664 beate
978 2622 1111 2662 vixisse
1139 2621 1279 2668 videar,
1308 2623 1400 2676 quia
1428 2636 1521 2662 cum
1552 2623 1736 2676 Stipione
