<?xml version="1.0" encoding="UTF-8"?>
<!DOCTYPE html PUBLIC "-//W3C//DTD XHTML 1.0 Transitional//EN"
    "http://www.w3.org/TR/xhtml1/DTD/xhtml1-transitional.dtd">
<html xmlns="http://www.w3.org/1999/xhtml" xml:lang="en" lang="en">
 <head>
  <title>
</title>
<meta http-equiv="Content-Type" content="text/html;charset=utf-8" />
  <meta name='ocr-system' content='tesseract 3.04.00' />
  <meta name='ocr-capabilities' content='ocr_page ocr_carea ocr_par ocr_line ocrx_word'/>
</head>
<body>
  <div class='ocr_page' id='page_1' title='image "./operacumindicibu03ciceuoft_0356.png"; bbox 0 0 2223 3003; ppageno 0'>
   <div class='ocr_carea' id='block_1_1' title="bbox 509 244 1532 310">
    <p class='ocr_par' dir='ltr' id='par_1_1' title="bbox 509 244 1532 310">
     <span class='ocr_line' id='line_1_1' title="bbox 509 244 1532 310; baseline -0.006 -21"><span class='ocrx_word' id='word_1_1' title='bbox 509 269 591 310; x_wconf 75' lang='lat'>350</span> <span class='ocrx_word' id='word_1_2' title='bbox 882 249 987 287; x_wconf 86' lang='lat' dir='ltr'>DE</span> <span class='ocrx_word' id='word_1_3' title='bbox 1057 244 1532 285; x_wconf 84' lang='lat' dir='ltr'>AMICITIA.</span> 
     </span>
    </p>
   </div>
   <div class='ocr_carea' id='block_1_2' title="bbox 503 340 1918 2121">
    <p class='ocr_par' dir='ltr' id='par_1_2' title="bbox 503 340 1912 531">
     <span class='ocr_line' id='line_1_2' title="bbox 506 340 1910 397; baseline -0.009 -7"><span class='ocrx_word' id='word_1_4' title='bbox 506 361 539 379; x_wconf 73' lang='lat'>1‘</span> <span class='ocrx_word' id='word_1_5' title='bbox 560 357 735 393; x_wconf 82' lang='lat' dir='ltr'>narraret,</span> <span class='ocrx_word' id='word_1_6' title='bbox 757 344 985 386; x_wconf 85' lang='lat' dir='ltr'>habuiffet.’&#39;</span> <span class='ocrx_word' id='word_1_7' title='bbox 1017 343 1078 382; x_wconf 91' lang='lat' dir='ltr'>Sic</span> <span class='ocrx_word' id='word_1_8' title='bbox 1099 352 1231 382; x_wconf 85' lang='lat' dir='ltr'>natura</span> <span class='ocrx_word' id='word_1_9' title='bbox 1251 342 1463 381; x_wconf 86' lang='lat' dir='ltr'>solitarium</span> <span class='ocrx_word' id='word_1_10' title='bbox 1484 340 1584 380; x_wconf 89' lang='lat' dir='ltr'>nihil</span> <span class='ocrx_word' id='word_1_11' title='bbox 1605 349 1721 387; x_wconf 87' lang='lat' dir='ltr'>amat,</span> <span class='ocrx_word' id='word_1_12' title='bbox 1743 342 1910 397; x_wconf 76' lang='lat' dir='ltr'>semper-</span> 
     </span>
     <span class='ocr_line' id='line_1_3' title="bbox 509 407 1912 469; baseline -0.006 -15"><span class='ocrx_word' id='word_1_13' title='bbox 509 431 585 469; x_wconf 85' lang='lat' dir='ltr'>que</span> <span class='ocrx_word' id='word_1_14' title='bbox 616 415 661 452; x_wconf 92' lang='lat' dir='ltr'>ad</span> <span class='ocrx_word' id='word_1_15' title='bbox 681 412 837 465; x_wconf 85' lang='lat' dir='ltr'>aliquod</span> <span class='ocrx_word' id='word_1_16' title='bbox 868 421 1051 463; x_wconf 88' lang='lat' dir='ltr'>tanquam</span> <span class='ocrx_word' id='word_1_17' title='bbox 1072 408 1355 448; x_wconf 87' lang='lat' dir='ltr'>adminiculum</span> <span class='ocrx_word' id='word_1_18' title='bbox 1375 408 1561 447; x_wconf 85' lang='lat' dir='ltr'>annititur</span> <span class='ocrx_word' id='word_1_19' title='bbox 1575 426 1588 453; x_wconf 72' lang='lat'>5</span> <span class='ocrx_word' id='word_1_20' title='bbox 1619 407 1724 461; x_wconf 92' lang='lat' dir='ltr'>quod</span> <span class='ocrx_word' id='word_1_21' title='bbox 1750 408 1790 447; x_wconf 92' lang='lat' dir='ltr'>in</span> <span class='ocrx_word' id='word_1_22' title='bbox 1810 409 1912 447; x_wconf 82' lang='lat' dir='ltr'>ami-</span> 
     </span>
     <span class='ocr_line' id='line_1_4' title="bbox 503 475 1201 531; baseline -0.01 -11"><span class='ocrx_word' id='word_1_23' title='bbox 503 481 654 520; x_wconf 82' lang='lat' dir='ltr'>ciflimo</span> <span class='ocrx_word' id='word_1_24' title='bbox 674 491 830 531; x_wconf 92' lang='lat' dir='ltr'>quoque</span> <span class='ocrx_word' id='word_1_25' title='bbox 850 476 1114 516; x_wconf 85' lang='lat' dir='ltr'>dulciffimum</span> <span class='ocrx_word' id='word_1_26' title='bbox 1135 475 1201 514; x_wconf 89' lang='lat' dir='ltr'>est.</span> 
     </span>
    </p>

    <p class='ocr_par' dir='ltr' id='par_1_3' title="bbox 503 540 1912 1063">
     <span class='ocr_line' id='line_1_5' title="bbox 562 540 1910 595; baseline -0.004 -11"><span class='ocrx_word' id='word_1_27' title='bbox 562 546 714 585; x_wconf 91' lang='lat' dir='ltr'>XXIV.</span> <span class='ocrx_word' id='word_1_28' title='bbox 748 544 834 589; x_wconf 90' lang='lat' dir='ltr'>Sed,</span> <span class='ocrx_word' id='word_1_29' title='bbox 857 542 949 581; x_wconf 72' lang='lat' dir='ltr'>cum</span> <span class='ocrx_word' id='word_1_30' title='bbox 970 551 1027 581; x_wconf 91' lang='lat' dir='ltr'>tot</span> <span class='ocrx_word' id='word_1_31' title='bbox 1046 542 1160 595; x_wconf 84' lang='lat' dir='ltr'>fignis</span> <span class='ocrx_word' id='word_1_32' title='bbox 1180 541 1314 580; x_wconf 90' lang='lat' dir='ltr'>eadem</span> <span class='ocrx_word' id='word_1_33' title='bbox 1336 550 1469 580; x_wconf 90' lang='lat' dir='ltr'>natura</span> <span class='ocrx_word' id='word_1_34' title='bbox 1487 540 1666 585; x_wconf 86' lang='lat' dir='ltr'>declaret,</span> <span class='ocrx_word' id='word_1_35' title='bbox 1688 540 1785 593; x_wconf 89' lang='lat' dir='ltr'>quid</span> <span class='ocrx_word' id='word_1_36' title='bbox 1803 540 1910 586; x_wconf 85' lang='lat' dir='ltr'>velit,</span> 
     </span>
     <span class='ocr_line' id='line_1_6' title="bbox 505 605 1910 664; baseline -0.004 -14"><span class='ocrx_word' id='word_1_37' title='bbox 505 612 696 664; x_wconf 80' lang='lat' dir='ltr'>anquirat,</span> <span class='ocrx_word' id='word_1_38' title='bbox 724 624 767 648; x_wconf 90' lang='lat' dir='ltr'>ac</span> <span class='ocrx_word' id='word_1_39' title='bbox 800 609 996 653; x_wconf 80' lang='lat' dir='ltr'>defideret,</span> <span class='ocrx_word' id='word_1_40' title='bbox 1031 607 1335 646; x_wconf 87' lang='lat' dir='ltr'>obsurdescimus</span> <span class='ocrx_word' id='word_1_41' title='bbox 1367 617 1495 646; x_wconf 90' lang='lat' dir='ltr'>tamen</span> <span class='ocrx_word' id='word_1_42' title='bbox 1527 606 1652 645; x_wconf 91' lang='lat' dir='ltr'>nescio</span> <span class='ocrx_word' id='word_1_43' title='bbox 1683 605 1883 659; x_wconf 90' lang='lat' dir='ltr'>quomodo</span> <span class='ocrx_word' id='word_1_44' title='bbox 1896 624 1910 652; x_wconf 79' lang='lat'>;</span> 
     </span>
     <span class='ocr_line' id='line_1_7' title="bbox 509 673 1912 731; baseline -0.004 -14"><span class='ocrx_word' id='word_1_45' title='bbox 509 693 578 717; x_wconf 88' lang='lat' dir='ltr'>nec</span> <span class='ocrx_word' id='word_1_46' title='bbox 598 692 652 724; x_wconf 86' lang='lat' dir='ltr'>ea,</span> <span class='ocrx_word' id='word_1_47' title='bbox 675 691 760 731; x_wconf 85' lang='lat' dir='ltr'>quae</span> <span class='ocrx_word' id='word_1_48' title='bbox 780 677 827 715; x_wconf 87' lang='lat' dir='ltr'>ab</span> <span class='ocrx_word' id='word_1_49' title='bbox 847 690 890 714; x_wconf 88' lang='lat' dir='ltr'>ea</span> <span class='ocrx_word' id='word_1_50' title='bbox 909 688 1129 719; x_wconf 87' lang='lat' dir='ltr'>monemur,</span> <span class='ocrx_word' id='word_1_51' title='bbox 1151 674 1345 713; x_wconf 86' lang='lat' dir='ltr'>audimus.</span> <span class='ocrx_word' id='word_1_52' title='bbox 1392 674 1459 712; x_wconf 84' lang='lat' dir='ltr'>Est</span> <span class='ocrx_word' id='word_1_53' title='bbox 1480 675 1584 712; x_wconf 87' lang='lat' dir='ltr'>enim</span> <span class='ocrx_word' id='word_1_54' title='bbox 1604 673 1728 712; x_wconf 88' lang='lat' dir='ltr'>varius</span> <span class='ocrx_word' id='word_1_55' title='bbox 1749 682 1785 711; x_wconf 90' lang='lat' dir='ltr'>et</span> <span class='ocrx_word' id='word_1_56' title='bbox 1806 673 1912 711; x_wconf 87' lang='lat' dir='ltr'>rnul-</span> 
     </span>
     <span class='ocr_line' id='line_1_8' title="bbox 507 738 1912 798; baseline -0.004 -15"><span class='ocrx_word' id='word_1_57' title='bbox 507 746 631 798; x_wconf 83' lang='lat' dir='ltr'>tiplex</span> <span class='ocrx_word' id='word_1_58' title='bbox 652 744 738 782; x_wconf 89' lang='lat' dir='ltr'>usus</span> <span class='ocrx_word' id='word_1_59' title='bbox 758 742 952 787; x_wconf 82' lang='lat' dir='ltr'>amicitiae,</span> <span class='ocrx_word' id='word_1_60' title='bbox 985 741 1196 792; x_wconf 85' lang='lat' dir='ltr'>multaeque</span> <span class='ocrx_word' id='word_1_61' title='bbox 1216 740 1333 778; x_wconf 86' lang='lat' dir='ltr'>causae</span> <span class='ocrx_word' id='word_1_62' title='bbox 1354 739 1613 792; x_wconf 89' lang='lat' dir='ltr'>suspicionum</span> <span class='ocrx_word' id='word_1_63' title='bbox 1634 738 1912 778; x_wconf 83' lang='lat' dir='ltr'>offenfionum-</span> 
     </span>
     <span class='ocr_line' id='line_1_9' title="bbox 503 805 1912 864; baseline -0.003 -16"><span class='ocrx_word' id='word_1_64' title='bbox 503 825 585 864; x_wconf 72' lang='lat' dir='ltr'>,que</span> <span class='ocrx_word' id='word_1_65' title='bbox 606 811 744 849; x_wconf 88' lang='lat' dir='ltr'>dantur</span> <span class='ocrx_word' id='word_1_66' title='bbox 761 828 771 854; x_wconf 64' lang='grc' dir='ltr'><strong><em>ς</em></strong></span> <span class='ocrx_word' id='word_1_67' title='bbox 803 822 896 861; x_wconf 91' lang='lat' dir='ltr'>quas</span> <span class='ocrx_word' id='word_1_68' title='bbox 919 817 1004 846; x_wconf 89' lang='lat' dir='ltr'>tum</span> <span class='ocrx_word' id='word_1_69' title='bbox 1024 807 1177 851; x_wconf 83' lang='lat' dir='ltr'>evitare,</span> <span class='ocrx_word' id='word_1_70' title='bbox 1211 815 1297 844; x_wconf 89' lang='lat' dir='ltr'>tum</span> <span class='ocrx_word' id='word_1_71' title='bbox 1316 806 1473 851; x_wconf 82' lang='lat' dir='ltr'>elevare,</span> <span class='ocrx_word' id='word_1_72' title='bbox 1493 816 1581 845; x_wconf 89' lang='lat' dir='ltr'>turn</span> <span class='ocrx_word' id='word_1_73' title='bbox 1602 805 1711 851; x_wconf 90' lang='lat' dir='ltr'>ferre,</span> <span class='ocrx_word' id='word_1_74' title='bbox 1734 805 1912 859; x_wconf 88' lang='lat' dir='ltr'>sapientis</span> 
     </span>
     <span class='ocr_line' id='line_1_10' title="bbox 507 864 1912 918; baseline -0.004 -1"><span class='ocrx_word' id='word_1_75' title='bbox 507 864 602 917; x_wconf 47' lang='lat' dir='ltr'>estsv</span> <span class='ocrx_word' id='word_1_76' title='bbox 619 879 707 916; x_wconf 92' lang='lat' dir='ltr'>Una</span> <span class='ocrx_word' id='word_1_77' title='bbox 728 876 792 914; x_wconf 87' lang='lat' dir='ltr'>illa</span> <span class='ocrx_word' id='word_1_78' title='bbox 811 874 1041 913; x_wconf 72' lang='lat' dir='ltr'>sublevanda</span> <span class='ocrx_word' id='word_1_79' title='bbox 1071 872 1228 911; x_wconf 87' lang='lat' dir='ltr'>offenfio</span> <span class='ocrx_word' id='word_1_80' title='bbox 1256 872 1323 916; x_wconf 91' lang='lat' dir='ltr'>est,</span> <span class='ocrx_word' id='word_1_81' title='bbox 1356 881 1400 910; x_wconf 89' lang='lat' dir='ltr'>ut</span> <span class='ocrx_word' id='word_1_82' title='bbox 1428 882 1466 910; x_wconf 93' lang='lat' dir='ltr'>et</span> <span class='ocrx_word' id='word_1_83' title='bbox 1487 873 1632 911; x_wconf 85' lang='lat' dir='ltr'>utilitas</span> <span class='ocrx_word' id='word_1_84' title='bbox 1663 874 1703 911; x_wconf 90' lang='lat' dir='ltr'>in</span> <span class='ocrx_word' id='word_1_85' title='bbox 1727 873 1912 918; x_wconf 83' lang='lat' dir='ltr'>amicitia,</span> 
     </span>
     <span class='ocr_line' id='line_1_11' title="bbox 507 936 1912 991; baseline -0.004 -8"><span class='ocrx_word' id='word_1_86' title='bbox 507 955 545 982; x_wconf 82' lang='lat' dir='ltr'>et</span> <span class='ocrx_word' id='word_1_87' title='bbox 566 943 657 982; x_wconf 90' lang='lat' dir='ltr'>fides</span> <span class='ocrx_word' id='word_1_88' title='bbox 678 943 897 980; x_wconf 87' lang='lat' dir='ltr'>retineatur.</span> <span class='ocrx_word' id='word_1_89' title='bbox 930 940 1035 979; x_wconf 86' lang='lat' dir='ltr'>Nam</span> <span class='ocrx_word' id='word_1_90' title='bbox 1056 948 1094 977; x_wconf 89' lang='lat' dir='ltr'>et</span> <span class='ocrx_word' id='word_1_91' title='bbox 1113 938 1297 977; x_wconf 90' lang='lat' dir='ltr'>monendi</span> <span class='ocrx_word' id='word_1_92' title='bbox 1328 937 1445 976; x_wconf 80' lang='lat' dir='ltr'>amici</span> <span class='ocrx_word' id='word_1_93' title='bbox 1464 936 1558 991; x_wconf 87' lang='lat' dir='ltr'>saepe</span> <span class='ocrx_word' id='word_1_94' title='bbox 1579 938 1678 984; x_wconf 92' lang='lat' dir='ltr'>sunt,</span> <span class='ocrx_word' id='word_1_95' title='bbox 1710 948 1748 977; x_wconf 87' lang='lat' dir='ltr'>et</span> <span class='ocrx_word' id='word_1_96' title='bbox 1777 939 1912 991; x_wconf 88' lang='lat' dir='ltr'>objur-</span> 
     </span>
     <span class='ocr_line' id='line_1_12' title="bbox 507 1003 1673 1063; baseline -0.005 -15"><span class='ocrx_word' id='word_1_97' title='bbox 507 1009 623 1063; x_wconf 85' lang='lat' dir='ltr'>gandi</span> <span class='ocrx_word' id='word_1_98' title='bbox 638 1027 650 1054; x_wconf 73' lang='lat'><em>3</em></span> <span class='ocrx_word' id='word_1_99' title='bbox 682 1017 720 1047; x_wconf 90' lang='lat' dir='ltr'>et</span> <span class='ocrx_word' id='word_1_100' title='bbox 740 1006 822 1045; x_wconf 86' lang='lat' dir='ltr'>haec</span> <span class='ocrx_word' id='word_1_101' title='bbox 843 1004 1064 1058; x_wconf 89' lang='lat' dir='ltr'>accipienda</span> <span class='ocrx_word' id='word_1_102' title='bbox 1082 1004 1220 1049; x_wconf 88' lang='lat' dir='ltr'>amice,</span> <span class='ocrx_word' id='word_1_103' title='bbox 1242 1017 1334 1042; x_wconf 89' lang='lat' dir='ltr'>cum</span> <span class='ocrx_word' id='word_1_104' title='bbox 1356 1003 1540 1041; x_wconf 87' lang='lat' dir='ltr'>benevole</span> <span class='ocrx_word' id='word_1_105' title='bbox 1560 1003 1673 1042; x_wconf 89' lang='lat' dir='ltr'>fiunt.</span> 
     </span>
    </p>

    <p class='ocr_par' dir='ltr' id='par_1_4' title="bbox 505 1068 1911 1186">
     <span class='ocr_line' id='line_1_13' title="bbox 564 1068 1911 1126; baseline -0.004 -13"><span class='ocrx_word' id='word_1_106' title='bbox 564 1075 636 1113; x_wconf 88' lang='lat' dir='ltr'>Sed</span> <span class='ocrx_word' id='word_1_107' title='bbox 674 1073 801 1113; x_wconf 90' lang='lat' dir='ltr'>nescio</span> <span class='ocrx_word' id='word_1_108' title='bbox 834 1071 1034 1126; x_wconf 86' lang='lat' dir='ltr'>quomodo</span> <span class='ocrx_word' id='word_1_109' title='bbox 1067 1084 1203 1110; x_wconf 90' lang='lat' dir='ltr'>verum</span> <span class='ocrx_word' id='word_1_110' title='bbox 1238 1069 1305 1116; x_wconf 92' lang='lat' dir='ltr'>est,</span> <span class='ocrx_word' id='word_1_111' title='bbox 1337 1069 1442 1123; x_wconf 89' lang='lat' dir='ltr'>quod</span> <span class='ocrx_word' id='word_1_112' title='bbox 1475 1070 1516 1108; x_wconf 94' lang='lat' dir='ltr'>in</span> <span class='ocrx_word' id='word_1_113' title='bbox 1537 1070 1685 1110; x_wconf 85' lang='lat' dir='ltr'>Andria</span> <span class='ocrx_word' id='word_1_114' title='bbox 1713 1068 1911 1109; x_wconf 82' lang='lat' dir='ltr'>familiaris</span> 
     </span>
     <span class='ocr_line' id='line_1_14' title="bbox 505 1142 761 1186; baseline -0.012 -4"><span class='ocrx_word' id='word_1_115' title='bbox 505 1155 618 1182; x_wconf 86' lang='lat' dir='ltr'>meus</span> <span class='ocrx_word' id='word_1_116' title='bbox 640 1142 735 1180; x_wconf 90' lang='lat' dir='ltr'>dicit</span> <span class='ocrx_word' id='word_1_117' title='bbox 748 1159 761 1186; x_wconf 80' lang='lat'>3</span> 
     </span>
    </p>

    <p class='ocr_par' dir='ltr' id='par_1_5' title="bbox 649 1205 1471 1262">
     <span class='ocr_line' id='line_1_15' title="bbox 649 1205 1471 1262; baseline -0.004 -15"><span class='ocrx_word' id='word_1_118' title='bbox 649 1206 859 1262; x_wconf 51' lang='lat' dir='ltr'>Obsequium</span> <span class='ocrx_word' id='word_1_119' title='bbox 876 1207 1017 1252; x_wconf 84' lang='lat' dir='ltr'>amicos,</span> <span class='ocrx_word' id='word_1_120' title='bbox 1047 1207 1188 1246; x_wconf 82' lang='lat' dir='ltr'>veritas</span> <span class='ocrx_word' id='word_1_121' title='bbox 1207 1205 1334 1251; x_wconf 80' lang='lat' dir='ltr'>odium,</span> <span class='ocrx_word' id='word_1_122' title='bbox 1350 1205 1471 1258; x_wconf 81' lang='lat' dir='ltr'>parit.</span> 
     </span>
    </p>

    <p class='ocr_par' dir='ltr' id='par_1_6' title="bbox 504 1267 1918 1975">
     <span class='ocr_line' id='line_1_16' title="bbox 508 1267 1915 1325; baseline -0.006 -11"><span class='ocrx_word' id='word_1_123' title='bbox 508 1274 676 1314; x_wconf 90' lang='lat' dir='ltr'>Molesta</span> <span class='ocrx_word' id='word_1_124' title='bbox 694 1275 828 1314; x_wconf 84' lang='lat' dir='ltr'>veritas</span> <span class='ocrx_word' id='word_1_125' title='bbox 858 1273 926 1317; x_wconf 90' lang='lat' dir='ltr'>est,</span> <span class='ocrx_word' id='word_1_126' title='bbox 959 1274 986 1311; x_wconf 92' lang='lat' dir='ltr'>fi</span> <span class='ocrx_word' id='word_1_127' title='bbox 1006 1273 1166 1325; x_wconf 88' lang='lat' dir='ltr'>quidem</span> <span class='ocrx_word' id='word_1_128' title='bbox 1197 1285 1245 1310; x_wconf 87' lang='lat' dir='ltr'>ex</span> <span class='ocrx_word' id='word_1_129' title='bbox 1265 1286 1306 1310; x_wconf 90' lang='lat' dir='ltr'>ea</span> <span class='ocrx_word' id='word_1_130' title='bbox 1325 1271 1492 1310; x_wconf 90' lang='lat' dir='ltr'>nascitur</span> <span class='ocrx_word' id='word_1_131' title='bbox 1511 1270 1645 1308; x_wconf 93' lang='lat' dir='ltr'>odium</span> <span class='ocrx_word' id='word_1_132' title='bbox 1663 1287 1676 1315; x_wconf 84' lang='lat'>;</span> <span class='ocrx_word' id='word_1_133' title='bbox 1709 1267 1834 1321; x_wconf 90' lang='lat' dir='ltr'>(quod</span> <span class='ocrx_word' id='word_1_134' title='bbox 1861 1268 1915 1307; x_wconf 90' lang='lat' dir='ltr'>est</span> 
     </span>
     <span class='ocr_line' id='line_1_17' title="bbox 508 1334 1913 1391; baseline -0.005 -13"><span class='ocrx_word' id='word_1_135' title='bbox 508 1353 702 1379; x_wconf 89' lang='lat' dir='ltr'>venenum</span> <span class='ocrx_word' id='word_1_136' title='bbox 723 1338 928 1389; x_wconf 64' lang='lat' dir='ltr'>amicitiae)</span> <span class='ocrx_word' id='word_1_137' title='bbox 961 1338 1022 1376; x_wconf 90' lang='lat' dir='ltr'>sed</span> <span class='ocrx_word' id='word_1_138' title='bbox 1042 1337 1271 1391; x_wconf 89' lang='lat' dir='ltr'>obsequium</span> <span class='ocrx_word' id='word_1_139' title='bbox 1291 1337 1417 1375; x_wconf 88' lang='lat' dir='ltr'>multo</span> <span class='ocrx_word' id='word_1_140' title='bbox 1445 1335 1658 1381; x_wconf 90' lang='lat' dir='ltr'>molestius,</span> <span class='ocrx_word' id='word_1_141' title='bbox 1679 1334 1798 1387; x_wconf 93' lang='lat' dir='ltr'>quod,</span> <span class='ocrx_word' id='word_1_142' title='bbox 1820 1347 1913 1386; x_wconf 90' lang='lat' dir='ltr'>pec-</span> 
     </span>
     <span class='ocr_line' id='line_1_18' title="bbox 507 1401 1912 1458; baseline -0.005 -13"><span class='ocrx_word' id='word_1_143' title='bbox 507 1407 600 1445; x_wconf 88' lang='lat' dir='ltr'>catis</span> <span class='ocrx_word' id='word_1_144' title='bbox 634 1406 853 1458; x_wconf 82' lang='lat' dir='ltr'>indulgens,</span> <span class='ocrx_word' id='word_1_145' title='bbox 887 1404 1128 1457; x_wconf 85' lang='lat' dir='ltr'>praecipitem</span> <span class='ocrx_word' id='word_1_146' title='bbox 1147 1404 1320 1442; x_wconf 90' lang='lat' dir='ltr'>amicum</span> <span class='ocrx_word' id='word_1_147' title='bbox 1341 1401 1430 1440; x_wconf 90' lang='lat' dir='ltr'>ferri</span> <span class='ocrx_word' id='word_1_148' title='bbox 1450 1402 1550 1440; x_wconf 87' lang='lat' dir='ltr'>finit.</span> <span class='ocrx_word' id='word_1_149' title='bbox 1583 1401 1764 1440; x_wconf 83' lang='lat' dir='ltr'>Maxima</span> <span class='ocrx_word' id='word_1_150' title='bbox 1782 1410 1912 1438; x_wconf 90' lang='lat' dir='ltr'>autem</span> 
     </span>
     <span class='ocr_line' id='line_1_19' title="bbox 509 1467 1914 1526; baseline -0.006 -14"><span class='ocrx_word' id='word_1_151' title='bbox 509 1474 623 1526; x_wconf 91' lang='lat' dir='ltr'>culpa</span> <span class='ocrx_word' id='word_1_152' title='bbox 642 1474 681 1511; x_wconf 90' lang='lat' dir='ltr'>in</span> <span class='ocrx_word' id='word_1_153' title='bbox 714 1485 758 1510; x_wconf 90' lang='lat' dir='ltr'>eo</span> <span class='ocrx_word' id='word_1_154' title='bbox 778 1470 844 1515; x_wconf 90' lang='lat' dir='ltr'>est,</span> <span class='ocrx_word' id='word_1_155' title='bbox 877 1470 946 1522; x_wconf 87' lang='lat' dir='ltr'>qui</span> <span class='ocrx_word' id='word_1_156' title='bbox 966 1479 1004 1507; x_wconf 89' lang='lat' dir='ltr'>et</span> <span class='ocrx_word' id='word_1_157' title='bbox 1023 1470 1224 1508; x_wconf 87' lang='lat' dir='ltr'>veritatem</span> <span class='ocrx_word' id='word_1_158' title='bbox 1255 1469 1485 1520; x_wconf 89' lang='lat' dir='ltr'>aspernatur,</span> <span class='ocrx_word' id='word_1_159' title='bbox 1517 1478 1554 1505; x_wconf 90' lang='lat' dir='ltr'>et</span> <span class='ocrx_word' id='word_1_160' title='bbox 1585 1468 1626 1505; x_wconf 90' lang='lat' dir='ltr'>in</span> <span class='ocrx_word' id='word_1_161' title='bbox 1646 1467 1821 1504; x_wconf 89' lang='lat' dir='ltr'>fraudem</span> <span class='ocrx_word' id='word_1_162' title='bbox 1841 1467 1914 1504; x_wconf 90' lang='lat' dir='ltr'>ob-</span> 
     </span>
     <span class='ocr_line' id='line_1_20' title="bbox 508 1532 1916 1592; baseline -0.006 -14"><span class='ocrx_word' id='word_1_163' title='bbox 508 1539 640 1592; x_wconf 86' lang='lat' dir='ltr'>sequio</span> <span class='ocrx_word' id='word_1_164' title='bbox 659 1537 888 1590; x_wconf 90' lang='lat' dir='ltr'>impellitur.</span> <span class='ocrx_word' id='word_1_165' title='bbox 937 1536 1062 1574; x_wconf 90' lang='lat' dir='ltr'>Omni</span> <span class='ocrx_word' id='word_1_166' title='bbox 1082 1535 1202 1588; x_wconf 84' lang='lat' dir='ltr'>igitur</span> <span class='ocrx_word' id='word_1_167' title='bbox 1221 1533 1292 1572; x_wconf 89' lang='lat' dir='ltr'>hac</span> <span class='ocrx_word' id='word_1_168' title='bbox 1312 1534 1353 1571; x_wconf 91' lang='lat' dir='ltr'>in</span> <span class='ocrx_word' id='word_1_169' title='bbox 1374 1547 1412 1572; x_wconf 90' lang='lat' dir='ltr'>re</span> <span class='ocrx_word' id='word_1_170' title='bbox 1443 1532 1620 1572; x_wconf 81' lang='lat' dir='ltr'>habenda</span> <span class='ocrx_word' id='word_1_171' title='bbox 1640 1533 1735 1571; x_wconf 87' lang='lat' dir='ltr'>ratio</span> <span class='ocrx_word' id='word_1_172' title='bbox 1766 1542 1804 1570; x_wconf 91' lang='lat' dir='ltr'>et</span> <span class='ocrx_word' id='word_1_173' title='bbox 1824 1532 1916 1570; x_wconf 85' lang='lat' dir='ltr'>dili-</span> 
     </span>
     <span class='ocr_line' id='line_1_21' title="bbox 508 1599 1917 1659; baseline -0.004 -15"><span class='ocrx_word' id='word_1_174' title='bbox 508 1606 637 1659; x_wconf 89' lang='lat' dir='ltr'>gentia</span> <span class='ocrx_word' id='word_1_175' title='bbox 669 1604 722 1643; x_wconf 88' lang='lat' dir='ltr'>est</span> <span class='ocrx_word' id='word_1_176' title='bbox 738 1622 750 1649; x_wconf 63' lang='grc' dir='ltr'><strong><em>ς</em></strong></span> <span class='ocrx_word' id='word_1_177' title='bbox 782 1603 970 1656; x_wconf 89' lang='lat' dir='ltr'>primum,</span> <span class='ocrx_word' id='word_1_178' title='bbox 1003 1611 1047 1640; x_wconf 91' lang='lat' dir='ltr'>ut</span> <span class='ocrx_word' id='word_1_179' title='bbox 1081 1601 1247 1640; x_wconf 90' lang='lat' dir='ltr'>monitio</span> <span class='ocrx_word' id='word_1_180' title='bbox 1281 1600 1500 1645; x_wconf 88' lang='lat' dir='ltr'>acerbitate,</span> <span class='ocrx_word' id='word_1_181' title='bbox 1533 1599 1670 1638; x_wconf 89' lang='lat' dir='ltr'>deinde</span> <span class='ocrx_word' id='word_1_182' title='bbox 1700 1599 1917 1652; x_wconf 88' lang='lat' dir='ltr'>objurgatio</span> 
     </span>
     <span class='ocr_line' id='line_1_22' title="bbox 507 1666 1918 1721; baseline -0.004 -10"><span class='ocrx_word' id='word_1_183' title='bbox 507 1671 761 1716; x_wconf 70' lang='lat' dir='ltr'>contumelia,</span> <span class='ocrx_word' id='word_1_184' title='bbox 788 1679 938 1708; x_wconf 88' lang='lat' dir='ltr'>careat:</span> <span class='ocrx_word' id='word_1_185' title='bbox 981 1669 1021 1707; x_wconf 89' lang='lat' dir='ltr'>in</span> <span class='ocrx_word' id='word_1_186' title='bbox 1052 1668 1236 1721; x_wconf 91' lang='lat' dir='ltr'>obsequio</span> <span class='ocrx_word' id='word_1_187' title='bbox 1266 1677 1396 1706; x_wconf 89' lang='lat' dir='ltr'>autem</span> <span class='ocrx_word' id='word_1_188' title='bbox 1434 1667 1650 1719; x_wconf 88' lang='lat' dir='ltr'>(quoniam</span> <span class='ocrx_word' id='word_1_189' title='bbox 1681 1666 1918 1705; x_wconf 88' lang='lat' dir='ltr'>Terentiano</span> 
     </span>
     <span class='ocr_line' id='line_1_23' title="bbox 508 1732 1915 1787; baseline -0.004 -9"><span class='ocrx_word' id='word_1_190' title='bbox 508 1740 625 1778; x_wconf 71' lang='lat' dir='ltr'>verbo</span> <span class='ocrx_word' id='word_1_191' title='bbox 655 1738 833 1776; x_wconf 87' lang='lat' dir='ltr'>lubenter</span> <span class='ocrx_word' id='word_1_192' title='bbox 864 1736 1030 1787; x_wconf 88' lang='lat' dir='ltr'>utimur)</span> <span class='ocrx_word' id='word_1_193' title='bbox 1063 1735 1225 1774; x_wconf 86' lang='lat' dir='ltr'>comitas</span> <span class='ocrx_word' id='word_1_194' title='bbox 1247 1734 1367 1779; x_wconf 82' lang='lat' dir='ltr'>adsit;</span> <span class='ocrx_word' id='word_1_195' title='bbox 1399 1732 1609 1779; x_wconf 84' lang='lat' dir='ltr'>assentatio,</span> <span class='ocrx_word' id='word_1_196' title='bbox 1641 1733 1826 1771; x_wconf 90' lang='lat' dir='ltr'>vitiorum</span> <span class='ocrx_word' id='word_1_197' title='bbox 1847 1733 1915 1772; x_wconf 89' lang='lat' dir='ltr'>ad-</span> 
     </span>
     <span class='ocr_line' id='line_1_24' title="bbox 504 1799 1917 1859; baseline -0.004 -14"><span class='ocrx_word' id='word_1_198' title='bbox 504 1807 642 1859; x_wconf 89' lang='lat' dir='ltr'>jutrix,</span> <span class='ocrx_word' id='word_1_199' title='bbox 675 1803 811 1857; x_wconf 90' lang='lat' dir='ltr'>procul</span> <span class='ocrx_word' id='word_1_200' title='bbox 832 1810 1082 1847; x_wconf 71' lang='lat' dir='ltr'>amoveatur,</span> <span class='ocrx_word' id='word_1_201' title='bbox 1114 1815 1199 1854; x_wconf 86' lang='lat' dir='ltr'>quae</span> <span class='ocrx_word' id='word_1_202' title='bbox 1226 1815 1304 1839; x_wconf 92' lang='lat' dir='ltr'>non</span> <span class='ocrx_word' id='word_1_203' title='bbox 1336 1799 1454 1839; x_wconf 90' lang='lat' dir='ltr'>modo</span> <span class='ocrx_word' id='word_1_204' title='bbox 1474 1800 1614 1844; x_wconf 88' lang='lat' dir='ltr'>amico,</span> <span class='ocrx_word' id='word_1_205' title='bbox 1644 1799 1706 1837; x_wconf 89' lang='lat' dir='ltr'>sed</span> <span class='ocrx_word' id='word_1_206' title='bbox 1727 1813 1772 1837; x_wconf 94' lang='lat' dir='ltr'>ne</span> <span class='ocrx_word' id='word_1_207' title='bbox 1794 1799 1917 1839; x_wconf 90' lang='lat' dir='ltr'>libero</span> 
     </span>
     <span class='ocr_line' id='line_1_25' title="bbox 510 1865 1914 1924; baseline -0.004 -15"><span class='ocrx_word' id='word_1_208' title='bbox 510 1871 687 1924; x_wconf 88' lang='lat' dir='ltr'>quidem,</span> <span class='ocrx_word' id='word_1_209' title='bbox 708 1870 824 1923; x_wconf 83' lang='lat' dir='ltr'>digna</span> <span class='ocrx_word' id='word_1_210' title='bbox 843 1867 908 1906; x_wconf 88' lang='lat' dir='ltr'>est.</span> <span class='ocrx_word' id='word_1_211' title='bbox 941 1867 1067 1907; x_wconf 88' lang='lat' dir='ltr'>Aliter</span> <span class='ocrx_word' id='word_1_212' title='bbox 1085 1868 1193 1907; x_wconf 89' lang='lat' dir='ltr'>enim</span> <span class='ocrx_word' id='word_1_213' title='bbox 1212 1880 1305 1905; x_wconf 87' lang='lat' dir='ltr'>cum</span> <span class='ocrx_word' id='word_1_214' title='bbox 1327 1876 1502 1920; x_wconf 87' lang='lat' dir='ltr'>tyranno,</span> <span class='ocrx_word' id='word_1_215' title='bbox 1534 1865 1643 1905; x_wconf 88' lang='lat' dir='ltr'>aliter</span> <span class='ocrx_word' id='word_1_216' title='bbox 1660 1879 1754 1904; x_wconf 88' lang='lat' dir='ltr'>cum</span> <span class='ocrx_word' id='word_1_217' title='bbox 1774 1865 1914 1910; x_wconf 84' lang='lat' dir='ltr'>amico,</span> 
     </span>
     <span class='ocr_line' id='line_1_26' title="bbox 510 1938 665 1975; baseline 0 0"><span class='ocrx_word' id='word_1_218' title='bbox 510 1938 665 1975; x_wconf 80' lang='lat' dir='ltr'>vivitur.</span> 
     </span>
    </p>

    <p class='ocr_par' dir='ltr' id='par_1_7' title="bbox 511 1999 1916 2121">
     <span class='ocr_line' id='line_1_27' title="bbox 558 1999 1914 2056; baseline -0.005 -14"><span class='ocrx_word' id='word_1_219' title='bbox 558 2005 682 2056; x_wconf 88' lang='lat' dir='ltr'>Cujus</span> <span class='ocrx_word' id='word_1_220' title='bbox 702 2010 831 2040; x_wconf 82' lang='lat' dir='ltr'>autem</span> <span class='ocrx_word' id='word_1_221' title='bbox 852 2014 956 2040; x_wconf 89' lang='lat' dir='ltr'>aures</span> <span class='ocrx_word' id='word_1_222' title='bbox 977 2001 1128 2040; x_wconf 87' lang='lat' dir='ltr'>veritati</span> <span class='ocrx_word' id='word_1_223' title='bbox 1147 2000 1279 2039; x_wconf 73' lang='lat' dir='ltr'>claustr</span> <span class='ocrx_word' id='word_1_224' title='bbox 1298 2000 1398 2046; x_wconf 89' lang='lat' dir='ltr'>sunt,</span> <span class='ocrx_word' id='word_1_225' title='bbox 1419 2008 1462 2038; x_wconf 87' lang='lat' dir='ltr'>ut</span> <span class='ocrx_word' id='word_1_226' title='bbox 1479 1999 1524 2037; x_wconf 83' lang='lat' dir='ltr'>ab</span> <span class='ocrx_word' id='word_1_227' title='bbox 1544 1999 1670 2037; x_wconf 84' lang='lat' dir='ltr'>amico</span> <span class='ocrx_word' id='word_1_228' title='bbox 1690 2010 1825 2036; x_wconf 90' lang='lat' dir='ltr'>verum</span> <span class='ocrx_word' id='word_1_229' title='bbox 1845 2010 1914 2036; x_wconf 84' lang='lat' dir='ltr'>au-</span> 
     </span>
     <span class='ocr_line' id='line_1_28' title="bbox 511 2063 1916 2121; baseline -0.006 -12"><span class='ocrx_word' id='word_1_230' title='bbox 511 2070 592 2109; x_wconf 91' lang='lat' dir='ltr'>dire</span> <span class='ocrx_word' id='word_1_231' title='bbox 612 2077 790 2121; x_wconf 84' lang='lat' dir='ltr'>nequeat,</span> <span class='ocrx_word' id='word_1_232' title='bbox 823 2066 938 2119; x_wconf 86' lang='lat' dir='ltr'>hujus</span> <span class='ocrx_word' id='word_1_233' title='bbox 960 2067 1055 2106; x_wconf 86' lang='lat' dir='ltr'>salus</span> <span class='ocrx_word' id='word_1_234' title='bbox 1087 2067 1314 2121; x_wconf 89' lang='lat' dir='ltr'>desperanda</span> <span class='ocrx_word' id='word_1_235' title='bbox 1327 2066 1397 2117; x_wconf 69' lang='lat' dir='ltr'>,est·</span> <span class='ocrx_word' id='word_1_236' title='bbox 1443 2066 1592 2105; x_wconf 89' lang='lat' dir='ltr'>Scitum</span> <span class='ocrx_word' id='word_1_237' title='bbox 1613 2065 1665 2103; x_wconf 86' lang='lat' dir='ltr'>est</span> <span class='ocrx_word' id='word_1_238' title='bbox 1691 2065 1796 2102; x_wconf 87' lang='lat' dir='ltr'>enim</span> <span class='ocrx_word' id='word_1_239' title='bbox 1818 2063 1916 2102; x_wconf 91' lang='lat' dir='ltr'>illud</span> 
     </span>
    </p>
   </div>
   <div class='ocr_carea' id='block_1_3' title="bbox 512 2131 1915 2248">
    <p class='ocr_par' dir='ltr' id='par_1_8' title="bbox 512 2131 1915 2248">
     <span class='ocr_line' id='line_1_29' title="bbox 512 2131 1915 2185; baseline -0.004 -11"><span class='ocrx_word' id='word_1_240' title='bbox 512 2135 671 2175; x_wconf 82' lang='lat' dir='ltr'>catonis</span> <span class='ocrx_word' id='word_1_241' title='bbox 689 2149 698 2172; x_wconf 89' lang='lat'>:</span> <span class='ocrx_word' id='word_1_242' title='bbox 733 2141 759 2157; x_wconf 88' lang='lat'>“</span> <span class='ocrx_word' id='word_1_243' title='bbox 782 2132 917 2172; x_wconf 89' lang='lat' dir='ltr'>Multo</span> <span class='ocrx_word' id='word_1_244' title='bbox 937 2132 1076 2171; x_wconf 86' lang='lat' dir='ltr'>melius</span> <span class='ocrx_word' id='word_1_245' title='bbox 1096 2132 1142 2171; x_wconf 91' lang='lat' dir='ltr'>de</span> <span class='ocrx_word' id='word_1_246' title='bbox 1163 2132 1394 2185; x_wconf 85' lang='lat' dir='ltr'>quibusdam</span> <span class='ocrx_word' id='word_1_247' title='bbox 1415 2132 1569 2170; x_wconf 87' lang='lat' dir='ltr'>acerbos</span> <span class='ocrx_word' id='word_1_248' title='bbox 1591 2131 1771 2169; x_wconf 89' lang='lat' dir='ltr'>inimicos</span> <span class='ocrx_word' id='word_1_249' title='bbox 1791 2143 1915 2168; x_wconf 87' lang='lat' dir='ltr'>mere-</span> 
     </span>
     <span class='ocr_line' id='line_1_30' title="bbox 513 2190 1915 2248; baseline -0.004 -13"><span class='ocrx_word' id='word_1_250' title='bbox 513 2206 539 2221; x_wconf 88' lang='lat'>“</span> <span class='ocrx_word' id='word_1_251' title='bbox 563 2197 607 2241; x_wconf 87' lang='lat' dir='ltr'>ri,</span> <span class='ocrx_word' id='word_1_252' title='bbox 629 2209 747 2248; x_wconf 87' lang='lat' dir='ltr'>quam</span> <span class='ocrx_word' id='word_1_253' title='bbox 768 2208 832 2232; x_wconf 90' lang='lat' dir='ltr'>eos</span> <span class='ocrx_word' id='word_1_254' title='bbox 853 2194 1013 2239; x_wconf 84' lang='lat' dir='ltr'>amicos,</span> <span class='ocrx_word' id='word_1_255' title='bbox 1046 2194 1114 2246; x_wconf 91' lang='lat' dir='ltr'>qui</span> <span class='ocrx_word' id='word_1_256' title='bbox 1135 2194 1266 2232; x_wconf 90' lang='lat' dir='ltr'>dulces</span> <span class='ocrx_word' id='word_1_257' title='bbox 1298 2193 1521 2233; x_wconf 80' lang='lat' dir='ltr'>videantur:</span> <span class='ocrx_word' id='word_1_258' title='bbox 1554 2192 1642 2231; x_wconf 90' lang='lat' dir='ltr'>illos</span> <span class='ocrx_word' id='word_1_259' title='bbox 1662 2204 1795 2230; x_wconf 85' lang='lat' dir='ltr'>verum</span> <span class='ocrx_word' id='word_1_260' title='bbox 1822 2190 1915 2243; x_wconf 75' lang='lat' dir='ltr'>saepe</span> 
     </span>
    </p>
   </div>
   <div class='ocr_carea' id='block_1_4' title="bbox 508 2256 1916 2580">
    <p class='ocr_par' dir='ltr' id='par_1_9' title="bbox 508 2256 1916 2580">
     <span class='ocr_line' id='line_1_31' title="bbox 513 2256 1916 2313; baseline -0.005 -13"><span class='ocrx_word' id='word_1_261' title='bbox 513 2271 540 2287; x_wconf 80' lang='lat'>‘⁶</span> <span class='ocrx_word' id='word_1_262' title='bbox 563 2263 700 2306; x_wconf 87' lang='lat' dir='ltr'>dicere,</span> <span class='ocrx_word' id='word_1_263' title='bbox 722 2260 793 2299; x_wconf 90' lang='lat' dir='ltr'>hos</span> <span class='ocrx_word' id='word_1_264' title='bbox 815 2274 1029 2313; x_wconf 84' lang='lat' dir='ltr'>nunquam.</span> <span class='ocrx_word' id='word_1_265' title='bbox 1073 2261 1205 2312; x_wconf 89' lang='lat' dir='ltr'>Atque</span> <span class='ocrx_word' id='word_1_266' title='bbox 1226 2259 1324 2299; x_wconf 83' lang='lat' dir='ltr'>illud</span> <span class='ocrx_word' id='word_1_267' title='bbox 1344 2259 1551 2298; x_wconf 87' lang='lat' dir='ltr'>absurdum</span> <span class='ocrx_word' id='word_1_268' title='bbox 1571 2258 1638 2303; x_wconf 89' lang='lat' dir='ltr'>cst,</span> <span class='ocrx_word' id='word_1_269' title='bbox 1658 2257 1762 2310; x_wconf 92' lang='lat' dir='ltr'>quod</span> <span class='ocrx_word' id='word_1_270' title='bbox 1783 2257 1824 2300; x_wconf 85' lang='lat' dir='ltr'>ii,</span> <span class='ocrx_word' id='word_1_271' title='bbox 1847 2256 1916 2308; x_wconf 83' lang='lat' dir='ltr'>qui</span> 
     </span>
     <span class='ocr_line' id='line_1_32' title="bbox 510 2323 1913 2378; baseline -0.006 -11"><span class='ocrx_word' id='word_1_272' title='bbox 510 2337 735 2372; x_wconf 86' lang='lat' dir='ltr'>monentur,</span> <span class='ocrx_word' id='word_1_273' title='bbox 770 2340 853 2364; x_wconf 83' lang='lat' dir='ltr'>eam</span> <span class='ocrx_word' id='word_1_274' title='bbox 876 2326 1104 2371; x_wconf 85' lang='lat' dir='ltr'>molestiam,</span> <span class='ocrx_word' id='word_1_275' title='bbox 1140 2339 1258 2378; x_wconf 84' lang='lat' dir='ltr'>quam</span> <span class='ocrx_word' id='word_1_276' title='bbox 1279 2326 1419 2365; x_wconf 88' lang='lat' dir='ltr'>debent</span> <span class='ocrx_word' id='word_1_277' title='bbox 1450 2337 1596 2377; x_wconf 86' lang='lat' dir='ltr'>capere,</span> <span class='ocrx_word' id='word_1_278' title='bbox 1630 2336 1706 2361; x_wconf 90' lang='lat' dir='ltr'>non</span> <span class='ocrx_word' id='word_1_279' title='bbox 1728 2323 1913 2374; x_wconf 68' lang='lat' dir='ltr'>capiunt,</span> 
     </span>
     <span class='ocr_line' id='line_1_33' title="bbox 510 2390 1914 2447; baseline -0.006 -11"><span class='ocrx_word' id='word_1_280' title='bbox 510 2409 596 2437; x_wconf 78' lang='lat' dir='ltr'>eam</span> <span class='ocrx_word' id='word_1_281' title='bbox 618 2395 788 2447; x_wconf 84' lang='lat' dir='ltr'>capiunt,</span> <span class='ocrx_word' id='word_1_282' title='bbox 811 2394 887 2445; x_wconf 68' lang='lat' dir='ltr'>qua</span> <span class='ocrx_word' id='word_1_283' title='bbox 907 2393 1047 2431; x_wconf 81' lang='lat' dir='ltr'>debent</span> <span class='ocrx_word' id='word_1_284' title='bbox 1068 2407 1209 2432; x_wconf 87' lang='lat' dir='ltr'>vacare.</span> <span class='ocrx_word' id='word_1_285' title='bbox 1241 2392 1411 2432; x_wconf 73' lang='lat' dir='ltr'>Peccass&#39;e</span> <span class='ocrx_word' id='word_1_286' title='bbox 1430 2391 1535 2429; x_wconf 88' lang='lat' dir='ltr'>enim</span> <span class='ocrx_word' id='word_1_287' title='bbox 1558 2390 1591 2429; x_wconf 90' lang='lat' dir='ltr'>se</span> <span class='ocrx_word' id='word_1_288' title='bbox 1612 2403 1688 2428; x_wconf 89' lang='lat' dir='ltr'>non</span> <span class='ocrx_word' id='word_1_289' title='bbox 1709 2399 1914 2442; x_wconf 76' lang='lat' dir='ltr'>anguntur,</span> 
     </span>
     <span class='ocr_line' id='line_1_34' title="bbox 511 2455 1914 2514; baseline -0.004 -14"><span class='ocrx_word' id='word_1_290' title='bbox 511 2460 708 2514; x_wconf 81' lang='lat' dir='ltr'>objurgari</span> <span class='ocrx_word' id='word_1_291' title='bbox 731 2459 886 2497; x_wconf 78' lang='lat' dir='ltr'>moleste</span> <span class='ocrx_word' id='word_1_292' title='bbox 907 2457 1063 2505; x_wconf 62' lang='lat' dir='ltr'>ferunt,</span> <span class='ocrx_word' id='word_1_293' title='bbox 1096 2459 1200 2513; x_wconf 89' lang='lat' dir='ltr'>quod</span> <span class='ocrx_word' id='word_1_294' title='bbox 1221 2469 1351 2499; x_wconf 85' lang='lat' dir='ltr'>contra</span> <span class='ocrx_word' id='word_1_295' title='bbox 1371 2457 1585 2512; x_wconf 80' lang='lat' dir='ltr'>oportebat,</span> <span class='ocrx_word' id='word_1_296' title='bbox 1613 2456 1754 2495; x_wconf 59' lang='lat' dir='ltr'>delicto</span> <span class='ocrx_word' id='word_1_297' title='bbox 1775 2455 1914 2499; x_wconf 81' lang='lat' dir='ltr'>dolere,</span> 
     </span>
     <span class='ocr_line' id='line_1_35' title="bbox 508 2525 940 2580; baseline -0.007 -12"><span class='ocrx_word' id='word_1_298' title='bbox 508 2526 745 2572; x_wconf 63' lang='lat' dir='ltr'>correctione</span> <span class='ocrx_word' id='word_1_299' title='bbox 765 2525 940 2580; x_wconf 72' lang='lat' dir='ltr'>gaudere.</span> 
     </span>
    </p>
   </div>
  </div>
 </body>
</html>
