2223 3003
341 201 394 253 78
632 201 734 238 DE
794 198 1443 239 DIVINATIONE

341 297 502 350 quidem
533 310 652 349 genus
682 295 925 334 divinationis
955 294 1031 331 vita
1053 295 1136 345 jam
1167 296 1386 332 communis
1412 295 1586 347 explosit.
1633 297 1728 334 Fani

342 362 592 416 pulchritudo
610 371 647 398 et
678 360 851 404 vetustas,
883 358 1197 397 Praenestinarum
1215 360 1332 397 etiam
1363 373 1467 398 nunc
1496 361 1632 398 retinet
1650 361 1730 399 sor-

343 429 441 466 tium
463 439 618 469 nomen,
648 434 761 476 atque
795 424 834 461 id
865 424 904 461 in
933 423 1085 476 vulgus.
1128 425 1228 476 Qis
1258 424 1363 462 enim
1384 425 1636 478 magistratus,
1666 435 1732 463 aut

343 493 428 544 quis
462 492 518 528 vir
552 490 732 527 illustrior
762 489 884 528 utitur
914 488 1108 528 sortibus?
1141 490 1296 528 Caeteris
1316 504 1404 528 vero
1429 492 1469 529 in
1500 491 1595 529 locis
1616 490 1730 530 sortes

341 557 451 608 plane
471 554 721 593 refrixerunt:
753 555 859 607 quod
880 555 1116 593 Carneadem
1147 554 1415 594 Clitomachus
1446 556 1577 594 scribit
1607 556 1731 594 dicere

341 620 512 665 solitum,
544 619 731 672 nusquam
751 619 787 657 se
805 618 1111 665 fortunatiorem,
1129 633 1247 672 quam
1268 620 1464 665 Praeneste,
1486 620 1615 658 vidiffe
1631 621 1663 658 F
1665 633 1729 658 or·

341 695 488 724 tunam.
520 687 625 739 Ergo
645 685 719 724 hoc
738 685 983 724 divinationis
1003 699 1122 738 genus
1142 685 1383 724 omittamus.

395 751 526 790 XLII.
558 751 622 790 Ad
651 750 920 790 Chaldaeorum
952 751 1118 789 monstra
1149 751 1369 790 veniamus:
1401 751 1447 789 de
1478 750 1619 803 quibus
1645 751 1729 789 Eu-

339 819 479 863 doxus,
509 817 678 856 Platonis
698 816 862 860 auditor,
883 816 922 853 in
942 815 1314 868 astrologia‚judici0
1333 815 1635 854 doctiffimorum
1655 815 1728 854 ho-

342 885 498 923 minum
518 882 630 921 facile
649 882 840 934 princepS,
871 881 920 919 fic
940 881 1132 934 opinatur,
1162 881 1203 919 id
1222 882 1327 934 quod
1347 882 1533 935 scriptum
1559 882 1729 934 reliquit,

343 949 532 988 Chaldaeis
550 949 590 985 in
610 947 866 999 praedictione,
897 955 935 984 et
953 947 993 983 in
1019 947 1214 984 notatione
1232 947 1416 999 cujusque
1434 948 1520 986 vitae
1550 961 1596 985 ex
1617 947 1732 985 natali

339 1017 416 1061 die,
433 1015 597 1053 minime
616 1012 687 1050 effe
707 1011 954 1050 credendum.
976 1011 1169 1049 Nominat
1187 1012 1304 1049 etiam
1326 1013 1528 1056 Panaetius,
1543 1014 1612 1063 qui
1632 1026 1732 1052 unus

339 1095 362 1118 e
378 1081 513 1119 Stoicis
528 1078 802 1130 astrologorum
818 1077 994 1129 praedicta
1008 1077 1152 1128 rejecit,
1166 1075 1402 1115 Archelaum
1417 1086 1455 1115 et
1468 1076 1730 1123 Cassandrum,

342 1146 513 1184 summos
543 1144 746 1195 astrologos
777 1141 881 1181 illius
912 1142 1044 1186 aetatis,
1075 1142 1152 1193 qua
1180 1151 1258 1179 erat
1287 1142 1379 1194 ipse,
1409 1156 1502 1181 cum
1527 1143 1568 1180 in
1588 1143 1730 1182 caeteris

340 1211 547 1263 astrologiae
567 1209 737 1262 partibus
757 1207 1001 1251 excellerent,
1014 1206 1089 1244 hoc
1108 1206 1362 1258 praedic'tionis
1381 1220 1518 1260 genere
1536 1221 1613 1245 non
1630 1207 1729 1247 usos.

343 1275 477 1328 Scylax
497 1273 812 1317 Halicarnasseus,
831 1271 1032 1310 familiaris
1053 1272 1224 1316 Panaetii,
1250 1273 1440 1311 excellens
1461 1273 1501 1310 in
1520 1273 1730 1326 astrologia,

310 1388 313 1393 Ἴ
340 1342 523 1393 idemque
541 1341 583 1378 in
601 1339 763 1393 regenda
780 1337 846 1376 sua
863 1337 1016 1377 civitate
1031 1337 1222 1390 princeps,
1239 1346 1367 1378 totum
1382 1337 1458 1378 hoc
1475 1337 1731 1379 Chaldaicum

343 1407 573 1461 praedicendi
591 1419 710 1459 genus
731 1405 956 1458 repudiavit.

399 1473 484 1518 Sed,
515 1483 557 1511 ut
587 1472 730 1510 ratione
764 1481 931 1515 utamur,
961 1470 1104 1509 omiffis
1136 1470 1292 1510 testibus
1308 1490 1320 1517 5
1351 1472 1400 1510 fic
1433 1471 1491 1509 isti
1526 1471 1732 1523 disputant,

339 1539 411 1591 qui
430 1537 511 1576 haec
532 1536 803 1576 Chaldaeorum
823 1535 992 1574 natalitia
1010 1536 1187 1588 praedicta
1212 1536 1436 1575 defendunt.
1481 1537 1574 1574 Vim
1609 1550 1733 1589 quan-

340 1603 431 1641 dam
461 1602 532 1640 effe
564 1602 670 1639 aiunt
703 1600 881 1654 {ignifero
915 1601 955 1637 in
981 1601 1086 1645 orbe,
1117 1601 1186 1652 qui
1219 1602 1352 1639 Graece
1383 1595 1543 1648 ζωδιαιδος
1576 1601 1731 1649 dicitur,

339 1669 471 1714 talem,
503 1678 546 1706 ut
573 1667 652 1719 ejus
683 1667 785 1705 orbis
816 1679 1052 1719 unaquaeque
1070 1679 1168 1719 pars,
1199 1666 1271 1704 alia
1299 1666 1374 1704 alio
1403 1666 1535 1711 modo,
1565 1678 1730 1713 moveat,

342 1736 604 1786 immutetque
637 1733 789 1776 caelum,
818 1732 974 1784 perinde
1008 1741 1050 1769 ut
1070 1745 1232 1783 quaeque
1260 1731 1374 1769 stellae
1404 1732 1444 1768 in
1468 1732 1514 1769 iis
1534 1731 1730 1770 finitimis-

340 1815 418 1854 que
449 1801 618 1853 partibus
645 1799 716 1837 sint
747 1811 900 1850 quoque
930 1807 1130 1850 tempore:
1162 1811 1323 1849 eamque
1356 1797 1436 1835 vim
1457 1798 1555 1835 varie
1586 1800 1732 1837 moveri

341 1868 390 1905 ab
425 1867 470 1903 iis
502 1865 696 1908 sideribus,
739 1877 823 1915 quae
852 1873 1034 1901 vocantur
1063 1864 1236 1900 errantia.
1283 1864 1387 1901 Cum
1420 1873 1549 1901 autem
1581 1865 1620 1902 in
1646 1878 1731 1903 eam

344 1931 462 1984 ipsam
485 1941 629 1983 partem
650 1929 750 1968 orbis
772 1929 956 1973 venerint,
987 1929 1026 1966 in
1053 1941 1128 1979 qua
1155 1928 1198 1965 fit
1218 1937 1322 1966 ortus
1341 1929 1420 1980 ejus
1441 1929 1509 1980 qui
1536 1929 1729 1974 nascatur;

343 1997 469 2035 autin
495 2009 591 2039 eam,
623 2009 706 2047 quae
736 1995 988 2046 conjunetum
1018 1993 1164 2045 aliquid
1191 1993 1342 2038 habeat,
1373 2004 1435 2031 aut
1464 1994 1729 2039 consentiens;

345 2077 386 2101 ea
420 2061 606 2114 triangula
639 2061 696 2098 illi
726 2070 763 2098 et
788 2060 967 2112 quadrata
999 2060 1214 2098 nominant.
1257 2060 1415 2098 Etenim
1445 2074 1536 2098 cum
1564 2070 1734 2113 tempore

343 2129 432 2167 anni
455 2127 813 2180 tempestatumque,
829 2126 910 2163 caeli
931 2126 1189 2163 converslones
1206 2126 1601 2178 commutationesque
1622 2136 1733 2165 tanta:

343 2195 437 2233 fiant
459 2193 601 2232 accessu
621 2193 826 2237 stellarum,
843 2203 879 2230 et
900 2192 1036 2230 rccess‘u
1054 2211 1064 2236 ς
1097 2206 1264 2245 cumque
1283 2206 1325 2230 ea
1345 2193 1381 2230 vi
1403 2192 1487 2231 solis
1505 2193 1731 2237 efficiantur,

344 2275 429 2313 qua:
449 2260 648 2303 videmus;
681 2273 757 2296 non
790 2258 989 2296 verisimile
1011 2258 1146 2301 solum,
1182 2258 1241 2296 sed
1261 2258 1377 2296 etiam
1397 2272 1530 2296 verum
1549 2257 1620 2296 effe
1639 2272 1732 2296 cen-

345 2327 439 2369 sent,
468 2324 634 2377 perinde,
666 2334 863 2375 utcunque
892 2332 1121 2375 temperatus
1155 2323 1197 2360 sit
1229 2337 1302 2367 aer,
1335 2324 1385 2361 ita
1415 2337 1549 2376 pueros
1569 2324 1732 2360 orientes

344 2390 503 2429 animari
526 2399 637 2441 atque
663 2389 832 2433 formari,
863 2402 908 2426 ex
929 2402 1050 2440 eoque
1072 2389 1235 2441 ingenia,
1269 2402 1407 2433 moreS,
1436 2390 1625 2433 animum,
1647 2403 1731 2427 cor-

344 2470 431 2510 pus,
451 2456 636 2494 actionem
658 2456 757 2500 vitm,
778 2454 880 2493 casus
899 2454 1096 2507 cujusque,
1117 2453 1346 2507 eventusque
1367 2454 1474 2508 fingi.
