2223 3003
691 253 1296 315 FRAGMENTA
1637 255 1717 310 3&

311 353 464 392 Piusc.
487 353 614 393 Carm.
636 352 864 392 Brachialia.

313 419 486 473 Pkrsc.]
517 420 755 459 Armentum
774 418 911 458 habeo.

630 540 708 579 Dr:
768 539 1129 580 REpusch
1188 541 1316 579 [ΑΒ.
1349 541 1399 580 V.

312 621 368 662 D.
386 621 506 659 Auo.
524 620 587 660 lib.
609 633 659 658 11.
681 628 761 673 cap.
786 632 851 658 21.
875 619 1014 672 Civit.]
1046 619 1226 658 Ennius:

449 685 620 725 Moribus
637 686 798 739 antiquis
816 699 873 723 res
877 684 961 737 stat
976 686 1154 730 Romana,
1186 686 1355 739 virg'sqzte.

367 753 502 806 Qem
521 752 683 805 quidem
703 751 770 804 ille
789 751 954 796 versum,
970 750 1030 789 vel
1051 751 1250 796 brevitate,
1267 751 1326 789 vel
1349 751 1516 796 veritate,
1540 761 1721 804 tanquam

369 832 418 858 ex
437 819 593 857 oraculo
613 817 715 857 mihi
736 818 907 870 quodam
927 817 998 856 effe
1018 816 1155 856 effatus
1176 817 1338 856 videtur.
1361 817 1469 856 Nam
1491 831 1616 870 neque
1635 818 1721 863 viri,

367 884 439 923 nifi
470 885 524 922 ita
543 893 691 923 morata
720 884 854 922 civitas
874 882 1015 929 fuisset,
1048 897 1174 936 neque
1194 897 1334 929 mores,
1367 883 1436 922 nifi
1471 882 1513 921 hi
1533 884 1605 922 viri
1625 898 1722 937 prae-

366 949 539 998 fuiffent,
562 961 628 990 aut
646 951 821 997 fundare,
843 960 909 990 aut
930 960 1008 989 tam
1030 951 1097 989 diu
1118 960 1245 989 tenere
1264 951 1473 1005 potuissent
1493 961 1653 997 tantam,
1686 961 1724 990 et

369 1028 450 1057 tam
471 1019 587 1072 longe
606 1019 759 1071 lateque
778 1019 1033 1072 imperantem
1053 1018 1352 1071 rempublicam.
1376 1019 1510 1071 Itaque
1531 1028 1616 1056 ante
1636 1019 1723 1057 nos-

369 1093 469 1124 tram
489 1085 723 1124 memoriam
743 1094 782 1123 et
801 1098 886 1124 mos
907 1085 985 1138 ipse
1005 1084 1149 1138 patrius
1185 1084 1399 1137 praestantes
1431 1085 1530 1122 viros
1562 1084 1723 1123 adhibe-

369 1153 449 1198 bat,
471 1162 510 1191 et
531 1162 705 1191 veterum
735 1166 900 1197 morem,
922 1165 965 1190 ac
997 1153 1190 1204 majorum
1210 1151 1383 1190 instituta
1413 1151 1629 1190 retinebant
1655 1155 1722 1190 eic-

367 1219 551 1258 cellentes
571 1219 657 1258 viri.
690 1219 830 1258 Nostra
850 1232 940 1257 vero
970 1228 1072 1263 aetas,
1105 1232 1198 1256 cum
1219 1218 1502 1271 rempublicam
1524 1218 1618 1256 slcut
1638 1219 1724 1271 pic-

368 1294 496 1324 turam
517 1284 721 1338 accepisset
754 1285 962 1338 egregiam,
998 1285 1060 1322 sed
1089 1286 1172 1337 jam
1205 1284 1493 1322 evanescentem
1526 1285 1723 1330 vetustate,

367 1365 447 1390 non
467 1351 588 1390 modo
605 1364 691 1389 eam
721 1350 915 1389 coloribus
945 1350 1096 1395 iisdem,
1118 1350 1260 1403 quibus
1281 1348 1420 1395 fuerat,
1449 1363 1626 1388 renovare
1656 1364 1725 1388 ne-

339 1450 343 1453 .
370 1418 508 1472 glexit,
541 1417 605 1456 sed
624 1431 672 1456 ne
701 1417 742 1456 id
762 1417 924 1470 quidem
944 1417 1105 1463 curavit,
1139 1425 1182 1455 ut
1201 1416 1369 1455 formam
1395 1415 1529 1455 saltem
1560 1416 1657 1469 ejus,
1689 1426 1728 1455 et

369 1490 543 1523 extrema
556 1492 743 1536 tanquam
759 1483 993 1522 lineamenta
1004 1483 1178 1522 servaret.
1202 1483 1312 1535 Qid
1327 1483 1434 1521 enim
1450 1492 1580 1521 manet
1594 1497 1642 1521 ex
1657 1497 1727 1522 an-

370 1551 494 1604 tiquis
513 1550 704 1596 moribus,
723 1549 866 1603 quibus
887 1549 953 1588 ille
968 1550 1068 1589 dixit
1084 1564 1159 1589 rem
1163 1549 1269 1604 stare
1287 1550 1508 1588 Romanam
1527 1550 1540 1587 ?
1562 1563 1659 1603 quos
1675 1551 1729 1589 ita

369 1617 569 1658 oblivione
586 1616 776 1656 obsoletos
807 1617 999 1662 videmus,
1029 1626 1072 1656 ut
1092 1630 1170 1656 non
1202 1616 1320 1655 modo
1340 1630 1418 1655 non
1439 1616 1629 1662 colantur,
1664 1616 1728 1655 sed

369 1685 488 1724 etiam
507 1685 748 1738 ignorentur.
779 1683 886 1723 Nam
908 1684 954 1722 de
974 1684 1064 1723 viris
1085 1683 1180 1737 quid
1199 1683 1326 1722 dicam
1343 1684 1355 1720 ?
1387 1696 1514 1722 mores
1530 1684 1637 1722 enim
1658 1683 1728 1737 ipsi

369 1753 602 1792 interierunt
621 1752 794 1790 virorum
814 1751 987 1804 penuria.
1025 1753 1148 1805 Cujus
1171 1752 1266 1790 tanti
1288 1752 1381 1790 mali
1402 1765 1480 1790 non
1502 1750 1620 1789 modo
1640 1751 1726 1789 red-

371 1819 495 1859 denda
515 1820 610 1858 ratio
630 1819 757 1864 nobis,
772 1819 833 1857 sed
854 1818 971 1856 etiam
990 1827 1176 1871 tanquam
1196 1818 1268 1857 reis
1284 1818 1418 1871 capitis
1435 1817 1728 1870 quodammodo

370 1885 535 1924 dicenda
553 1883 665 1923 causa
682 1883 748 1922 est.
794 1883 947 1922 Nostris
967 1883 1074 1922 enim
1094 1883 1215 1929 vitiis,
1237 1896 1315 1922 non
1335 1883 1422 1921 casu
1443 1883 1590 1935 aliquo,
1622 1896 1727 1921 rem-

371 1952 571 2007 publicam
590 1951 709 1990 verbo
728 1951 939 1989 retinemus
957 1969 968 1996 5
991 1950 1116 2005 reapse
1136 1964 1224 1989 vero
1238 1950 1476 2003 jampridem
1496 1950 1708 1988 amisimus.

317 2020 418 2060 Cle.
437 2018 500 2058 lib.
523 2031 631 2058 v111.
653 2018 750 2073 epss.
771 2017 824 2057 ad
834 2018 1041 2072 Atticum]
1087 2019 1146 2056 Ut
1179 2018 1285 2055 enim
1315 2017 1564 2070 gubernatori
1597 2016 1727 2055 cursus

372 2085 577 2132 secundus,
598 2086 754 2124 medico
773 2086 885 2131 salus,
907 2085 1129 2138 imperatori
1149 2084 1306 2122 victoria
1323 2102 1334 2127 ;
1368 2083 1416 2121 fic
1437 2082 1530 2120 huic
1551 2083 1727 2121 modera-

372 2152 447 2191 tori
468 2151 688 2204 reipublicae
705 2152 812 2190 beata
831 2152 979 2189 civium
997 2151 1074 2188 vita
1093 2149 1283 2203 proposita
1297 2147 1362 2193 est,
1383 2157 1426 2186 ut
1447 2149 1585 2201 opibus
1603 2148 1726 2194 firma,

372 2219 496 2272 copiis
517 2217 706 2271 locuples,
728 2217 851 2270 gloria
871 2217 1012 2269 ampla,
1034 2216 1175 2254 virtute
1195 2214 1350 2254 honesta
1371 2215 1428 2253 sit.
1467 2216 1600 2268 Hujus
1621 2216 1729 2254 enim

372 2285 497 2339 operis
519 2285 683 2323 maximi
704 2284 804 2322 inter
824 2282 1017 2327 homines,
1051 2292 1165 2334 atque
1184 2282 1341 2335 optimi,
1374 2281 1489 2320 illum
1519 2282 1590 2321 effe
1610 2281 1728 2321 effec-

373 2361 501 2391 torem
521 2351 624 2389 volo.

321 2417 525 2456 DloMED.
546 2417 608 2456 lib.
633 2416 686 2470 1.]
719 2417 942 2455 Excellunt.

320 2482 436 2524 Non.
461 2485 715 2538 Contemptio.]
740 2485 838 2536 Qae
859 2485 978 2522 virtus
999 2482 1188 2521 fortitudo
1204 2491 1374 2526 vocatur,
1394 2480 1434 2520 in
1455 2495 1531 2535 qua
1546 2482 1597 2521 est
1617 2495 1728 2535 mag-

383 2549 522 2588 nitudo
541 2551 675 2594 animi,
699 2551 835 2589 mortic-
855 2550 1071 2602 dolorisque
1094 2563 1231 2603 magna
1251 2549 1505 2602 contemptio.

1264 2615 1298 2654 C
1319 2630 1340 2652 c
1361 2629 1381 2653 c
1404 2627 1424 2653 2
