2223 3003
706 191 981 233 LIBER
1045 188 1405 233 PRIMUS.
1682 206 1759 249 ιη

359 309 426 348 per
447 303 483 334 te
502 294 668 333 eundem
689 293 733 332 fit
751 303 894 333 ornata.
941 293 1060 332 Abest
1079 294 1184 333 enim
1211 293 1367 332 historia
1393 292 1512 332 literis
1531 293 1681 339 nostris,
1713 305 1762 333 ut'

357 371 396 400 et
427 361 503 414 ipse
535 361 728 413 intellig0‚
759 370 797 399 et
827 374 873 399 ex
905 370 940 398 te
959 360 1119 414 persaepe
1139 361 1265 399 audio.
1312 361 1425 399 Potes
1445 370 1573 399 autem
1594 369 1637 399 tu
1663 374 1762 414 pro-

359 426 461 466 fecto
481 426 691 465 satisfacere
711 427 750 464 in
771 439 825 470 ea,
858 427 1002 478 quippe
1021 440 1113 464 cum
1144 428 1188 464 fit
1208 440 1318 480 opus,
1350 436 1393 465 ut
1415 427 1485 465 tibi
1506 426 1664 480 quidem
1695 427 1763 465 vi->

359 493 440 531 deri
460 493 567 538 solet,
598 504 723 530 unum
743 490 818 528 hoc
838 491 1047 528 oratorium
1065 492 1246 530 maxime.
1285 493 1552 544 Qamobrem
1572 493 1754 546 aggrede-

359 572 413 604 re,
443 559 674 611 quaesumus,
705 564 742 592 et
773 555 880 593 sume
898 555 945 592 ad
974 554 1074 593 hanc
1095 569 1175 593 rem
1198 565 1364 608 tempus,
1394 572 1479 609 quae
1499 559 1550 597 est
1571 572 1591 596 a
1621 559 1755 598 nostris

359 623 587 662 hominibus
607 620 734 659 adhuc
763 629 828 658 aut
860 620 1046 672 ignorata,
1077 629 1142 658 aut
1162 621 1304 660 reneca.
1364 622 1471 661 Nam
1498 624 1580 676 post
1606 626 1756 663 annales

358 688 597 727 Pontificum
618 686 905 731 Maximorum,
936 686 1079 738 quibus
1103 685 1202 724 nihil
1225 687 1347 739 potest
1364 687 1435 725 effe
1458 690 1696 740 jucundius;
1729 691 1755 728 s1

357 762 423 792 aut
442 753 488 791 ad
505 753 686 796 Fabium,
706 759 772 789 aut
792 751 839 789 ad
858 765 964 796 eum,
982 752 1050 803 qui
1070 751 1141 790 tibi
1161 751 1308 805 semper
1322 753 1362 791 in
1383 766 1446 791 ore
1462 754 1527 799 est,
1550 755 1763 801 Catonem,-

357 828 422 858 aut
451 819 496 857 ad
518 818 711 863 Pisonem,
741 827 807 855 aut
839 817 886 855 ad
916 818 1126 863 Fannium,
1157 827 1222 856 aut
1247 819 1293 857 ad
1313 820 1566 858 Vennonium
1600 821 1725 859 venias
1741 840 1755 866 ς

355 897 593 937 quamquam
613 897 660 922 ex
679 882 740 921 his
771 883 867 921 alius
888 883 962 922 alio
982 883 1069 936 plus
1089 883 1205 922 habet
1223 885 1380 931 virium,
1407 895 1534 924 tamen
1554 887 1648 939 quid
1676 895 1762 926 tam

355 950 470 996 exile,
493 964 611 1003 quam
632 950 691 988 isti
712 963 844 988 omnes
865 951 877 987 ?
910 951 1049 988 Fannii
1069 960 1206 989 autem*
1220 953 1319 990 :etati
1339 953 1567 1004 conji1n6tus
1588 953 1761 1006 Antipa-¹

354 1026 412 1056 ter
431 1017 546 1070 paulo
566 1017 712 1056 inflavit
731 1015 1012 1062 vehementius,
1044 1016 1259 1070 habuitque
1278 1019 1374 1057 vires
1401 1019 1558 1072 agrestes
1580 1019 1645 1057 ille
1665 1020 1756 1072 qui-

355 1083 446 1121 dem
464 1093 579 1136 atque
599 1082 784 1128 horridas,
815 1083 892 1121 fine
913 1084 1036 1122 nitore
1055 1098 1097 1122 ac
1117 1084 1383 1137 palaestra,0sed
1404 1094 1531 1123 tamen
1551 1085 1759 1123 admonere

356 1150 522 1202 reliquos
542 1151 685 1203 potuit,
707 1159 751 1188 ut
770 1151 982 1189 accuratius
1004 1151 1222 1189 scriberent.
1273 1152 1376 1190 Ecce
1405 1161 1534 1190 autem
1555 1151 1757 1190 successere

352 1214 447 1253 huic
468 1216 636 1260 Gellius,
659 1215 836 1259 Clodius,
858 1215 1003 1254 Asellio
1022 1231 1030 1254 :
1064 1216 1163 1254 nihil
1195 1218 1241 1254 ad
1262 1217 1442 1262 Caelium,
1480 1217 1542 1255 sed
1561 1219 1690 1270 potius
1709 1218 1760 1255 ad

353 1281 604 1333 antiquorum
624 1281 850 1334 languorem
871 1290 984 1334 atque
1004 1281 1209 1321 inscitiam.
1233 1282 1340 1320 Nam
1360 1282 1455 1335 quid
1476 1283 1659 1321 Macrum
1679 1297 1756 1321 nu-

352 1348 531 1386 merem?
562 1348 670 1399 cujus
692 1347 901 1400 loquacitas
932 1346 1048 1386 habet
1067 1348 1213 1401 aliquid
1243 1349 1478 1401 argutiarum
1496 1367 1507 1393 5
1540 1362 1610 1387 nec
1637 1349 1676 1387 id
1697 1357 1754 1386 ta-

354 1427 444 1452 men
463 1427 510 1452 ex
531 1413 597 1452 illa
614 1414 762 1452 erudita
782 1414 1010 1452 Graecorum
1039 1415 1161 1467 copia,
1193 1414 1255 1452 sed
1275 1428 1322 1453 ex
1348 1415 1552 1453 librariolis
1574 1415 1723 1453 Latinis
1743 1429 1762 1453 ι

357 1479 397 1516 in
417 1480 654 1519 orationibus
675 1489 804 1519 autem
825 1480 972 1519 multus
993 1490 1031 1519 et
1056 1481 1226 1534 ineptus,
1256 1481 1302 1520 ad
1332 1481 1525 1520 summam
1546 1482 1755 1535 impuden-

355 1546 464 1584 tiam.
496 1547 662 1599 Sisenna,
694 1548 773 1600 ejus
794 1548 956 1594 amicus,
977 1561 1112 1587 omnes
1133 1548 1260 1586 adhuc
1280 1549 1424 1587 nostros
1446 1549 1658 1601 scriptores,
1686 1547 1756 1586 nist

355 1612 424 1663 qui
445 1611 543 1650 forte
565 1613 742 1650 nondum
758 1613 972 1657 ediderunt,
990 1614 1036 1651 de
1055 1614 1197 1665 quibus
1213 1613 1425 1650 existimare
1446 1627 1522 1651 non
1543 1613 1755 1665 poffumus,

354 1676 467 1715 facile
487 1679 686 1730 superavit.
711 1679 747 1716 Is
768 1688 898 1717 tamen
919 1692 1043 1731 neque
1062 1689 1188 1716 orator
1207 1679 1247 1716 in
1265 1692 1426 1716 numero
1442 1679 1562 1716 vestro
1580 1692 1755 1730 unquam

353 1741 407 1780 est
426 1741 594 1787 habitus,
617 1752 655 1780 et
675 1743 715 1780 in
735 1742 890 1781 historia
910 1744 1054 1796 puerile
1073 1744 1257 1796 quiddam
1284 1744 1542 1789 conse&atur;
1567 1753 1608 1782 ut
1630 1757 1754 1782 unum

355 1806 616 1852 Clitarchum,
637 1821 762 1860 neque
780 1818 957 1861 praeterea
977 1821 1229 1860 quemquam,
1251 1809 1297 1846 de
1316 1808 1462 1846 Graecis
1482 1809 1608 1861 legiffe
1624 1809 1753 1846 videa-

354 1882 417 1910 tur
435 1888 443 1910 :
476 1887 566 1911 eum
588 1882 718 1911 tamen
741 1874 838 1911 velle
858 1873 1042 1912 duntaxat
1062 1874 1235 1918 imitari;
1267 1887 1384 1925 quem
1406 1874 1432 1911 fi
1460 1873 1600 1925 afi‘equi
1621 1873 1753 1925 posset,

353 1938 598 1991 aliquantum
627 1939 674 1977 ab
705 1940 858 1992 optimo
878 1949 1007 1978 tamen
1027 1938 1178 1977 abeffet.
1225 1940 1354 1990 Qare
1376 1949 1488 1977 tuum
1509 1939 1561 1977 est
1582 1952 1723 1978 munus
1743 1954 1752 1978 z

352 2003 429 2042 hoc
449 2018 469 2042 a
490 2014 527 2043 te
546 2007 793 2058 expectatur,
826 2005 893 2043 nisi
914 2006 1010 2058 quid
1030 2006 1182 2057 Qinto
1200 2005 1350 2044 videtur
1370 2005 1486 2044 secus.

409 2071 483 2109 III.
516 2072 748 2123 QJINTUS.
781 2071 889 2110 Mihi
923 2086 1012 2110 vero
1042 2071 1169 2117 nihil;
1201 2081 1239 2110 et
1269 2072 1362 2124 saepe
1394 2072 1440 2109 de
1470 2072 1540 2110 isto
1569 2072 1753 2111 collocuti

354 2136 512 2174 sumus:
545 2137 606 2175 sed
638 2137 691 2175 est
722 2137 899 2190 quaedam
930 2138 1028 2175 inter
1059 2150 1127 2175 nos
1148 2150 1261 2189 parva
1281 2136 1464 2174 diffenfio.
1524 2139 1751 2176 ATT1cus.

355 2203 454 2254 Qae
475 2202 629 2240 tandem
650 2202 662 2238 ?
712 2203 942 2253 Qui-rus.
974 2204 1011 2240 A
1045 2202 1188 2254 quibus
1219 2203 1458 2254 temporibus
1480 2201 1666 2240 scribendi
1687 2216 1751 2240 ca-

353 2269 478 2321 piatur
498 2269 701 2307 exordium
720 2269 733 2305 ?
766 2269 851 2321 Ego
870 2268 975 2306 enim
996 2268 1042 2305 ab
1064 2267 1214 2305 ultimis
1235 2267 1380 2312 censeo,
1414 2268 1599 2320 quoniam
1618 2268 1684 2305 illa
1703 2269 1752 2306 fic

354 2334 489 2387 scripta
508 2334 608 2378 sunt,
631 2344 673 2372 ut
693 2347 740 2372 ne
761 2334 936 2386 legantur
955 2333 1137 2385 quidem:
1169 2332 1247 2386 ipse
1267 2343 1396 2371 autem
1429 2332 1614 2385 aequalem
1635 2334 1752 2371 :etatis

357 2397 426 2437 suae
446 2401 674 2438 memoriam
695 2400 878 2453 deposcit,
912 2409 955 2437 ut
974 2413 1017 2436 ea
1036 2399 1329 2453 complectatur,
1361 2399 1503 2451 quibus
1535 2399 1611 2451 ipse
1633 2400 1751 2436 inter-

355 2463 444 2501 fuit.
466 2467 691 2505 ATTicus.
711 2468 797 2519 Ego
813 2480 901 2505 vero
921 2466 1014 2504 huic
1034 2466 1161 2518 potius
1178 2465 1366 2504 assentior.
1391 2468 1485 2503 Sunt
1505 2466 1609 2503 enim
1628 2465 1752 2503 maxi·

355 2542 427 2569 maz
448 2541 505 2568 res
526 2530 565 2569 in
583 2529 655 2570 hac
677 2533 864 2572 memoria
883 2542 996 2586 atque
1017 2540 1124 2571 aetate
1143 2531 1290 2571 nostra:
1324 2539 1409 2570 tum
1431 2539 1560 2570 autem
1582 2529 1753 2568 hominis
