<?xml version="1.0" encoding="UTF-8"?>
<!DOCTYPE html PUBLIC "-//W3C//DTD XHTML 1.0 Transitional//EN"
    "http://www.w3.org/TR/xhtml1/DTD/xhtml1-transitional.dtd">
<html xmlns="http://www.w3.org/1999/xhtml" xml:lang="en" lang="en">
 <head>
  <title>
</title>
<meta http-equiv="Content-Type" content="text/html;charset=utf-8" />
  <meta name='ocr-system' content='tesseract 3.04.00' />
  <meta name='ocr-capabilities' content='ocr_page ocr_carea ocr_par ocr_line ocrx_word'/>
</head>
<body>
  <div class='ocr_page' id='page_1' title='image "./operacumindicibu03ciceuoft_0031.png"; bbox 0 0 2223 3003; ppageno 0'>
   <div class='ocr_carea' id='block_1_1' title="bbox 789 263 1830 319">
    <p class='ocr_par' dir='ltr' id='par_1_1' title="bbox 789 263 1830 319">
     <span class='ocr_line' id='line_1_1' title="bbox 789 263 1830 319; baseline 0.003 -16"><span class='ocrx_word' id='word_1_1' title='bbox 789 263 1063 303; x_wconf 82' lang='lat' dir='ltr'><strong>LIBER</strong></span> <span class='ocrx_word' id='word_1_2' title='bbox 1126 264 1483 302; x_wconf 79' lang='lat' dir='ltr'>PRIMUS.</span> <span class='ocrx_word' id='word_1_3' title='bbox 1781 280 1830 319; x_wconf 80' lang='lat'>25</span> 
     </span>
    </p>
   </div>
   <div class='ocr_carea' id='block_1_2' title="bbox 442 360 1843 2622">
    <p class='ocr_par' dir='ltr' id='par_1_2' title="bbox 444 360 1832 670">
     <span class='ocr_line' id='line_1_2' title="bbox 445 360 1831 407; baseline 0.001 -9"><span class='ocrx_word' id='word_1_4' title='bbox 445 361 664 399; x_wconf 86' lang='lat' dir='ltr'>nuntiatum</span> <span class='ocrx_word' id='word_1_5' title='bbox 683 360 750 406; x_wconf 89' lang='lat' dir='ltr'>est,</span> <span class='ocrx_word' id='word_1_6' title='bbox 782 370 824 399; x_wconf 90' lang='lat' dir='ltr'>ut</span> <span class='ocrx_word' id='word_1_7' title='bbox 844 361 1052 407; x_wconf 75' lang='lat' dir='ltr'>audivisses,</span> <span class='ocrx_word' id='word_1_8' title='bbox 1084 361 1123 399; x_wconf 92' lang='lat' dir='ltr'>in</span> <span class='ocrx_word' id='word_1_9' title='bbox 1144 370 1399 400; x_wconf 85' lang='lat' dir='ltr'>monumento</span> <span class='ocrx_word' id='word_1_10' title='bbox 1418 361 1538 399; x_wconf 86' lang='lat' dir='ltr'>Marii</span> <span class='ocrx_word' id='word_1_11' title='bbox 1557 361 1604 399; x_wconf 88' lang='lat' dir='ltr'>de</span> <span class='ocrx_word' id='word_1_12' title='bbox 1624 371 1690 400; x_wconf 90' lang='lat' dir='ltr'>tuo</span> <span class='ocrx_word' id='word_1_13' title='bbox 1709 361 1831 400; x_wconf 89' lang='lat' dir='ltr'>reditu</span> 
     </span>
     <span class='ocr_line' id='line_1_3' title="bbox 446 425 1832 478; baseline 0.001 -15"><span class='ocrx_word' id='word_1_14' title='bbox 446 426 862 478; x_wconf 87' lang='lat' dir='ltr'>magnificentiffimum</span> <span class='ocrx_word' id='word_1_15' title='bbox 884 427 980 464; x_wconf 87' lang='lat' dir='ltr'>illud</span> <span class='ocrx_word' id='word_1_16' title='bbox 993 426 1138 464; x_wconf 53' lang='lat' dir='ltr'>senatos</span> <span class='ocrx_word' id='word_1_17' title='bbox 1154 427 1373 464; x_wconf 87' lang='lat' dir='ltr'>consultum</span> <span class='ocrx_word' id='word_1_18' title='bbox 1388 426 1459 464; x_wconf 83' lang='lat' dir='ltr'>effe</span> <span class='ocrx_word' id='word_1_19' title='bbox 1470 425 1630 471; x_wconf 69' lang='lat' dir='ltr'>faftum,</span> <span class='ocrx_word' id='word_1_20' title='bbox 1647 426 1832 465; x_wconf 84' lang='lat' dir='ltr'><strong>referente</strong></span> 
     </span>
     <span class='ocr_line' id='line_1_4' title="bbox 444 490 1829 543; baseline 0 -14"><span class='ocrx_word' id='word_1_21' title='bbox 444 492 595 543; x_wconf 87' lang='lat' dir='ltr'>optimo</span> <span class='ocrx_word' id='word_1_22' title='bbox 613 500 651 528; x_wconf 92' lang='lat' dir='ltr'>et</span> <span class='ocrx_word' id='word_1_23' title='bbox 677 490 879 528; x_wconf 87' lang='lat' dir='ltr'>clariffimo</span> <span class='ocrx_word' id='word_1_24' title='bbox 910 491 990 526; x_wconf 85' lang='lat' dir='ltr'>viro</span> <span class='ocrx_word' id='word_1_25' title='bbox 1011 490 1190 533; x_wconf 87' lang='lat' dir='ltr'>Consule,</span> <span class='ocrx_word' id='word_1_26' title='bbox 1211 491 1327 541; x_wconf 91' lang='lat' dir='ltr'>idque</span> <span class='ocrx_word' id='word_1_27' title='bbox 1345 490 1648 541; x_wconf 87' lang='lat' dir='ltr'>frequentiffirno</span> <span class='ocrx_word' id='word_1_28' title='bbox 1669 491 1829 535; x_wconf 86' lang='lat' dir='ltr'>theatro,</span> 
     </span>
     <span class='ocr_line' id='line_1_5' title="bbox 444 553 1831 605; baseline 0.001 -13"><span class='ocrx_word' id='word_1_29' title='bbox 444 555 660 592; x_wconf 83' lang='lat' dir='ltr'>incredibili</span> <span class='ocrx_word' id='word_1_30' title='bbox 681 555 846 591; x_wconf 74' lang='lat' dir='ltr'>clamore</span> <span class='ocrx_word' id='word_1_31' title='bbox 866 563 903 590; x_wconf 92' lang='lat' dir='ltr'>et</span> <span class='ocrx_word' id='word_1_32' title='bbox 923 553 1055 605; x_wconf 85' lang='lat' dir='ltr'>plausu</span> <span class='ocrx_word' id='word_1_33' title='bbox 1075 554 1368 605; x_wconf 87' lang='lat' dir='ltr'>comprobatum</span> <span class='ocrx_word' id='word_1_34' title='bbox 1383 571 1394 597; x_wconf 79' lang='lat'>3</span> <span class='ocrx_word' id='word_1_35' title='bbox 1426 555 1556 592; x_wconf 83' lang='lat' dir='ltr'>dixiffe</span> <span class='ocrx_word' id='word_1_36' title='bbox 1577 566 1625 600; x_wconf 90' lang='lat' dir='ltr'>te,</span> <span class='ocrx_word' id='word_1_37' title='bbox 1647 555 1746 594; x_wconf 87' lang='lat' dir='ltr'>nihil</span> <span class='ocrx_word' id='word_1_38' title='bbox 1762 557 1831 594; x_wconf 89' lang='lat' dir='ltr'>illo</span> 
     </span>
     <span class='ocr_line' id='line_1_6' title="bbox 445 617 1183 670; baseline -0.003 -13"><span class='ocrx_word' id='word_1_39' title='bbox 445 620 595 657; x_wconf 87' lang='lat' dir='ltr'>Atinati</span> <span class='ocrx_word' id='word_1_40' title='bbox 615 618 762 657; x_wconf 86' lang='lat' dir='ltr'>somnio</span> <span class='ocrx_word' id='word_1_41' title='bbox 782 618 862 656; x_wconf 89' lang='lat' dir='ltr'>fieri</span> <span class='ocrx_word' id='word_1_42' title='bbox 881 617 982 670; x_wconf 86' lang='lat' dir='ltr'>poffe</span> <span class='ocrx_word' id='word_1_43' title='bbox 1001 618 1183 656; x_wconf 86' lang='lat' dir='ltr'>divinius.</span> 
     </span>
    </p>

    <p class='ocr_par' dir='ltr' id='par_1_3' title="bbox 442 682 1843 2175">
     <span class='ocr_line' id='line_1_7' title="bbox 499 682 1832 723; baseline 0.001 -1"><span class='ocrx_word' id='word_1_44' title='bbox 499 685 651 722; x_wconf 91' lang='lat' dir='ltr'><strong>XXIX.</strong></span> <span class='ocrx_word' id='word_1_45' title='bbox 683 686 738 722; x_wconf 86' lang='lat' dir='ltr'>At</span> <span class='ocrx_word' id='word_1_46' title='bbox 758 684 880 722; x_wconf 81' lang='lat' dir='ltr'>multa</span> <span class='ocrx_word' id='word_1_47' title='bbox 900 683 989 723; x_wconf 74' lang='lat' dir='ltr'>falfa</span> <span class='ocrx_word' id='word_1_48' title='bbox 1006 699 1014 722; x_wconf 77' lang='grc' dir='ltr'>ε</span> <span class='ocrx_word' id='word_1_49' title='bbox 1036 684 1161 722; x_wconf 89' lang='lat' dir='ltr'>immo</span> <span class='ocrx_word' id='word_1_50' title='bbox 1178 683 1334 721; x_wconf 84' lang='lat' dir='ltr'>obscura</span> <span class='ocrx_word' id='word_1_51' title='bbox 1352 682 1500 722; x_wconf 78' lang='lat' dir='ltr'>fortasse</span> <span class='ocrx_word' id='word_1_52' title='bbox 1519 685 1644 722; x_wconf 87' lang='lat' dir='ltr'>nobis.</span> <span class='ocrx_word' id='word_1_53' title='bbox 1677 686 1746 722; x_wconf 86' lang='lat' dir='ltr'>Sed</span> <span class='ocrx_word' id='word_1_54' title='bbox 1762 686 1832 723; x_wconf 86' lang='lat' dir='ltr'>smt</span> 
     </span>
     <span class='ocr_line' id='line_1_8' title="bbox 446 749 1832 803; baseline 0.001 -16"><span class='ocrx_word' id='word_1_55' title='bbox 446 749 536 788; x_wconf 87' lang='lat' dir='ltr'>falsa</span> <span class='ocrx_word' id='word_1_56' title='bbox 554 751 756 803; x_wconf 80' lang='lat' dir='ltr'>quaedam3</span> <span class='ocrx_word' id='word_1_57' title='bbox 787 759 917 789; x_wconf 82' lang='lat' dir='ltr'>contra</span> <span class='ocrx_word' id='word_1_58' title='bbox 949 764 1032 789; x_wconf 90' lang='lat' dir='ltr'>vera</span> <span class='ocrx_word' id='word_1_59' title='bbox 1065 750 1160 803; x_wconf 88' lang='lat' dir='ltr'>quid</span> <span class='ocrx_word' id='word_1_60' title='bbox 1189 750 1388 789; x_wconf 84' lang='lat' dir='ltr'>dicimus?</span> <span class='ocrx_word' id='word_1_61' title='bbox 1419 764 1502 803; x_wconf 82' lang='lat' dir='ltr'>quae</span> <span class='ocrx_word' id='word_1_62' title='bbox 1528 750 1686 802; x_wconf 86' lang='lat' dir='ltr'>quidem</span> <span class='ocrx_word' id='word_1_63' title='bbox 1707 751 1832 789; x_wconf 87' lang='lat' dir='ltr'>multo</span> 
     </span>
     <span class='ocr_line' id='line_1_9' title="bbox 446 815 1833 869; baseline 0 -16"><span class='ocrx_word' id='word_1_64' title='bbox 446 816 554 868; x_wconf 88' lang='lat' dir='ltr'>plura</span> <span class='ocrx_word' id='word_1_65' title='bbox 572 816 778 860; x_wconf 89' lang='lat' dir='ltr'>evenirent,</span> <span class='ocrx_word' id='word_1_66' title='bbox 808 816 835 854; x_wconf 87' lang='lat' dir='ltr'><strong>fi</strong></span> <span class='ocrx_word' id='word_1_67' title='bbox 856 816 902 854; x_wconf 87' lang='lat' dir='ltr'>ad</span> <span class='ocrx_word' id='word_1_68' title='bbox 921 817 1092 868; x_wconf 86' lang='lat' dir='ltr'>quietem</span> <span class='ocrx_word' id='word_1_69' title='bbox 1112 816 1249 869; x_wconf 86' lang='lat' dir='ltr'>integri</span> <span class='ocrx_word' id='word_1_70' title='bbox 1269 817 1424 854; x_wconf 88' lang='lat' dir='ltr'>iremus.</span> <span class='ocrx_word' id='word_1_71' title='bbox 1463 816 1582 854; x_wconf 91' lang='lat' dir='ltr'>Nunc</span> <span class='ocrx_word' id='word_1_72' title='bbox 1601 815 1725 853; x_wconf 90' lang='lat' dir='ltr'>onusti</span> <span class='ocrx_word' id='word_1_73' title='bbox 1745 816 1833 854; x_wconf 88' lang='lat' dir='ltr'>cibo</span> 
     </span>
     <span class='ocr_line' id='line_1_10' title="bbox 444 881 1832 934; baseline 0 -15"><span class='ocrx_word' id='word_1_74' title='bbox 444 891 484 919; x_wconf 91' lang='lat' dir='ltr'>et</span> <span class='ocrx_word' id='word_1_75' title='bbox 502 882 606 926; x_wconf 87' lang='lat' dir='ltr'>vino,</span> <span class='ocrx_word' id='word_1_76' title='bbox 627 882 846 934; x_wconf 87' lang='lat' dir='ltr'>perturbata</span> <span class='ocrx_word' id='word_1_77' title='bbox 863 891 901 920; x_wconf 86' lang='lat' dir='ltr'>et</span> <span class='ocrx_word' id='word_1_78' title='bbox 920 882 1075 923; x_wconf 82' lang='lat' dir='ltr'>confusa</span> <span class='ocrx_word' id='word_1_79' title='bbox 1094 883 1301 920; x_wconf 84' lang='lat' dir='ltr'>cernimus.</span> <span class='ocrx_word' id='word_1_80' title='bbox 1344 882 1456 927; x_wconf 89' lang='lat' dir='ltr'>Vide,</span> <span class='ocrx_word' id='word_1_81' title='bbox 1478 881 1572 934; x_wconf 89' lang='lat' dir='ltr'>quid</span> <span class='ocrx_word' id='word_1_82' title='bbox 1592 883 1760 920; x_wconf 82' lang='lat' dir='ltr'>Socrates</span> <span class='ocrx_word' id='word_1_83' title='bbox 1792 882 1832 919; x_wconf 88' lang='lat' dir='ltr'>in</span> 
     </span>
     <span class='ocr_line' id='line_1_11' title="bbox 446 946 1834 999; baseline 0 -14"><span class='ocrx_word' id='word_1_84' title='bbox 446 946 615 985; x_wconf 80' lang='lat' dir='ltr'>Platonis</span> <span class='ocrx_word' id='word_1_85' title='bbox 635 947 776 986; x_wconf 86' lang='lat' dir='ltr'>Politia</span> <span class='ocrx_word' id='word_1_86' title='bbox 795 947 986 999; x_wconf 89' lang='lat' dir='ltr'>loquatur.</span> <span class='ocrx_word' id='word_1_87' title='bbox 1036 948 1146 986; x_wconf 85' lang='lat' dir='ltr'>Dicit</span> <span class='ocrx_word' id='word_1_88' title='bbox 1165 947 1285 992; x_wconf 86' lang='lat' dir='ltr'>enim,</span> <span class='ocrx_word' id='word_1_89' title='bbox 1308 948 1398 986; x_wconf 89' lang='lat' dir='ltr'>Cum</span> <span class='ocrx_word' id='word_1_90' title='bbox 1422 946 1672 989; x_wconf 76' lang='lat' dir='ltr'>dormientibus</span> <span class='ocrx_word' id='word_1_91' title='bbox 1690 961 1730 985; x_wconf 88' lang='lat' dir='ltr'>ea</span> <span class='ocrx_word' id='word_1_92' title='bbox 1741 956 1834 999; x_wconf 84' lang='lat' dir='ltr'>pars</span> 
     </span>
     <span class='ocr_line' id='line_1_12' title="bbox 443 1012 1832 1066; baseline 0 -16"><span class='ocrx_word' id='word_1_93' title='bbox 443 1012 566 1057; x_wconf 83' lang='lat' dir='ltr'>animi,</span> <span class='ocrx_word' id='word_1_94' title='bbox 588 1027 667 1065; x_wconf 85' lang='lat' dir='ltr'>quae</span> <span class='ocrx_word' id='word_1_95' title='bbox 685 1013 810 1051; x_wconf 80' lang='lat' dir='ltr'>mentis</span> <span class='ocrx_word' id='word_1_96' title='bbox 827 1022 863 1051; x_wconf 89' lang='lat' dir='ltr'>et</span> <span class='ocrx_word' id='word_1_97' title='bbox 881 1013 1031 1052; x_wconf 86' lang='lat' dir='ltr'>rationis</span> <span class='ocrx_word' id='word_1_98' title='bbox 1034 1014 1091 1064; x_wconf 83' lang='lat' dir='ltr'>sit</span> <span class='ocrx_word' id='word_1_99' title='bbox 1102 1013 1299 1066; x_wconf 82' lang='lat' dir='ltr'>particeps,</span> <span class='ocrx_word' id='word_1_100' title='bbox 1315 1013 1440 1065; x_wconf 85' lang='lat' dir='ltr'>sopita</span> <span class='ocrx_word' id='word_1_101' title='bbox 1457 1013 1626 1064; x_wconf 83' lang='lat' dir='ltr'>langueat</span> <span class='ocrx_word' id='word_1_102' title='bbox 1641 1030 1653 1056; x_wconf 83' lang='lat'>3</span> <span class='ocrx_word' id='word_1_103' title='bbox 1684 1012 1745 1050; x_wconf 89' lang='lat' dir='ltr'>illa</span> <span class='ocrx_word' id='word_1_104' title='bbox 1763 1026 1832 1050; x_wconf 90' lang='lat' dir='ltr'>au-</span> 
     </span>
     <span class='ocr_line' id='line_1_13' title="bbox 444 1076 1834 1130; baseline -0.002 -14"><span class='ocrx_word' id='word_1_105' title='bbox 444 1086 527 1120; x_wconf 87' lang='lat' dir='ltr'>tem,</span> <span class='ocrx_word' id='word_1_106' title='bbox 558 1077 594 1114; x_wconf 87' lang='lat' dir='ltr'>in</span> <span class='ocrx_word' id='word_1_107' title='bbox 625 1091 695 1129; x_wconf 86' lang='lat' dir='ltr'>qua</span> <span class='ocrx_word' id='word_1_108' title='bbox 712 1077 855 1129; x_wconf 67' lang='lat' dir='ltr'>feritas</span> <span class='ocrx_word' id='word_1_109' title='bbox 873 1076 1032 1130; x_wconf 82' lang='lat' dir='ltr'>quaedam</span> <span class='ocrx_word' id='word_1_110' title='bbox 1049 1078 1107 1129; x_wconf 81' lang='lat' dir='ltr'>stt</span> <span class='ocrx_word' id='word_1_111' title='bbox 1135 1087 1242 1130; x_wconf 86' lang='lat' dir='ltr'>atque</span> <span class='ocrx_word' id='word_1_112' title='bbox 1259 1077 1406 1129; x_wconf 71' lang='lat' dir='ltr'>agrestis</span> <span class='ocrx_word' id='word_1_113' title='bbox 1435 1076 1650 1120; x_wconf 82' lang='lat' dir='ltr'>immanitas,</span> <span class='ocrx_word' id='word_1_114' title='bbox 1682 1090 1759 1114; x_wconf 90' lang='lat' dir='ltr'>cum</span> <span class='ocrx_word' id='word_1_115' title='bbox 1776 1076 1834 1126; x_wconf 80' lang='lat' dir='ltr'>stt</span> 
     </span>
     <span class='ocr_line' id='line_1_14' title="bbox 444 1141 1833 1195; baseline -0.001 -15"><span class='ocrx_word' id='word_1_116' title='bbox 444 1142 667 1181; x_wconf 86' lang='lat' dir='ltr'>immoderato</span> <span class='ocrx_word' id='word_1_117' title='bbox 695 1142 930 1194; x_wconf 53' lang='lat' dir='ltr'>obstupefacta</span> <span class='ocrx_word' id='word_1_118' title='bbox 951 1152 1042 1195; x_wconf 88' lang='lat' dir='ltr'>potu</span> <span class='ocrx_word' id='word_1_119' title='bbox 1071 1152 1178 1195; x_wconf 83' lang='lat' dir='ltr'>atque</span> <span class='ocrx_word' id='word_1_120' title='bbox 1199 1143 1318 1194; x_wconf 69' lang='lat' dir='ltr'>pastu,</span> <span class='ocrx_word' id='word_1_121' title='bbox 1351 1142 1528 1194; x_wconf 56' lang='lat' dir='ltr'>exfiltare</span> <span class='ocrx_word' id='word_1_122' title='bbox 1561 1155 1635 1182; x_wconf 84' lang='lat' dir='ltr'>eam</span> <span class='ocrx_word' id='word_1_123' title='bbox 1654 1141 1691 1180; x_wconf 86' lang='lat' dir='ltr'>in</span> <span class='ocrx_word' id='word_1_124' title='bbox 1696 1142 1833 1194; x_wconf 77' lang='lat' dir='ltr'>somno,</span> 
     </span>
     <span class='ocr_line' id='line_1_15' title="bbox 445 1205 1836 1260; baseline -0.001 -15"><span class='ocrx_word' id='word_1_125' title='bbox 445 1206 733 1260; x_wconf 83' lang='lat' dir='ltr'>immoderateque</span> <span class='ocrx_word' id='word_1_126' title='bbox 744 1207 912 1258; x_wconf 61' lang='lat' dir='ltr'>jactari:</span> <span class='ocrx_word' id='word_1_127' title='bbox 943 1207 1063 1259; x_wconf 87' lang='lat' dir='ltr'>itaque</span> <span class='ocrx_word' id='word_1_128' title='bbox 1081 1207 1163 1245; x_wconf 86' lang='lat' dir='ltr'>huic</span> <span class='ocrx_word' id='word_1_129' title='bbox 1181 1207 1295 1245; x_wconf 84' lang='lat' dir='ltr'>omnia</span> <span class='ocrx_word' id='word_1_130' title='bbox 1324 1206 1402 1259; x_wconf 69' lang='lat' dir='ltr'>visa</span> <span class='ocrx_word' id='word_1_131' title='bbox 1420 1205 1647 1256; x_wconf 64' lang='lat' dir='ltr'>olgjiciuntur,</span> <span class='ocrx_word' id='word_1_132' title='bbox 1680 1220 1705 1244; x_wconf 91' lang='lat' dir='ltr'>a</span> <span class='ocrx_word' id='word_1_133' title='bbox 1722 1215 1836 1244; x_wconf 88' lang='lat' dir='ltr'>mente</span> 
     </span>
     <span class='ocr_line' id='line_1_16' title="bbox 444 1270 1836 1324; baseline -0.002 -14"><span class='ocrx_word' id='word_1_134' title='bbox 444 1287 489 1311; x_wconf 88' lang='lat' dir='ltr'>ac</span> <span class='ocrx_word' id='word_1_135' title='bbox 506 1273 646 1311; x_wconf 87' lang='lat' dir='ltr'>ratione</span> <span class='ocrx_word' id='word_1_136' title='bbox 674 1287 794 1312; x_wconf 87' lang='lat' dir='ltr'>vacua</span> <span class='ocrx_word' id='word_1_137' title='bbox 807 1290 820 1317; x_wconf 99' lang='lat'>3</span> <span class='ocrx_word' id='word_1_138' title='bbox 850 1281 894 1311; x_wconf 90' lang='lat' dir='ltr'>ut</span> <span class='ocrx_word' id='word_1_139' title='bbox 911 1280 978 1311; x_wconf 86' lang='lat' dir='ltr'>aut</span> <span class='ocrx_word' id='word_1_140' title='bbox 1003 1286 1080 1310; x_wconf 86' lang='lat' dir='ltr'>cum</span> <span class='ocrx_word' id='word_1_141' title='bbox 1098 1280 1216 1310; x_wconf 86' lang='lat' dir='ltr'>matre</span> <span class='ocrx_word' id='word_1_142' title='bbox 1235 1279 1361 1324; x_wconf 89' lang='lat' dir='ltr'>corpus</span> <span class='ocrx_word' id='word_1_143' title='bbox 1378 1270 1517 1324; x_wconf 69' lang='lat' dir='ltr'>mfiere</span> <span class='ocrx_word' id='word_1_144' title='bbox 1541 1270 1739 1315; x_wconf 86' lang='lat' dir='ltr'>videamur,</span> <span class='ocrx_word' id='word_1_145' title='bbox 1769 1278 1836 1308; x_wconf 87' lang='lat' dir='ltr'>aut</span> 
     </span>
     <span class='ocr_line' id='line_1_17' title="bbox 445 1335 1834 1392; baseline -0.003 -15"><span class='ocrx_word' id='word_1_146' title='bbox 445 1352 525 1377; x_wconf 89' lang='lat' dir='ltr'>cum</span> <span class='ocrx_word' id='word_1_147' title='bbox 543 1339 668 1392; x_wconf 85' lang='lat' dir='ltr'>quovis</span> <span class='ocrx_word' id='word_1_148' title='bbox 685 1339 752 1377; x_wconf 87' lang='lat' dir='ltr'>alio</span> <span class='ocrx_word' id='word_1_149' title='bbox 771 1339 834 1377; x_wconf 86' lang='lat' dir='ltr'>vel</span> <span class='ocrx_word' id='word_1_150' title='bbox 846 1338 992 1383; x_wconf 85' lang='lat' dir='ltr'>homine,</span> <span class='ocrx_word' id='word_1_151' title='bbox 1011 1338 1076 1377; x_wconf 86' lang='lat' dir='ltr'>vel</span> <span class='ocrx_word' id='word_1_152' title='bbox 1088 1339 1183 1382; x_wconf 89' lang='lat' dir='ltr'>Deo,</span> <span class='ocrx_word' id='word_1_153' title='bbox 1198 1338 1300 1390; x_wconf 80' lang='lat' dir='ltr'>saepe</span> <span class='ocrx_word' id='word_1_154' title='bbox 1323 1336 1436 1375; x_wconf 87' lang='lat' dir='ltr'><em>bellua</em></span> <span class='ocrx_word' id='word_1_155' title='bbox 1449 1354 1463 1382; x_wconf 90' lang='lat'>3</span> <span class='ocrx_word' id='word_1_156' title='bbox 1499 1346 1606 1390; x_wconf 86' lang='lat' dir='ltr'>atque</span> <span class='ocrx_word' id='word_1_157' title='bbox 1622 1335 1729 1374; x_wconf 88' lang='lat' dir='ltr'>etiam</span> <span class='ocrx_word' id='word_1_158' title='bbox 1749 1344 1834 1373; x_wconf 85' lang='lat' dir='ltr'>tru-</span> 
     </span>
     <span class='ocr_line' id='line_1_18' title="bbox 445 1402 1837 1457; baseline -0.002 -15"><span class='ocrx_word' id='word_1_159' title='bbox 445 1403 566 1443; x_wconf 87' lang='lat' dir='ltr'>cidare</span> <span class='ocrx_word' id='word_1_160' title='bbox 583 1404 744 1457; x_wconf 84' lang='lat' dir='ltr'>aliquem,</span> <span class='ocrx_word' id='word_1_161' title='bbox 781 1413 817 1443; x_wconf 84' lang='lat' dir='ltr'>et</span> <span class='ocrx_word' id='word_1_162' title='bbox 845 1404 947 1456; x_wconf 85' lang='lat' dir='ltr'>impie</span> <span class='ocrx_word' id='word_1_163' title='bbox 976 1404 1174 1448; x_wconf 85' lang='lat' dir='ltr'>cruentari,</span> <span class='ocrx_word' id='word_1_164' title='bbox 1209 1403 1389 1455; x_wconf 87' lang='lat' dir='ltr'>multaque</span> <span class='ocrx_word' id='word_1_165' title='bbox 1405 1402 1537 1454; x_wconf 86' lang='lat' dir='ltr'>facere</span> <span class='ocrx_word' id='word_1_166' title='bbox 1565 1403 1701 1454; x_wconf 86' lang='lat' dir='ltr'>impure</span> <span class='ocrx_word' id='word_1_167' title='bbox 1729 1410 1837 1454; x_wconf 86' lang='lat' dir='ltr'>atque</span> 
     </span>
     <span class='ocr_line' id='line_1_19' title="bbox 446 1466 1837 1522; baseline -0.001 -15"><span class='ocrx_word' id='word_1_168' title='bbox 446 1479 553 1514; x_wconf 85' lang='lat' dir='ltr'>tetre,</span> <span class='ocrx_word' id='word_1_169' title='bbox 573 1484 651 1509; x_wconf 90' lang='lat' dir='ltr'>cum</span> <span class='ocrx_word' id='word_1_170' title='bbox 669 1470 870 1509; x_wconf 82' lang='lat' dir='ltr'>temeritate</span> <span class='ocrx_word' id='word_1_171' title='bbox 887 1478 922 1508; x_wconf 85' lang='lat' dir='ltr'>et</span> <span class='ocrx_word' id='word_1_172' title='bbox 937 1468 1164 1522; x_wconf 86' lang='lat' dir='ltr'>impudentia.</span> <span class='ocrx_word' id='word_1_173' title='bbox 1186 1469 1245 1507; x_wconf 86' lang='lat' dir='ltr'>At</span> <span class='ocrx_word' id='word_1_174' title='bbox 1264 1468 1328 1521; x_wconf 85' lang='lat' dir='ltr'>qui</span> <span class='ocrx_word' id='word_1_175' title='bbox 1327 1467 1477 1520; x_wconf 84' lang='lat' dir='ltr'>salubri</span> <span class='ocrx_word' id='word_1_176' title='bbox 1491 1476 1527 1507; x_wconf 87' lang='lat' dir='ltr'>et</span> <span class='ocrx_word' id='word_1_177' title='bbox 1544 1466 1720 1506; x_wconf 89' lang='lat' dir='ltr'>moderato</span> <span class='ocrx_word' id='word_1_178' title='bbox 1738 1467 1837 1505; x_wconf 82' lang='lat' dir='ltr'>cultu</span> 
     </span>
     <span class='ocr_line' id='line_1_20' title="bbox 446 1531 1843 1588; baseline -0.003 -14"><span class='ocrx_word' id='word_1_179' title='bbox 446 1544 555 1587; x_wconf 86' lang='lat' dir='ltr'>atque</span> <span class='ocrx_word' id='word_1_180' title='bbox 571 1535 674 1574; x_wconf 56' lang='lat' dir='ltr'>victu</span> <span class='ocrx_word' id='word_1_181' title='bbox 693 1535 806 1588; x_wconf 84' lang='lat' dir='ltr'>quieti</span> <span class='ocrx_word' id='word_1_182' title='bbox 805 1536 850 1588; x_wconf 79' lang='lat' dir='ltr'><em>st</em></span> <span class='ocrx_word' id='word_1_183' title='bbox 868 1535 1074 1580; x_wconf 67' lang='lat' dir='ltr'>tradiderit,</span> <span class='ocrx_word' id='word_1_184' title='bbox 1095 1550 1136 1574; x_wconf 89' lang='lat' dir='ltr'>ea</span> <span class='ocrx_word' id='word_1_185' title='bbox 1147 1543 1259 1587; x_wconf 88' lang='lat' dir='ltr'>parte</span> <span class='ocrx_word' id='word_1_186' title='bbox 1277 1534 1399 1578; x_wconf 86' lang='lat' dir='ltr'>animi,</span> <span class='ocrx_word' id='word_1_187' title='bbox 1420 1548 1499 1587; x_wconf 82' lang='lat' dir='ltr'>quae</span> <span class='ocrx_word' id='word_1_188' title='bbox 1517 1533 1642 1572; x_wconf 85' lang='lat' dir='ltr'>mentis</span> <span class='ocrx_word' id='word_1_189' title='bbox 1657 1541 1694 1572; x_wconf 87' lang='lat' dir='ltr'>et</span> <span class='ocrx_word' id='word_1_190' title='bbox 1712 1531 1843 1584; x_wconf 69' lang='lat' dir='ltr'>cotfilii</span> 
     </span>
     <span class='ocr_line' id='line_1_21' title="bbox 447 1598 1834 1653; baseline -0.002 -15"><span class='ocrx_word' id='word_1_191' title='bbox 447 1599 506 1653; x_wconf 86' lang='lat' dir='ltr'>est,</span> <span class='ocrx_word' id='word_1_192' title='bbox 535 1600 681 1652; x_wconf 70' lang='lat' dir='ltr'>agitata&#39;</span> <span class='ocrx_word' id='word_1_193' title='bbox 716 1610 751 1638; x_wconf 86' lang='lat' dir='ltr'>et</span> <span class='ocrx_word' id='word_1_194' title='bbox 785 1601 914 1645; x_wconf 65' lang='lat' dir='ltr'>erem,</span> <span class='ocrx_word' id='word_1_195' title='bbox 944 1601 1190 1653; x_wconf 71' lang='lat' dir='ltr'>stzturatcique</span> <span class='ocrx_word' id='word_1_196' title='bbox 1217 1600 1388 1638; x_wconf 84' lang='lat' dir='ltr'>bonarum</span> <span class='ocrx_word' id='word_1_197' title='bbox 1424 1599 1674 1651; x_wconf 85' lang='lat' dir='ltr'>cogitationum</span> <span class='ocrx_word' id='word_1_198' title='bbox 1693 1598 1802 1649; x_wconf 85' lang='lat' dir='ltr'>epulis</span> <span class='ocrx_word' id='word_1_199' title='bbox 1819 1615 1834 1642; x_wconf 91' lang='lat'>3</span> 
     </span>
     <span class='ocr_line' id='line_1_22' title="bbox 446 1661 1834 1717; baseline -0.002 -15"><span class='ocrx_word' id='word_1_200' title='bbox 446 1666 554 1717; x_wconf 64' lang='lat' dir='ltr'>eaque</span> <span class='ocrx_word' id='word_1_201' title='bbox 566 1674 677 1716; x_wconf 89' lang='lat' dir='ltr'>parte</span> <span class='ocrx_word' id='word_1_202' title='bbox 693 1664 816 1708; x_wconf 85' lang='lat' dir='ltr'>animi,</span> <span class='ocrx_word' id='word_1_203' title='bbox 838 1678 916 1716; x_wconf 81' lang='lat' dir='ltr'>quae</span> <span class='ocrx_word' id='word_1_204' title='bbox 934 1665 1119 1717; x_wconf 83' lang='lat' dir='ltr'>voluptate</span> <span class='ocrx_word' id='word_1_205' title='bbox 1136 1665 1264 1707; x_wconf 80' lang='lat' dir='ltr'>alitur,</span> <span class='ocrx_word' id='word_1_206' title='bbox 1284 1677 1346 1701; x_wconf 90' lang='lat' dir='ltr'>nec</span> <span class='ocrx_word' id='word_1_207' title='bbox 1363 1664 1481 1715; x_wconf 70' lang='lat' dir='ltr'>inopia</span> <span class='ocrx_word' id='word_1_208' title='bbox 1496 1663 1628 1706; x_wconf 69' lang='lat' dir='ltr'>enettd,</span> <span class='ocrx_word' id='word_1_209' title='bbox 1648 1675 1712 1700; x_wconf 86' lang='lat' dir='ltr'>nec</span> <span class='ocrx_word' id='word_1_210' title='bbox 1714 1661 1834 1713; x_wconf 68' lang='lat' dir='ltr'>stitte-</span> 
     </span>
     <span class='ocr_line' id='line_1_23' title="bbox 448 1726 1837 1781; baseline -0.002 -14"><span class='ocrx_word' id='word_1_211' title='bbox 448 1738 526 1767; x_wconf 83' lang='lat' dir='ltr'>tate</span> <span class='ocrx_word' id='word_1_212' title='bbox 543 1728 714 1781; x_wconf 81' lang='lat' dir='ltr'>affluenti,</span> <span class='ocrx_word' id='word_1_213' title='bbox 735 1741 882 1781; x_wconf 84' lang='lat' dir='ltr'>quorum</span> <span class='ocrx_word' id='word_1_214' title='bbox 900 1738 1090 1779; x_wconf 86' lang='lat' dir='ltr'>utrumque</span> <span class='ocrx_word' id='word_1_215' title='bbox 1101 1729 1354 1779; x_wconf 79' lang='lat' dir='ltr'>praestringere</span> <span class='ocrx_word' id='word_1_216' title='bbox 1369 1727 1478 1766; x_wconf 86' lang='lat' dir='ltr'>aciem</span> <span class='ocrx_word' id='word_1_217' title='bbox 1501 1727 1627 1764; x_wconf 80' lang='lat' dir='ltr'>mentis</span> <span class='ocrx_word' id='word_1_218' title='bbox 1631 1727 1738 1779; x_wconf 76' lang='lat' dir='ltr'>solet,</span> <span class='ocrx_word' id='word_1_219' title='bbox 1751 1726 1837 1777; x_wconf 79' lang='lat' dir='ltr'>five</span> 
     </span>
     <span class='ocr_line' id='line_1_24' title="bbox 445 1791 1839 1848; baseline -0.003 -14"><span class='ocrx_word' id='word_1_220' title='bbox 445 1794 531 1848; x_wconf 70' lang='lat' dir='ltr'>deest</span> <span class='ocrx_word' id='word_1_221' title='bbox 549 1805 695 1833; x_wconf 81' lang='lat' dir='ltr'>naturae</span> <span class='ocrx_word' id='word_1_222' title='bbox 725 1793 916 1847; x_wconf 84' lang='lat' dir='ltr'>quippiam,</span> <span class='ocrx_word' id='word_1_223' title='bbox 923 1793 1008 1844; x_wconf 84' lang='lat' dir='ltr'>five</span> <span class='ocrx_word' id='word_1_224' title='bbox 1025 1792 1185 1831; x_wconf 84' lang='lat' dir='ltr'>abundat</span> <span class='ocrx_word' id='word_1_225' title='bbox 1210 1802 1318 1845; x_wconf 86' lang='lat' dir='ltr'>atque</span> <span class='ocrx_word' id='word_1_226' title='bbox 1337 1791 1451 1844; x_wconf 78' lang='lat' dir='ltr'>affluit</span> <span class='ocrx_word' id='word_1_227' title='bbox 1466 1810 1478 1837; x_wconf 89' lang='lat'>3</span> <span class='ocrx_word' id='word_1_228' title='bbox 1509 1792 1572 1833; x_wconf 74' lang='lat' dir='ltr'>illd</span> <span class='ocrx_word' id='word_1_229' title='bbox 1599 1791 1705 1833; x_wconf 88' lang='lat' dir='ltr'>etiam</span> <span class='ocrx_word' id='word_1_230' title='bbox 1725 1792 1839 1830; x_wconf 65' lang='lat' dir='ltr'>tertia</span> 
     </span>
     <span class='ocr_line' id='line_1_25' title="bbox 442 1856 1837 1914; baseline -0.003 -16"><span class='ocrx_word' id='word_1_231' title='bbox 442 1869 556 1914; x_wconf 87' lang='lat' dir='ltr'>parte</span> <span class='ocrx_word' id='word_1_232' title='bbox 571 1860 694 1904; x_wconf 85' lang='lat' dir='ltr'>animi,</span> <span class='ocrx_word' id='word_1_233' title='bbox 711 1859 747 1897; x_wconf 87' lang='lat' dir='ltr'>in</span> <span class='ocrx_word' id='word_1_234' title='bbox 767 1873 838 1912; x_wconf 85' lang='lat' dir='ltr'>qua</span> <span class='ocrx_word' id='word_1_235' title='bbox 854 1859 995 1897; x_wconf 85' lang='lat' dir='ltr'>irarum</span> <span class='ocrx_word' id='word_1_236' title='bbox 1013 1857 1138 1910; x_wconf 75' lang='lat' dir='ltr'>exfistit</span> <span class='ocrx_word' id='word_1_237' title='bbox 1156 1857 1278 1901; x_wconf 81' lang='lat' dir='ltr'>ardor,</span> <span class='ocrx_word' id='word_1_238' title='bbox 1278 1856 1412 1910; x_wconf 77' lang='lat' dir='ltr'>stdata&#39;</span> <span class='ocrx_word' id='word_1_239' title='bbox 1427 1866 1534 1910; x_wconf 83' lang='lat' dir='ltr'>atque</span> <span class='ocrx_word' id='word_1_240' title='bbox 1552 1856 1716 1909; x_wconf 61' lang='lat' dir='ltr'>resta‘nola‘</span> <span class='ocrx_word' id='word_1_241' title='bbox 1726 1872 1739 1895; x_wconf 87' lang='lat'>.·</span> <span class='ocrx_word' id='word_1_242' title='bbox 1761 1866 1837 1895; x_wconf 87' lang='lat' dir='ltr'>tum</span> 
     </span>
     <span class='ocr_line' id='line_1_26' title="bbox 447 1922 1838 1976; baseline -0.002 -12"><span class='ocrx_word' id='word_1_243' title='bbox 447 1926 598 1970; x_wconf 87' lang='lat' dir='ltr'>eveniet,</span> <span class='ocrx_word' id='word_1_244' title='bbox 632 1924 768 1963; x_wconf 73' lang='lat' dir='ltr'>duabus</span> <span class='ocrx_word' id='word_1_245' title='bbox 798 1925 911 1964; x_wconf 86' lang='lat' dir='ltr'>animi</span> <span class='ocrx_word' id='word_1_246' title='bbox 925 1924 1123 1963; x_wconf 83' lang='lat' dir='ltr'>temerariis</span> <span class='ocrx_word' id='word_1_247' title='bbox 1134 1923 1307 1976; x_wconf 85' lang='lat' dir='ltr'>partibus</span> <span class='ocrx_word' id='word_1_248' title='bbox 1324 1923 1524 1975; x_wconf 75' lang='lat' dir='ltr'>compreffi&#39;s,</span> <span class='ocrx_word' id='word_1_249' title='bbox 1560 1931 1603 1960; x_wconf 84' lang='lat' dir='ltr'>ut</span> <span class='ocrx_word' id='word_1_250' title='bbox 1635 1922 1696 1960; x_wconf 86' lang='lat' dir='ltr'>illa</span> <span class='ocrx_word' id='word_1_251' title='bbox 1725 1922 1838 1961; x_wconf 84' lang='lat' dir='ltr'>tertia</span> 
     </span>
     <span class='ocr_line' id='line_1_27' title="bbox 443 1987 1838 2046; baseline -0.003 -16"><span class='ocrx_word' id='word_1_252' title='bbox 443 2001 537 2046; x_wconf 89' lang='lat' dir='ltr'>pars</span> <span class='ocrx_word' id='word_1_253' title='bbox 552 1991 702 2030; x_wconf 85' lang='lat' dir='ltr'>rationis</span> <span class='ocrx_word' id='word_1_254' title='bbox 715 2001 750 2030; x_wconf 89' lang='lat' dir='ltr'>et</span> <span class='ocrx_word' id='word_1_255' title='bbox 768 1991 894 2030; x_wconf 79' lang='lat' dir='ltr'>mentis</span> <span class='ocrx_word' id='word_1_256' title='bbox 911 1992 1056 2035; x_wconf 87' lang='lat' dir='ltr'>eluceat,</span> <span class='ocrx_word' id='word_1_257' title='bbox 1077 1992 1162 2043; x_wconf 76' lang='lat' dir='ltr'>etfi</span> <span class='ocrx_word' id='word_1_258' title='bbox 1173 1999 1334 2042; x_wconf 86' lang='lat' dir='ltr'>vegetam</span> <span class='ocrx_word' id='word_1_259' title='bbox 1345 1989 1397 2028; x_wconf 89' lang='lat' dir='ltr'>ad</span> <span class='ocrx_word' id='word_1_260' title='bbox 1391 1987 1638 2042; x_wconf 76' lang='lat' dir='ltr'>somniandum</span> <span class='ocrx_word' id='word_1_261' title='bbox 1656 2001 1838 2040; x_wconf 85' lang='lat' dir='ltr'>acremque</span> 
     </span>
     <span class='ocr_line' id='line_1_28' title="bbox 442 2052 1835 2110; baseline -0.002 -16"><span class='ocrx_word' id='word_1_262' title='bbox 442 2057 634 2110; x_wconf 84' lang='lat' dir='ltr'>praebeat:</span> <span class='ocrx_word' id='word_1_263' title='bbox 655 2065 732 2095; x_wconf 81' lang='lat' dir='ltr'>tum</span> <span class='ocrx_word' id='word_1_264' title='bbox 763 2057 797 2095; x_wconf 86' lang='lat' dir='ltr'>ei</span> <span class='ocrx_word' id='word_1_265' title='bbox 820 2057 903 2109; x_wconf 64' lang='lat' dir='ltr'>visa</span> <span class='ocrx_word' id='word_1_266' title='bbox 934 2056 1266 2110; x_wconf 83' lang='lat' dir='ltr'>quietisoccurrent</span> <span class='ocrx_word' id='word_1_267' title='bbox 1298 2053 1508 2107; x_wconf 85' lang='lat' dir='ltr'>tranquilla,</span> <span class='ocrx_word' id='word_1_268' title='bbox 1538 2062 1647 2106; x_wconf 86' lang='lat' dir='ltr'>atque</span> <span class='ocrx_word' id='word_1_269' title='bbox 1674 2052 1835 2092; x_wconf 83' lang='lat' dir='ltr'>veracia.</span> 
     </span>
     <span class='ocr_line' id='line_1_29' title="bbox 452 2121 1154 2175; baseline -0.001 -14"><span class='ocrx_word' id='word_1_270' title='bbox 452 2123 550 2161; x_wconf 84' lang='lat' dir='ltr'>Haec</span> <span class='ocrx_word' id='word_1_271' title='bbox 567 2123 680 2161; x_wconf 87' lang='lat' dir='ltr'>verba</span> <span class='ocrx_word' id='word_1_272' title='bbox 698 2122 775 2175; x_wconf 88' lang='lat' dir='ltr'>ipsa</span> <span class='ocrx_word' id='word_1_273' title='bbox 795 2122 964 2161; x_wconf 85' lang='lat' dir='ltr'>Platonis</span> <span class='ocrx_word' id='word_1_274' title='bbox 984 2121 1154 2174; x_wconf 82' lang='lat' dir='ltr'>expressi.</span> 
     </span>
    </p>

    <p class='ocr_par' dir='ltr' id='par_1_4' title="bbox 444 2183 1839 2571">
     <span class='ocr_line' id='line_1_30' title="bbox 506 2183 1836 2241; baseline -0.005 -14"><span class='ocrx_word' id='word_1_275' title='bbox 506 2189 639 2227; x_wconf 86' lang='lat' dir='ltr'>XXX.</span> <span class='ocrx_word' id='word_1_276' title='bbox 667 2189 887 2241; x_wconf 82' lang='lat' dir='ltr'>Epicurum</span> <span class='ocrx_word' id='word_1_277' title='bbox 905 2188 1027 2240; x_wconf 86' lang='lat' dir='ltr'>igitur</span> <span class='ocrx_word' id='word_1_278' title='bbox 1053 2187 1251 2226; x_wconf 84' lang='lat' dir='ltr'>audiemus</span> <span class='ocrx_word' id='word_1_279' title='bbox 1283 2185 1442 2238; x_wconf 87' lang='lat' dir='ltr'>potius?</span> <span class='ocrx_word' id='word_1_280' title='bbox 1473 2185 1580 2224; x_wconf 87' lang='lat' dir='ltr'>Nam</span> <span class='ocrx_word' id='word_1_281' title='bbox 1611 2183 1836 2228; x_wconf 87' lang='lat' dir='ltr'>Carneades,</span> 
     </span>
     <span class='ocr_line' id='line_1_31' title="bbox 449 2249 1838 2302; baseline -0.004 -9"><span class='ocrx_word' id='word_1_282' title='bbox 449 2254 745 2294; x_wconf 85' lang='lat' dir='ltr'>concertationis</span> <span class='ocrx_word' id='word_1_283' title='bbox 755 2254 901 2299; x_wconf 78' lang='lat' dir='ltr'>studio,</span> <span class='ocrx_word' id='word_1_284' title='bbox 917 2254 1103 2293; x_wconf 85' lang='lat' dir='ltr'>modoait</span> <span class='ocrx_word' id='word_1_285' title='bbox 1118 2252 1209 2298; x_wconf 90' lang='lat' dir='ltr'>hoc,</span> <span class='ocrx_word' id='word_1_286' title='bbox 1225 2253 1341 2293; x_wconf 87' lang='lat' dir='ltr'>modo</span> <span class='ocrx_word' id='word_1_287' title='bbox 1356 2251 1466 2291; x_wconf 90' lang='lat' dir='ltr'>illud.</span> <span class='ocrx_word' id='word_1_288' title='bbox 1488 2254 1543 2290; x_wconf 89' lang='lat' dir='ltr'>At</span> <span class='ocrx_word' id='word_1_289' title='bbox 1555 2250 1629 2292; x_wconf 70' lang='lat' dir='ltr'>‚ille</span> <span class='ocrx_word' id='word_1_290' title='bbox 1643 2249 1738 2302; x_wconf 89' lang='lat' dir='ltr'>quid</span> <span class='ocrx_word' id='word_1_291' title='bbox 1753 2249 1838 2288; x_wconf 87' lang='lat' dir='ltr'>sen-</span> 
     </span>
     <span class='ocr_line' id='line_1_32' title="bbox 444 2316 1839 2372; baseline -0.001 -13"><span class='ocrx_word' id='word_1_292' title='bbox 444 2320 502 2359; x_wconf 63' lang='lat' dir='ltr'>zit</span> <span class='ocrx_word' id='word_1_293' title='bbox 519 2321 532 2358; x_wconf 88' lang='lat'>?</span> <span class='ocrx_word' id='word_1_294' title='bbox 564 2321 685 2359; x_wconf 86' lang='lat' dir='ltr'>Sentit</span> <span class='ocrx_word' id='word_1_295' title='bbox 698 2329 831 2359; x_wconf 84' lang='lat' dir='ltr'>autem</span> <span class='ocrx_word' id='word_1_296' title='bbox 861 2319 960 2358; x_wconf 88' lang='lat' dir='ltr'>nihil</span> <span class='ocrx_word' id='word_1_297' title='bbox 980 2333 1152 2372; x_wconf 84' lang='lat' dir='ltr'>unquam</span> <span class='ocrx_word' id='word_1_298' title='bbox 1171 2319 1336 2371; x_wconf 83' lang='lat' dir='ltr'>elegans,</span> <span class='ocrx_word' id='word_1_299' title='bbox 1357 2317 1457 2359; x_wconf 88' lang='lat' dir='ltr'>nihil</span> <span class='ocrx_word' id='word_1_300' title='bbox 1476 2317 1673 2357; x_wconf 84' lang='lat' dir='ltr'>decorum·</span> <span class='ocrx_word' id='word_1_301' title='bbox 1717 2316 1839 2353; x_wconf 87' lang='lat' dir='ltr'>Hunc</span> 
     </span>
     <span class='ocr_line' id='line_1_33' title="bbox 444 2380 1839 2440; baseline -0.006 -15"><span class='ocrx_word' id='word_1_302' title='bbox 444 2399 545 2439; x_wconf 77' lang='lat' dir='ltr'>-ergo</span> <span class='ocrx_word' id='word_1_303' title='bbox 563 2395 767 2440; x_wconf 83' lang='lat' dir='ltr'>antepones</span> <span class='ocrx_word' id='word_1_304' title='bbox 787 2386 939 2425; x_wconf 83' lang='lat' dir='ltr'>Platoni</span> <span class='ocrx_word' id='word_1_305' title='bbox 957 2395 997 2424; x_wconf 87' lang='lat' dir='ltr'>et</span> <span class='ocrx_word' id='word_1_306' title='bbox 1015 2386 1158 2425; x_wconf 84' lang='lat' dir='ltr'>Socrati</span> <span class='ocrx_word' id='word_1_307' title='bbox 1176 2386 1190 2422; x_wconf 92' lang='lat'>?</span> <span class='ocrx_word' id='word_1_308' title='bbox 1221 2385 1303 2438; x_wconf 87' lang='lat' dir='ltr'>qui,</span> <span class='ocrx_word' id='word_1_309' title='bbox 1322 2384 1578 2426; x_wconf 60' lang='lat' dir='ltr'>,urrationem</span> <span class='ocrx_word' id='word_1_310' title='bbox 1597 2396 1675 2422; x_wconf 89' lang='lat' dir='ltr'>non</span> <span class='ocrx_word' id='word_1_311' title='bbox 1706 2380 1839 2421; x_wconf 84' lang='lat' dir='ltr'>redde-</span> 
     </span>
     <span class='ocr_line' id='line_1_34' title="bbox 456 2446 1838 2504; baseline -0.005 -15"><span class='ocrx_word' id='word_1_312' title='bbox 456 2453 790 2497; x_wconf 50' lang='lat' dir='ltr'>tenemctoritate</span> <span class='ocrx_word' id='word_1_313' title='bbox 819 2462 946 2491; x_wconf 80' lang='lat' dir='ltr'>tamen</span> <span class='ocrx_word' id='word_1_314' title='bbox 965 2451 1038 2490; x_wconf 91' lang='lat' dir='ltr'>hos</span> <span class='ocrx_word' id='word_1_315' title='bbox 1057 2451 1228 2490; x_wconf 89' lang='lat' dir='ltr'>minutos</span> <span class='ocrx_word' id='word_1_316' title='bbox 1248 2448 1496 2504; x_wconf 88' lang='lat' dir='ltr'>philosophos</span> <span class='ocrx_word' id='word_1_317' title='bbox 1521 2449 1729 2488; x_wconf 87' lang='lat' dir='ltr'>vincerent.</span> <span class='ocrx_word' id='word_1_318' title='bbox 1766 2446 1838 2495; x_wconf 92' lang='lat' dir='ltr'>Ju-</span> 
     </span>
     <span class='ocr_line' id='line_1_35' title="bbox 458 2509 1838 2571; baseline -0.001 -17"><span class='ocrx_word' id='word_1_319' title='bbox 458 2514 524 2554; x_wconf 88' lang='lat' dir='ltr'>bet</span> <span class='ocrx_word' id='word_1_320' title='bbox 555 2516 673 2568; x_wconf 86' lang='lat' dir='ltr'>igitur</span> <span class='ocrx_word' id='word_1_321' title='bbox 699 2518 828 2563; x_wconf 87' lang='lat' dir='ltr'>Plato,</span> <span class='ocrx_word' id='word_1_322' title='bbox 856 2519 907 2558; x_wconf 79' lang='lat' dir='ltr'>sic</span> <span class='ocrx_word' id='word_1_323' title='bbox 930 2517 984 2558; x_wconf 14' lang='lat' dir='ltr'>rad</span> <span class='ocrx_word' id='word_1_324' title='bbox 1001 2517 1182 2558; x_wconf 85' lang='lat' dir='ltr'>somnum</span> <span class='ocrx_word' id='word_1_325' title='bbox 1217 2515 1405 2571; x_wconf 81' lang='lat' dir='ltr'>proficisci</span> <span class='ocrx_word' id='word_1_326' title='bbox 1438 2515 1662 2567; x_wconf 85' lang='lat' dir='ltr'>corporibus</span> <span class='ocrx_word' id='word_1_327' title='bbox 1682 2509 1838 2553; x_wconf 68' lang='lat' dir='ltr'>affectis,</span> 
     </span>
    </p>

    <p class='ocr_par' dir='ltr' id='par_1_5' title="bbox 568 2581 1542 2622">
     <span class='ocr_line' id='line_1_36' title="bbox 568 2581 1542 2622; baseline 0.001 -2"><span class='ocrx_word' id='word_1_328' title='bbox 568 2582 607 2620; x_wconf 95' lang='lat' dir='ltr'>T</span> <span class='ocrx_word' id='word_1_329' title='bbox 625 2595 649 2620; x_wconf 91' lang='lat'><em>0</em></span> <span class='ocrx_word' id='word_1_330' title='bbox 668 2594 720 2620; x_wconf 86' lang='lat' dir='ltr'>M.</span> <span class='ocrx_word' id='word_1_331' title='bbox 751 2583 826 2622; x_wconf 89' lang='lat'>111.</span> <span class='ocrx_word' id='word_1_332' title='bbox 1498 2581 1542 2621; x_wconf 91' lang='lat' dir='ltr'>D</span> 
     </span>
    </p>
   </div>
  </div>
 </body>
</html>
