2223 3003
718 249 995 290 LIBER
1051 250 1415 291 PRIMUS.
1692 264 1767 306 135

363 360 540 391 naturam
561 350 805 404 perspexerit,
823 365 941 404 eaque
961 351 1062 390 unde
1077 360 1264 404 generata,
1279 365 1358 404 quo
1374 361 1581 397 recurrant,
1596 355 1764 406 quando,

362 431 442 470 quo
462 418 578 456 modo
598 417 762 462 obitura,
778 418 872 470 quid
892 418 932 455 in
950 418 997 455 iis
1018 418 1179 455 mortale
1192 427 1229 455 et
1249 418 1454 463 caducum,
1471 419 1565 471 quid
1585 419 1764 458 divinum

363 494 625 536 aeternumque
644 483 702 528 fit,
738 483 876 520 viderit
892 501 904 527 3
937 483 1140 534 ipsumque
1160 496 1202 520 ea
1222 483 1484 522 moderantem
1511 494 1547 522 et
1568 496 1764 538 regentem

361 564 460 602 pene
479 549 734 602 prehenderit,
764 547 916 599 seseque
936 561 1014 585 non
1036 547 1122 585 unis
1151 548 1439 587 circumdatum
1460 551 1668 597 moenibus,
1690 567 1763 605 po-

360 618 535 669 pularem
569 615 729 666 alicujus
765 612 914 651 definiti
939 613 1030 658 loci,
1062 613 1124 650 sed
1158 613 1286 651 civem
1322 615 1439 652 totius
1475 618 1625 663 mundi,
1659 620 1763 671 quafi

362 685 475 721 unius
495 682 614 725 urbis,
646 680 870 732 agnoverit3
902 679 942 717 in
963 677 1035 717 hac
1056 679 1123 717 ille
1156 679 1445 732 magnificentia
1476 696 1618 729 rerum,
1649 696 1764 738 atque

360 748 400 786 in
419 747 495 786 hoc
526 746 730 799 conspectu
751 755 789 784 et
819 744 1042 798 cognitione
1060 754 1218 790 naturae,
1250 746 1319 784 Dii
1345 746 1611 787 immortales!
1644 765 1763 802 quam

359 814 437 867 ipse
457 815 493 852 se
524 812 676 852 noscet!
709 812 814 864 quod
848 812 993 865 Apollo
1012 813 1192 865 praecepit
1213 811 1404 864 Pythius:
1437 828 1555 866 quam
1581 827 1761 856 contem—-

359 890 436 926 net,
468 894 584 933 quam
605 879 799 932 despiciet,
821 892 939 931 quam
962 893 1032 932 pro
1051 877 1179 917 nihilo
1196 879 1350 932 putabit
1371 893 1425 926 ea,
1448 895 1533 933 qua:
1550 883 1666 936 vulgo
1686 883 1762 922 du-

355 956 498 985 cuntur
516 945 745 999 ampliffima
760 945 768 983 l

401 1013 555 1052 XXIV.
577 1014 710 1066 Atque
729 1010 812 1050 haec
831 1011 978 1056 omnia,
999 1011 1101 1064 quafi
1118 1011 1329 1064 sepimento
1348 1011 1492 1066 aliquo,
1510 1014 1668 1054 vallabit
1683 1015 1762 1055 dis-

354 1080 502 1119 serendi
516 1079 675 1124 ratione,
692 1079 771 1117 veri
791 1088 830 1116 et
846 1077 927 1116 falfi
941 1078 1144 1131 judicandi
1164 1078 1334 1125 scientia,
1355 1089 1393 1118 et
1412 1089 1490 1118 arte
1510 1081 1675 1133 quadam
1698 1083 1761 1120 in-

355 1147 570 1199 telligendi,
585 1146 681 1198 quid
700 1158 896 1198 quamque
913 1159 995 1183 rem
1016 1145 1207 1198 sequatur,
1221 1155 1259 1184 et
1274 1146 1370 1198 quid
1387 1147 1431 1185 fit
1452 1147 1594 1200 cuique
1607 1140 1760 1187 contra-

354 1214 472 1252 rium.
496 1214 681 1264 Cumque
693 1212 728 1250 se
743 1213 789 1249 ad
804 1212 962 1250 civilem
977 1211 1196 1250 societatem
1213 1222 1349 1251 natum
1364 1212 1530 1259 senserit,
1545 1227 1623 1252 non
1636 1213 1762 1253 solum

353 1280 420 1318 illa
438 1278 570 1318 subtili
589 1277 845 1331 disputatione
865 1278 933 1316 fibi
951 1277 1140 1316 utendum
1154 1277 1323 1330 putabit,
1338 1277 1400 1316 sed
1417 1279 1533 1317 etiam
1550 1278 1632 1317 fusa
1646 1280 1760 1318 latius

355 1355 535 1400 perpetua
554 1345 738 1391 oratione,
755 1358 831 1398 qua
850 1353 955 1397 regat
973 1344 1155 1397 popuIOS,
1175 1358 1251 1397 qua
1269 1344 1434 1383 stabiliat
1454 1346 1570 1398 leges,
1598 1360 1675 1398 qua
1694 1360 1760 1385 ca-

354 1412 467 1465 stiget
485 1412 700 1465 improbos,
721 1424 797 1465 qua
816 1419 967 1449 tueatur
987 1410 1124 1456 bonos,
1139 1423 1215 1463 qua
1235 1410 1364 1449 laudet
1384 1410 1504 1449 claros
1525 1411 1623 1449 viros
1641 1431 1652 1458 ς
1685 1426 1760 1465 qua

355 1488 542 1531 praecepta
571 1479 700 1516 salutis
731 1487 769 1517 et
791 1477 921 1516 laudes
950 1486 1037 1531 apte
1055 1477 1102 1515 ad
1122 1476 1426 1530 persuadendum
1457 1478 1544 1517 edat
1563 1477 1638 1517 suis
1659 1480 1759 1518 civi-

356 1543 428 1581 bus
444 1562 456 1587 ;
488 1556 563 1595 qua
591 1542 735 1581 hortari
763 1543 810 1580 ad
829 1543 960 1588 decus,
991 1555 1165 1582 revocare
1195 1556 1216 1580 a
1235 1542 1395 1596 flagitio,
1431 1543 1615 1583 consolari
1646 1545 1762 1597 poffit

355 1608 515 1648 afflictos
532 1627 544 1654 ;
566 1608 739 1661 factaque
758 1618 796 1646 et
815 1609 989 1647 consulta
1001 1608 1166 1647 fortium
1185 1618 1223 1646 et
1243 1609 1472 1661 sapientum,
1494 1624 1586 1648 cum
1607 1611 1758 1662 impro-

355 1676 496 1714 borum
516 1675 745 1728 ignominia,
772 1674 1010 1727 sempiternis
1033 1675 1298 1712 monumentis
1329 1675 1500 1727 prodere,
1585 1689 1640 1714 uae
1665 1690 1759 1715 cum

354 1751 413 1780 tot
433 1755 490 1780 res
512 1751 702 1793 tantaeque
722 1741 808 1786 fint,
830 1754 916 1793 quae
935 1740 1050 1779 inesse
1077 1741 1117 1778 in
1138 1739 1299 1779 homine
1324 1740 1600 1794 perspiciantur
1626 1742 1673 1780 ab
1693 1743 1756 1788 iis,

353 1808 421 1860 qui
441 1807 476 1845 se
495 1807 565 1860 ips1
585 1806 707 1845 velint
728 1805 845 1852 noffe,
865 1819 996 1844 earum
1017 1819 1150 1858 parens
1171 1806 1238 1850 est,
1259 1805 1534 1859 educatrixque
1558 1807 1754 1860 sapientia.

407 1875 639 1912 ATthus.
668 1873 838 1911 Laudata
853 1872 1014 1924 quidem
1033 1885 1054 1909 a
1074 1880 1110 1909 te
1131 1872 1295 1923 graviter
1313 1880 1351 1909 et
1372 1885 1471 1910 vere.
1505 1873 1575 1910 Sed
1596 1874 1756 1924 quorsus

350 1939 427 1978 hoc
447 1939 643 1992 pertinet?
684 1939 900 1977 MARCUS.
929 1938 1109 1976 Primum
1129 1937 1175 1976 ad
1206 1951 1262 1983 ea,
1294 1938 1502 1991 Pomponi,
1541 1938 1587 1976 de
1613 1926 1755 1991 quibus

350 2005 470 2044 acturi
484 2005 568 2057 jam
587 2004 720 2043 sumus
736 2022 748 2050 ς
770 2018 855 2057 quae
871 2012 975 2042 tanta
992 2003 1063 2042 effe
1083 2003 1284 2042 volumus:
1319 2017 1395 2042 non
1415 2004 1521 2042 enim
1542 2014 1668 2049 erunt,
1686 2006 1755 2044 nisi

349 2083 394 2108 ea
407 2069 566 2115 fuerint,
581 2071 683 2109 unde
698 2070 766 2109 illa
779 2078 952 2115 manant,
970 2069 1214 2123 ampliffima.
1237 2069 1390 2108 Deinde
1405 2068 1506 2107 facio
1521 2078 1559 2108 et
1574 2070 1754 2117 libenter,

349 2145 401 2181 et,
439 2145 483 2175 ut
501 2135 624 2189 spero,
653 2138 768 2182 recte,
800 2136 906 2189 quod
931 2150 1031 2182 eam,
1067 2137 1176 2187 cujus
1197 2136 1322 2174 studio
1343 2145 1488 2180 teneor,
1509 2149 1672 2188 quaeque
1692 2152 1755 2176 me

349 2211 456 2242 eum,
498 2199 722 2250 quicunque
760 2198 858 2242 sum,
888 2197 1031 2242 effecit,
1074 2211 1151 2235 non
1183 2196 1333 2250 possum
1368 2197 1517 2235 filentio
1547 2199 1750 2250 praeterire.

350 2265 573 2302 ATT1cus.
596 2264 699 2302 Vero
718 2262 812 2302 facis
832 2271 870 2301 et
891 2263 1046 2308 merito,
1063 2272 1101 2301 et
1121 2263 1225 2316 ipse,
1256 2261 1409 2316 fuitque
1431 2262 1484 2309 id,
1506 2272 1549 2302 ut
1568 2263 1679 2310 dicis,
1711 2265 1752 2303 in

351 2327 426 2368 hoc
439 2329 610 2370 sermone
629 2329 867 2370 faciendum.
