2223 3003
405 272 454 315 95
652 258 1586 300 DEDIVINATIONE&0.

403 361 584 413 aliquam,
606 369 860 408 aeternamque
891 365 1079 400 naturam,
1111 364 1148 392 et
1168 367 1250 392 eam
1272 354 1563 407 suspiciendam,
1599 355 1793 394 admiran-

403 427 568 476 damque
588 423 796 461 hominum
827 422 970 474 generi,
1000 419 1251 474 pulchritudo
1282 421 1433 465 mundi,
1465 421 1634 472 ordoque
1667 433 1794 458 rerum

402 490 608 528 caelestium
639 487 744 539 cogit
774 487 962 525 confiteri.
1005 486 1284 536 Qamobrem,
1317 495 1360 523 ut
1391 486 1524 538 religio
1554 485 1795 538 propaganda

401 555 517 592 etiam
537 553 603 597 est,
633 567 718 605 quae
738 552 790 590 est
804 553 938 604 junfta
957 565 1049 589 cum
1069 551 1290 603 cognitione
1316 559 1471 595 natum»,
1494 551 1542 589 fic
1560 551 1794 603 superstitio·

403 620 462 658 nis
482 619 613 670 stirpes
633 630 767 656 omnes
787 617 994 669 ejiciendae.
1018 616 1134 654 Instat
1154 616 1259 654 enim
1278 624 1316 653 et
1337 625 1460 668 urget,
1481 625 1519 653 et
1539 630 1617 668 quo
1638 626 1674 653 te
1694 629 1793 653 cun-

401 698 478 738 que
497 683 666 728 verteris,
686 682 921 736 persequitur
936 700 948 726 ς
980 682 1052 719 five
1072 690 1113 719 tu
1134 690 1273 725 vatem,
1296 681 1368 718 five
1389 691 1430 718 tu
1450 695 1580 725 omen,
1607 681 1793 725 audieris;

404 751 477 789 five
497 749 724 793 immolaris,
747 748 819 785 five
838 761 947 785 avem
967 747 1148 798 aspexeris
1166 765 1176 790 ;
1200 746 1224 783 fi
1247 745 1488 790 Chaldaeum,
1511 746 1535 784 fi
1556 745 1795 797 haruspicem

403 815 565 859 videris;
597 814 622 852 fi
643 813 803 857 fulserit,
836 812 861 850 fi
883 811 1063 855 tonuerit,
1096 811 1122 848 fi
1143 812 1286 848 taetum
1306 811 1452 862 aliquid
1472 812 1543 849 erit
1568 811 1615 849 de
1634 810 1741 854 caelo,
1770 809 1796 847 fi

404 882 541 920 ostenti
562 879 683 918 fimile
712 887 860 922 natum,
892 876 1084 915 factumve
1111 876 1309 928 quippiam
1324 894 1336 920 3
1372 889 1539 928 quorum
1573 876 1715 914 necesse
1743 875 1796 913 est

404 948 632 1000 plerumque
663 943 812 996 aliquid
844 943 1018 981 eveniat:
1053 950 1095 980 ut
1130 954 1330 993 nunquam
1363 941 1477 980 liceat
1509 943 1637 996 quieta
1667 951 1797 980 mente

405 1012 613 1050 confistere.

460 1076 688 1129 Perfugium
721 1076 870 1114 videtur
899 1076 1079 1115 omnium
1110 1075 1301 1119 laborum,
1333 1085 1370 1113 et
1396 1073 1702 1114 sollicitudinum
1727 1074 1799 1112 esse

405 1142 586 1180 somnus:
619 1150 656 1179 at
674 1155 721 1179 ex
751 1154 796 1179 eo
815 1141 894 1193 ipso
922 1141 1099 1193 plurimae
1118 1154 1217 1178 curae
1238 1140 1437 1192 metusque
1468 1140 1698 1184 nascuntur5
1730 1140 1798 1191 qui

405 1207 565 1259 quidem
585 1207 653 1258 ipfi
673 1219 740 1258 per
759 1206 795 1242 se
816 1207 945 1243 minus
964 1205 1143 1249 valerent,
1165 1213 1203 1242 et
1220 1205 1342 1255 magis
1359 1213 1707 1247 contemnerentur,
1728 1204 1798 1241 nisi

405 1270 641 1309 somniorum
662 1269 920 1322 patrocinium
950 1267 1174 1320 philosophi
1203 1267 1455 1320 suscepissent,
1488 1281 1558 1306 nec
1590 1269 1617 1306 ii
1637 1268 1797 1320 quidem

404 1335 736 1389 contemptiffimi,
769 1335 830 1373 sed
860 1335 900 1372 in
931 1335 1066 1388 primis
1087 1335 1204 1379 acuti,
1226 1343 1264 1372 et
1282 1334 1564 1387 consequentia,
1593 1346 1631 1373 et
1656 1348 1796 1388 repug-

406 1403 534 1441 nantia
554 1401 723 1440 videntes
740 1419 752 1445 ;
783 1401 851 1452 qui
884 1413 1000 1453 prope
1028 1401 1110 1451 jam
1141 1399 1302 1438 absoluti
1337 1409 1374 1437 et
1408 1398 1563 1452 perfecti
1597 1409 1794 1451 putantur.

406 1469 587 1519 Qorum
607 1466 772 1504 licentiae
791 1465 861 1503 nifi
882 1464 1094 1503 Carneades
1113 1464 1311 1509 restitisset,
1333 1463 1435 1502 haud
1455 1464 1545 1507 scio,
1566 1477 1612 1501 an
1635 1464 1798 1515 solijam

404 1531 625 1586 philosophi
640 1531 926 1583 judicarentur:
960 1544 1051 1568 cum
1072 1531 1214 1583 quibus
1234 1531 1361 1568 omnis
1381 1529 1459 1568 fere
1478 1529 1587 1568 nobis
1609 1529 1796 1582 discepta-

403 1598 461 1636 tio
479 1597 753 1648 contentioque
772 1596 848 1641 est;
880 1609 964 1634 non.
979 1596 1083 1647 quod
1114 1608 1177 1633 eos
1198 1595 1367 1633 maxime
1398 1604 1706 1639 contemnamus,
1737 1595 1798 1633 sed

404 1663 511 1716 quod
530 1662 706 1700 videntur
725 1661 935 1700 acutiffime
954 1661 1154 1700 sententias
1171 1660 1266 1705 suaS,
1284 1661 1648 1713 prudentiffimeque
1664 1660 1796 1698 defen-

406 1730 506 1767 dere.
546 1729 649 1766 Cum
670 1737 800 1765 autem
818 1727 1018 1779 proprium
1038 1727 1081 1764 fit
1098 1727 1331 1770 Academiae,
1353 1726 1548 1777 judicium
1575 1726 1686 1763 suum
1708 1727 1796 1764 nul-

405 1796 490 1833 lum
511 1795 764 1846 interponere,
781 1805 823 1830 ea
838 1792 994 1844 probare
1011 1805 1094 1843 quae
1114 1792 1310 1829 simillima
1325 1791 1402 1828 veri
1418 1791 1627 1835 videantur,
1645 1791 1797 1830 conser-

408 1874 445 1898 re
465 1858 604 1901 causas,
620 1868 672 1901 et,
689 1858 784 1909 quid
804 1858 843 1894 in
864 1870 1058 1908 quamque
1070 1856 1294 1894 sententiam
1312 1857 1388 1893 dici
1409 1856 1533 1908 possit,
1547 1871 1794 1909 expromere,

407 1924 512 1963 nulla
543 1921 714 1961 adhibita
744 1922 807 1960 sua
836 1922 1071 1966 auctoritate,
1098 1921 1294 1973 judicium
1320 1911 1558 1960 audientium
1586 1923 1797 1975 relinquere

408 1992 602 2042 integrum
623 2002 664 2026 ac
686 1989 849 2026 liberum
868 2007 878 2033 ς
912 1988 1128 2025 tenebimus
1149 1986 1247 2025 hanc
1267 1987 1582 2027 consuetudinem
1609 2002 1628 2025 a
1649 1990 1798 2027 Socrate

408 2056 585 2095 traditam
603 2073 614 2099 ;
645 2068 760 2106 eaque
780 2054 878 2092 inter
899 2067 981 2098 nos,
1004 2054 1028 2091 fi
1051 2054 1137 2098 tibi,
1159 2054 1307 2105 Qinte
1325 2053 1449 2098 frater,
1477 2054 1657 2106 placebit,
1679 2069 1796 2106 quam

410 2121 602 2175 firpiffime
623 2130 788 2158 utemur.
812 2119 918 2158 Mihi
938 2133 1038 2164 vero,
1062 2120 1188 2172 inquit
1209 2119 1286 2165 ille,
1309 2119 1406 2159 nihil
1427 2120 1547 2173 potest
1567 2120 1636 2159 else
1651 2122 1796 2173 jucun-

408 2188 507 2226 dius,
539 2187 635 2237 Qae
655 2199 746 2225 cum
766 2184 882 2225 effent
901 2184 1014 2231 dicia,
1035 2184 1278 2225 surreximus·
