2223 3003
708 249 985 288 LIBER
1042 250 1464 291 TERTIUS.
1712 258 1785 296 261

383 348 454 387 viri
476 362 553 386 non
574 348 706 387 solent.
742 349 875 402 Itaque
895 349 1086 395 existimo,
1111 350 1338 396 Panaetium,
1368 364 1460 389 cum
1481 351 1634 398 dixerit,
1655 351 1789 392 homi-

383 428 449 453 nes
481 414 596 454 solere
631 415 671 452 in
707 413 778 452 hac
821 416 1106 467 comparatione
1136 416 1324 461 dubitare,
1362 416 1437 455 hoc
1468 418 1595 470 ipsum
1629 419 1788 466 senfiffe,

382 481 488 533 quod
522 481 677 527 dixerit,
713 480 830 518 solere
856 481 1002 526 modim
1034 495 1111 520 non
1143 483 1260 520 etiam
1289 493 1491 535 oportere:
1528 486 1674 523 etenim
1711 500 1791 526 non

383 548 501 586 modo
520 548 641 602 pluris
662 556 796 600 putare
815 548 920 598 quod
943 547 1037 585 utile
1058 548 1243 593 videatur,
1265 562 1383 600 quam
1416 551 1521 602 quod
1555 550 1760 591 honestum
1774 573 1787 598 5

382 614 443 652 sed
460 613 542 652 haec
562 615 677 652 etiam
699 613 798 649 inter
818 612 853 649 se
873 625 1107 664 comparare,
1139 623 1177 650 et
1205 614 1245 651 in
1268 612 1328 651 his
1349 615 1585 662 addubitare,
1618 619 1788 672 turpiffi-

380 693 493 718 mum
513 679 579 716 est.
603 677 711 729 Qid
731 677 784 714 est
802 690 908 729 ergo,
930 677 1034 729 quod
1055 691 1336 730 nonnunquam
1354 680 1636 721 dubitationem
1657 683 1790 723 afferre

380 745 508 789 soleat,
545 742 943 795 confiderandumque
974 743 1175 781 videatur?
1209 745 1350 789 Credo,
1379 745 1404 783 s1
1425 747 1580 798 quando
1597 748 1789 789 dubitatio

379 811 534 856 accidit,
556 809 668 862 quale
688 809 733 847 fit
753 809 807 854 id,
829 809 876 847 de
895 823 974 862 quo
990 810 1260 849 confideretur.

435 878 540 931 Saepe
571 877 678 915 enim
711 886 886 930 tempore
919 877 978 922 fit,
1025 887 1082 922 ut,
1115 879 1220 930 quod
1255 878 1487 932 plerumque
1516 889 1626 934 turpe
1655 879 1790 921 haberi

377 942 508 989 soleat,
538 943 757 982 inveniatur
788 957 866 982 non
897 943 969 982 effe
989 953 1113 998 turpe.
1160 945 1345 998 Exempli
1366 946 1487 991 causa,
1518 957 1684 999 ponatur
1715 948 1787 987 ali·

376 1011 486 1064 quid,
509 1011 616 1065 quod
634 1019 761 1065 pateat
794 1011 932 1050 latius:
966 1012 1086 1064 Qod
1105 1013 1228 1066 potest
1247 1014 1371 1065 majus
1404 1013 1474 1051 effe
1501 1014 1634 1060 scelus,
1669 1029 1788 1068 quam

377 1091 455 1117 non
490 1079 609 1118 modo
642 1077 862 1124 hominem,
893 1078 956 1117 sed
986 1079 1103 1117 etiam
1129 1079 1360 1118 familiarem
1381 1079 1602 1127 hominem,
1631 1083 1788 1122 occide-

378 1153 415 1178 re
434 1141 447 1177 ?
479 1141 593 1179 Num
614 1140 735 1193 igitur
753 1140 789 1178 se
818 1141 1022 1179 obstrinxit
1055 1141 1204 1186 scelere,
1236 1142 1263 1179 fi
1289 1142 1377 1194 quis
1399 1152 1606 1194 tyrannum
1626 1144 1786 1189 occidit,

377 1207 554 1258 quamvis
588 1206 820 1245 familiarem
839 1207 852 1243 ?
900 1207 1052 1260 Populo
1082 1208 1243 1259 quidem
1278 1209 1458 1247 Romano
1495 1223 1574 1247 non
1619 1210 1785 1256 videtur,

377 1272 447 1324 qui
467 1285 515 1311 ex
545 1273 729 1312 omnibus
759 1272 949 1325 praeclaris
979 1272 1089 1312 factis
1119 1273 1219 1312 illud
1238 1273 1550 1328 pulcherrimum
1579 1276 1785 1316 existimat.

376 1339 485 1378 Vicit
503 1353 596 1393 ergo
629 1339 775 1378 utilitas
805 1339 1044 1379 honestatem
1060 1359 1073 1386 3
1105 1341 1231 1379 immo
1263 1355 1352 1379 vero
1381 1341 1554 1380 honestas
1576 1342 1787 1382 utilitatem

375 1405 502 1446 secuta
520 1407 588 1445 est.
629 1407 780 1460 Itaque,
809 1415 853 1445 ut
886 1406 964 1445 fine
997 1407 1079 1446 ullo
1107 1421 1233 1446 errore
1263 1408 1471 1460 dijudicare
1498 1409 1700 1461 poffimus,
1737 1409 1787 1448 fi-

375 1473 530 1524 quando
551 1473 747 1519 cumino,
780 1472 888 1525 quod
914 1473 1089 1529 honestum
1119 1474 1392 1526 intelligimus,
1415 1488 1585 1528 pugnare
1616 1475 1656 1513 id
1676 1475 1786 1514 vide-

377 1540 497 1585 bitur,
519 1539 626 1592 quod
645 1540 883 1592 appellamus
904 1540 1003 1585 utile,
1035 1539 1204 1578 formula
1223 1541 1400 1593 quaedam
1420 1542 1686 1580 constituenda
1706 1542 1759 1580 est
1771 1560 1784 1587 ς

376 1619 495 1658 quam
515 1605 541 1644 fi
562 1605 766 1658 sequemur
797 1606 836 1643 in
857 1607 1144 1659 comparatione
1168 1620 1315 1651 rerum,
1345 1607 1392 1644 ab
1422 1607 1552 1645 officio
1582 1621 1786 1660 nunquam

375 1673 611 1710 recedemus.

418 1739 517 1777 ‘Erit
550 1748 681 1777 autem
716 1737 798 1777 haec
834 1737 1016 1784 formula,
1064 1740 1284 1778 Stoicorum
1318 1740 1458 1778 rationi
1494 1740 1787 1794 disciplinaeque

375 1807 546 1845 maxime
565 1805 841 1851 consentanea3
873 1819 990 1859 quam
1024 1807 1184 1859 quidem
1217 1807 1258 1844 in
1279 1806 1340 1845 his
1360 1807 1470 1846 libris
1500 1818 1700 1861 propterea
1724 1809 1783 1846 se-

373 1871 548 1924 quimur,
569 1871 689 1924 quod,
712 1885 936 1924 quanquam
959 1885 979 1909 a
998 1872 1190 1910 veteribus
1207 1872 1466 1917 Academicis,
1494 1882 1533 1910 et
1553 1873 1784 1925 Peripateti-

373 1939 429 1976 cis
449 1937 592 1982 vestris,
612 1937 681 1990 qui
694 1937 891 1989 quondam
905 1938 1025 1976 iidem
1045 1947 1165 1983 erant,
1183 1938 1251 1991 qui
1264 1938 1507 1983 Academici,
1525 1952 1608 1991 quae
1628 1938 1786 1978 honesta

373 2005 475 2050 sunt,
505 2013 795 2058 anteponuntur
820 2005 884 2051 iis,
913 2019 999 2058 quae
1018 2005 1197 2044 videntur
1217 2005 1355 2051 utilia,
1387 2015 1517 2044 tamen
1549 2006 1785 2059 splendidius

372 2071 455 2110 haec
475 2071 523 2109 ab
543 2072 597 2110 eis
617 2072 860 2118 differuntur,
879 2073 1023 2125 quibus
1044 2073 1237 2125 quidquid
1253 2071 1459 2110 honestum
1480 2072 1546 2117 est,
1563 2072 1667 2110 idem
1687 2073 1784 2110 utile

373 2138 540 2183 videtur,
561 2152 631 2177 nec
649 2139 746 2177 utile
766 2139 996 2192 quidquam,
1027 2139 1132 2192 quod
1152 2152 1229 2176 non
1250 2137 1480 2183 honestum3
1513 2152 1631 2191 quam
1651 2139 1698 2176 ab
1718 2139 1782 2185 iis,

373 2204 516 2257 quibus
537 2214 602 2243 aut
629 2203 836 2243 honestum
856 2205 1002 2257 aliquid
1024 2218 1101 2242 non
1123 2204 1232 2249 utile,
1258 2214 1324 2241 aut
1345 2204 1439 2242 utile
1460 2218 1538 2243 non
1558 2203 1781 2244 honestum.

371 2272 502 2311 Nobis
523 2281 653 2310 autem
673 2271 798 2309 nostra
816 2271 1027 2309 Academia
1045 2283 1226 2323 magnam
1248 2270 1446 2309 licentiam
1465 2272 1542 2316 dat,
1575 2281 1632 2316 ut,
1654 2272 1781 2324 quod-

373 2351 528 2391 cunque
549 2338 720 2376 maxime
751 2337 950 2390 probabile
969 2346 1156 2381 occurrat,
1190 2336 1229 2375 id
1259 2336 1385 2376 nostro
1405 2338 1492 2390 jure
1511 2338 1626 2376 liceat
1644 2336 1781 2376 defen-

373 2403 475 2442 dere.
506 2404 579 2443 Sed
599 2404 710 2442 redeo
729 2404 775 2442 ad
795 2403 1022 2442 formulam.

429 2469 480 2507 V.
513 2469 725 2509 Detrahere
754 2471 874 2524 igitur
903 2470 1049 2523 aliquid
1074 2468 1196 2514 alteri,
1229 2478 1268 2508 et
1299 2468 1504 2508 hominem
1523 2469 1696 2509 hominis
1717 2470 1780 2508 in·

376 2536 585 2574 commodo
605 2536 718 2575 suum
750 2550 887 2590 augere
917 2536 1188 2581 commodum,
1220 2537 1343 2589 magis
1363 2536 1417 2575 est
1436 2546 1569 2575 contra
1589 2546 1779 2580 naturam,

366 2614 495 2661 'quam
525 2615 645 2649 mom,
677 2616 797 2656 quam
825 2613 1040 2658 paupertas,
1074 2616 1193 2656 quam
1213 2602 1338 2648 dolor,
1373 2616 1491 2656 quam
1511 2612 1658 2647 caetera,
1694 2615 1780 2655 quae
