2223 3003
668 227 945 266 LIBER
1001 226 1500 267 SECUNDUS.
1734 228 1785 283 89

390 327 599 369 adventitia
629 327 770 368 vifione
799 327 966 381 pulsari?
1009 327 1094 366 Sive
1126 328 1232 367 enim
1268 328 1318 366 fic
1352 328 1417 374 est,
1448 328 1520 367 five
1553 327 1622 367 illo
1651 329 1784 374 modo,

392 396 512 435 videri
531 394 683 448 poss‘unt
712 395 903 447 permulta
922 394 1201 433 somniantibus
1232 393 1323 433 falsa
1351 409 1420 448 pro
1450 394 1560 433 veris.
1611 395 1717 433 Nam
1747 404 1785 433 et

392 461 657 515 navigantibus
677 460 823 498 moveri
852 460 1030 497 videntur
1049 472 1105 503 ea,
1135 474 1219 511 quae
1245 460 1341 498 stant
1356 479 1368 505 ;
1400 470 1438 499 et
1458 460 1624 513 quodam
1644 461 1786 499 obtutu

392 528 597 567 oculorum
617 527 694 565 duo
725 538 795 577 pro
815 537 893 561 uno
913 525 1078 562 lucernae
1108 524 1271 562 lumina.
1319 527 1427 576 Qid
1457 528 1597 572 dicam,
1630 527 1784 572 insanis,

392 595 488 647 quid
507 593 620 632 ebriis
641 604 758 644 quam
779 590 903 628 multa
920 589 1011 627 falsa
1044 589 1270 628 videantur?
1302 591 1420 642 Qod
1441 593 1467 630 fi
1496 593 1682 644 ejusmodi
1703 595 1785 633 vifis

387 658 621 697 credendum
640 670 719 695 non
739 655 805 701 est,
827 669 896 693 cur
915 655 1073 694 somniis
1093 656 1279 700 credatur,
1301 655 1441 694 nescio.
1473 657 1579 695 Nam
1601 668 1680 696 tam
1696 660 1787 698 licet

392 723 439 762 de
456 723 518 762 his
539 723 744 767 erroribus,
775 722 801 760 fi
817 721 924 766 velis,
955 735 1073 774 quam
1086 721 1132 759 de
1148 721 1321 767 somniis,
1343 722 1554 775 disputare:
1578 733 1620 761 ut
1643 737 1684 761 ea
1703 739 1788 777 quae

389 790 502 835 stant,
533 790 559 828 fi
592 787 738 828 moveri
768 787 979 833 videantur,
1015 796 1121 826 terrae
1155 796 1309 826 motum
1335 787 1546 840 significare
1575 789 1692 833 dicas,
1723 800 1788 829 aut

390 855 630 908 repentinam
649 854 820 906 aliquam
839 853 973 906 fugam
986 872 999 899 ;
1030 853 1188 906 gemino
1207 862 1338 892 autem
1359 853 1520 893 lucernae
1545 854 1700 914 ‘lumine
1720 855 1786 894 de-

390 921 538 966 clarari,
558 920 821 959 diffenfionem
841 934 884 958 ac
903 920 1129 959 seditionem
1149 920 1310 959 moveri·

436 988 548 1027 LIX.
570 989 658 1039 Jam
678 1001 725 1026 ex
743 986 963 1026 insanorum
978 997 1044 1026 aut
1059 987 1256 1026 ebriorum
1275 987 1359 1026 vifis
1378 988 1676 1027 innumerabilia
1691 1002 1787 1028 con-

384 1055 534 1107 jee‘turfi
552 1053 653 1093 trahi
671 1053 838 1107 poffunt,
865 1069 950 1108 quae
969 1054 1099 1093 futura
1117 1055 1329 1094 videantur.
1376 1056 1476 1107 Qis
1496 1056 1549 1094 est
1568 1056 1688 1102 enim,
1721 1057 1790 1108 qui

390 1130 521 1160 toturn
555 1120 659 1159 diem
683 1120 856 1172 jaculans
890 1134 970 1159 non
1010 1121 1215 1173 aliquando
1244 1121 1456 1160 collineet?
1505 1123 1626 1160 Totas
1658 1122 1788 1160 noctes

391 1187 607 1226 dormimus
623 1205 635 1231 3
667 1199 793 1238 neque
813 1186 891 1225 ulla
920 1186 973 1224 est
991 1185 1085 1231 fere,
1116 1201 1193 1239 qua
1216 1201 1295 1225 non
1312 1187 1549 1226 somniemus
1567 1203 1576 1226 :
1612 1196 1651 1226 et
1670 1188 1789 1226 mira-

391 1267 493 1298 mur,
526 1251 732 1305 aliquando
765 1252 819 1296 id,
852 1252 956 1304 quod
977 1251 1259 1298 somniarimus,
1289 1252 1470 1291 evadere?
1502 1253 1610 1305 Qid
1635 1253 1688 1290 est
1711 1262 1791 1292 tam

390 1320 600 1363 incertum,
631 1331 748 1371 quam
779 1317 946 1356 talorum
974 1319 1129 1370 jastus?
1162 1328 1290 1358 tamen
1309 1333 1426 1358 nemo
1455 1319 1521 1364 est,
1554 1320 1664 1372 quin,
1697 1320 1791 1373 saepe

386 1387 547 1438 jadbns,
568 1384 786 1423 Venereum
800 1385 917 1436 jaciat
937 1384 1156 1437 aliquando,
1186 1399 1467 1438 nonnunquam
1487 1386 1603 1424 etiam
1633 1386 1790 1432 iterum,

392 1464 436 1488 ac
457 1451 615 1489 tertium
632 1465 641 1489 :
673 1464 770 1488 num
789 1451 923 1503 igitur,
950 1460 995 1489 ut
1013 1451 1150 1504 inepti,
1172 1452 1333 1490 Veneris
1353 1452 1395 1490 id
1412 1451 1496 1490 fieri
1516 1452 1686 1506 impulsu
1704 1466 1790 1490 ma-

394 1517 541 1561 lumus,
573 1529 690 1568 quam
709 1516 808 1562 casu,
843 1517 995 1556 dicere?
1027 1518 1145 1571 Qod
1164 1518 1205 1564 fi,
1240 1520 1384 1558 caeteris
1405 1519 1660 1572 temporibus,
1691 1518 1791 1557 fallis

393 1582 479 1621 vifis
499 1583 733 1621 credendum
753 1596 832 1621 non
851 1583 903 1621 est
915 1602 927 1628 ς
963 1598 1041 1622 non
1062 1585 1186 1630 video,
1213 1586 1308 1637 quid
1334 1586 1519 1638 praecipui
1538 1586 1693 1624 somnus
1719 1584 1791 1623 ha-

393 1648 496 1692 beat,
517 1648 558 1687 in
577 1662 656 1700 quo
675 1647 822 1686 valeant
840 1646 932 1685 falsa
950 1662 1020 1701 pro
1039 1650 1150 1688 veris.

449 1712 570 1763 Qod
602 1713 629 1750 fi
659 1712 712 1750 ita
742 1722 875 1751 natura
907 1723 1083 1765 paratum
1115 1714 1219 1760 esset,
1249 1724 1294 1753 ut
1326 1729 1369 1753 ea
1388 1715 1620 1754 dormientes
1637 1725 1792 1769 agerent

394 1793 480 1832 quae
499 1778 743 1823 somniarent,
774 1778 956 1831 alligandi
976 1794 1109 1819 omnes
1129 1780 1246 1819 effent
1265 1781 1333 1833 qui
1353 1782 1534 1820 cubitum
1554 1783 1676 1822 irent:
1705 1797 1791 1821 ma-

389 1846 490 1897 jores
509 1845 628 1890 enim,
650 1858 768 1897 quam
789 1844 859 1882 ulli
878 1844 1013 1890 insani,
1032 1846 1227 1885 efficerent
1246 1855 1375 1885 motus
1396 1847 1640 1887 somniantes.
1673 1850 1792 1900 Qod

393 1911 420 1950 fi
439 1910 658 1949 insanorum
677 1909 762 1948 vifis
782 1909 875 1948 fides
895 1924 973 1949 non
992 1911 1046 1950 est
1061 1910 1250 1959 habenda,
1272 1914 1362 1966 quia
1376 1912 1466 1952 falsa
1484 1913 1571 1952 sunt
1584 1933 1596 1960 5
1619 1928 1688 1954 cur
1706 1928 1791 1954 cre-

393 1977 504 2016 datur
529 1976 805 2016 somniantium
830 1977 931 2023 vifis,
967 1992 1051 2031 quae
1082 1979 1209 2018 multo
1236 1980 1352 2018 etiam
1385 1981 1661 2033 perturbatiora
1689 1982 1791 2028 sunt,

395 2056 473 2082 non
493 2042 684 2095 intelligo.
729 2045 808 2089 An,
829 2044 933 2097 quod
951 2044 1072 2084 insani
1091 2045 1154 2083 sua
1178 2045 1253 2084 visa
1280 2047 1487 2098 conjectori
1518 2060 1596 2086 non
1625 2057 1791 2094 narrant,

396 2118 547 2147 narrant
566 2110 635 2161 qui
653 2109 938 2149 somniaverunt
958 2111 970 2148 ?
1001 2112 1144 2164 Qaero
1163 2113 1295 2157 etiarn,
1317 2113 1343 2151 fi
1363 2113 1481 2151 velim
1500 2112 1662 2152 scribere
1681 2115 1791 2167 quid,

394 2183 461 2213 aut
490 2174 629 2227 legere,
661 2185 725 2213 aut
754 2190 886 2214 canere
906 2178 965 2215 vel
997 2192 1104 2222 voce,
1135 2179 1195 2216 vel
1226 2178 1383 2224 fidibus,
1415 2188 1479 2217 aut
1509 2180 1794 2232 geometricum

396 2241 597 2294 quiddam,
632 2250 697 2280 aut
716 2241 932 2294 physicum,
967 2253 1031 2281 aut
1051 2244 1294 2283 dialefficum
1314 2246 1517 2298 explicare,
1550 2246 1793 2286 somniumne

387 2307 674 2361 -expedtandum
697 2308 754 2352 fit,
785 2322 832 2346 an
863 2323 919 2348 ars
940 2309 1168 2356 adhibenda,
1195 2311 1271 2350 fine
1291 2325 1366 2364 qua
1385 2312 1485 2351 nihil
1503 2326 1634 2351 earum
1664 2327 1792 2352 rerum

399 2385 467 2411 nec
487 2373 569 2412 fieri
588 2387 658 2412 nec
676 2375 847 2427 expediri
863 2377 1012 2429 potest?
1034 2378 1172 2431 Atqui,
1191 2392 1236 2416 ne
1252 2379 1278 2417 fi
1291 2379 1465 2432 navigare
1481 2380 1641 2433 quidem
1660 2381 1791 2424 velim,

399 2438 452 2476 ita
480 2441 746 2491 gubernarem,
778 2452 821 2481 ut
852 2443 1147 2483 somniaverim:
1180 2446 1338 2499 praesens
1358 2447 1462 2486 enim
1482 2461 1595 2500 poena
1621 2447 1678 2485 fit.
1712 2446 1794 2497 Qi

400 2504 521 2556 igitur
539 2510 732 2553 convenit,
765 2524 882 2563 aegros
911 2524 932 2548 a
951 2513 1166 2565 conjestore
1185 2512 1423 2551 somniorum
1454 2514 1597 2566 potius,
1628 2526 1744 2565 quam
1773 2525 1794 2549 a

399 2570 568 2616 medico,
599 2582 724 2624 petere
758 2577 1022 2615 medicinam?
1054 2580 1118 2617 An
1138 2578 1393 2632 AEsculapius‚
1428 2594 1475 2617 an
1508 2580 1652 2633 Serapis
1672 2577 1794 2631 potest

507 2637 651 2677 ΤοΜ.
683 2639 758 2678 ΙΙΙ.
1444 2644 1494 2682 Μ
