2223 3003
468 259 546 313 356
909 249 1430 292 PARADoxA.

465 357 588 397 oratio
606 370 615 394 :
637 365 758 406 eoque
778 350 905 403 scripsi
925 349 1125 394 libentius,
1147 349 1252 402 quod
1273 347 1374 387 mihi
1389 348 1472 394 ista,
1491 341 1675 397 παρείδὸξα
1694 360 1781 400 quae
1799 363 1869 404 ap-

465 422 635 475 pellant,
675 418 845 456 maxime
878 416 1057 454 videntur
1088 414 1160 454 effe
1195 415 1411 461 Socratica,
1442 414 1636 468 longeque
1665 414 1871 454 veriffima.

464 486 647 538 Accipies
678 484 798 537 igitur
831 480 906 521 hoc
937 496 1099 536 parvum
1132 481 1379 535 opusculum,
1414 481 1664 520 lucubratum
1696 479 1757 520 his
1785 482 1871 534 jam

464 550 782 591 contraffloribus
812 549 990 588 noctibus
1009 568 1023 595 5
1057 549 1262 603 (quoniam
1295 548 1397 588 illud
1426 549 1620 601 majorum
1649 547 1871 601 vigiliarum

465 631 608 657 munus
636 619 678 656 in
710 625 779 655 tuo
805 616 964 655 nomine
995 616 1188 670 apparuit)
1219 625 1258 654 et
1287 615 1502 669 degustabis
1523 628 1642 669 genus
1663 613 1740 654 hoc
1760 627 1871 653 exer-

464 685 697 724 citationum
727 696 874 728 earum,
905 683 1047 736 quibus
1068 683 1127 721 uti
1152 682 1346 728 consuevi,
1381 696 1473 722 cum
1493 696 1549 728 ea,
1584 696 1670 735 quae
1690 681 1874 720 dicuntur

464 751 506 790 in
538 749 677 790 scholis
711 745 836 795 θετικᾶ,
867 749 914 787 ad
944 749 1117 788 nostrum
1150 747 1226 787 hoc
1255 750 1465 788 oratorium
1499 747 1685 788 transfero
1718 746 1873 786 dicendi

464 831 600 871 genus.
647 818 739 856 Hoc
770 825 900 855 tamen
920 828 1016 868 opus
1035 815 1078 853 in
1097 823 1304 868 acceptum
1323 825 1367 854 ut
1386 815 1538 861 referas,
1569 814 1670 855 nihil
1689 812 1841 868 postulo
1859 827 1871 851 2

464 896 544 922 non
563 883 615 921 est
635 883 741 921 enim
762 881 851 926 tale,
878 890 922 918 ut
942 880 982 918 in
1002 893 1086 918 arce
1105 879 1200 933 poni
1219 879 1346 933 poffit,
1367 881 1470 932 quasi
1490 881 1557 918 illa
1576 881 1756 921 Minerva
1775 877 1873 919 Phi-

463 949 536 988 diae
547 967 560 995 ς
591 948 654 987 sed
673 957 816 994 tamen,
838 954 882 985 ut
901 959 949 986 ex
968 945 1104 985 eadem
1122 945 1279 985 officina
1296 946 1410 985 exiffe
1430 955 1619 1000 appareat.

919 1142 1350 1182 PARADoxon
1397 1141 1432 1182 Ι,

840 1234 910 1278 “ὀπ
926 1239 1018 1290 μένον
1036 1238 1173 1289 ἀγαθον,
1193 1239 1230 1277 τὶ
1249 1239 1369 1277 καλὶν.

792 1301 900 1355 Qod
913 1302 1163 1356 homstumstt,
1185 1302 1226 1341 id
1225 1303 1343 1356 solum
1362 1302 1488 1341 bonum
1503 1301 1577 1356 effi’.

466 1423 751 1495 LVEREoR,
774 1425 821 1450 ne
841 1412 906 1450 cui
928 1411 1094 1451 vestrum
1110 1426 1158 1452 ex
1175 1413 1394 1452 Stoicorum
1414 1412 1625 1452 hominum
1644 1411 1873 1465 disputatio-

616 1479 745 1524 nibus,
763 1492 840 1517 non
862 1492 908 1516 ex
931 1492 1020 1517 meo
1041 1479 1162 1524 sensu,
1184 1480 1412 1532 deprompta
1431 1479 1514 1517 haec
1533 1479 1707 1516 videatur
1725 1477 1872 1516 oratio:

464 1548 591 1585 dicam
627 1555 756 1583 tamen
788 1544 892 1597 quod
929 1544 1078 1590 sentio,
1109 1553 1148 1583 et
1178 1544 1307 1583 dicam
1337 1545 1503 1590 brevius,
1529 1557 1647 1598 quam
1678 1557 1735 1582 res
1771 1552 1877 1583 tanta

464 1613 541 1652 dici
567 1611 703 1665 poscit.
744 1611 965 1664 Nunquam
997 1610 1219 1650 mehercule
1249 1625 1321 1665 ego
1353 1625 1476 1665 neque
1497 1611 1677 1665 pecunias
1698 1611 1874 1657 istorum,

465 1692 588 1732 neque
609 1679 707 1716 tefta
727 1677 948 1731 magnifica,
984 1691 1110 1732 neque
1137 1691 1243 1732 opes,
1278 1693 1404 1732 neque
1435 1679 1610 1732 imperia,
1644 1691 1768 1732 neque
1798 1691 1873 1723 eas,

463 1747 606 1800 quibus
625 1747 796 1784 maxime
824 1745 991 1785 adstricti
1011 1746 1112 1792 sunt,
1131 1746 1347 1800 voluptates
1379 1747 1418 1785 in
1447 1747 1558 1785 bonis
1586 1746 1699 1784 rebus
1720 1754 1784 1783 aut
1804 1759 1875 1784 ex-

465 1813 639 1867 petendis
659 1812 730 1851 effe
749 1812 870 1859 duxi;
902 1813 1050 1866 quippe
1068 1827 1161 1852 cum
1187 1813 1374 1858 viderem,
1410 1813 1522 1851 rebus
1554 1812 1615 1852 his
1646 1812 1876 1851 circumflu-

465 1880 635 1924 entibus,
657 1892 699 1916 ea
720 1888 849 1915 tamen
869 1879 1075 1916 desiderare
1095 1880 1280 1924 maxime,
1298 1880 1440 1932 quibus
1462 1867 1711 1918 abundarent.
1736 1879 1877 1930 Neque

465 1947 571 1983 enim
592 1944 770 1997 expletur
802 1956 990 1996 unquam,
1016 1958 1084 1982 nec
1107 1944 1258 1982 satiatur
1288 1945 1510 1997 cupiditatis
1533 1945 1608 1983 sitis
1627 1963 1636 1989 ;
1670 1957 1795 1996 neque
1814 1943 1876 1981 so-

467 2013 562 2055 lum,
585 2024 627 2048 ea
647 2011 716 2063 qui
735 2009 895 2055 habent,
918 2010 1079 2049 libidine
1099 2011 1263 2064 augendi
1285 2012 1521 2056 cruciantur,
1539 2011 1599 2049 sed
1619 2012 1736 2049 etiam
1758 2010 1876 2048 amit-

466 2077 571 2116 tendi
591 2087 713 2115 metu.
737 2077 783 2115 In
804 2090 884 2129 quo
903 2078 1086 2130 equidem
1106 2078 1524 2118 continentiflimorum
1545 2077 1769 2122 hominum,
1791 2090 1876 2115 ma-

461 2145 592 2195 jorum
614 2141 847 2187 nostrorum,
870 2141 964 2195 saepe
995 2143 1149 2195 requiro
1179 2143 1440 2196 prudentiam,
1476 2144 1545 2196 qui
1566 2143 1647 2181 haec
1679 2141 1879 2181 imbecilla

467 2219 503 2247 et
523 2208 821 2247 commutabilia
844 2209 1018 2261 pecuniae
1039 2209 1227 2255 membra,
1260 2209 1379 2248 verbo
1400 2210 1526 2248 BONA
1551 2219 1781 2262 putaverunt
1807 2223 1875 2262 ap-

469 2275 657 2328 pellanda,
679 2289 770 2313 cum
792 2288 830 2313 re
851 2288 894 2313 ac
915 2273 1024 2313 fastis
1046 2275 1160 2329 longe
1181 2275 1288 2314 aliter
1302 2275 1583 2328 judicavissent.
1610 2276 1783 2314 Potestne
1804 2275 1876 2313 bo-

469 2355 564 2379 num
596 2341 780 2394 cuiquam
816 2341 919 2380 malo
953 2341 1055 2379 effe?
1090 2352 1154 2381 aut
1186 2343 1307 2396 potest
1341 2342 1544 2395 quisquam
1577 2343 1615 2380 in
1647 2341 1878 2379 abundantia

469 2409 661 2447 bonorum
693 2407 770 2461 ipsc
790 2407 860 2446 css'e
893 2422 970 2446 non
1002 2409 1155 2447 bonus?
1188 2410 1311 2462 Atqui
1341 2409 1404 2446 ista
1425 2409 1554 2447 omnia
1575 2409 1662 2446 talia
1683 2409 1875 2454 vidcnms,

471 2485 512 2512 ut
545 2475 660 2513 etiam
684 2475 850 2528 improbi
874 2473 1053 2521 habeant,
1084 2485 1122 2514 ct
1143 2475 1267 2514 obsint
1290 2475 1433 2529 probis.
1485 2476 1752 2526 (Qamobrcm
1786 2476 1876 2513 licet

470 2541 636 2588 irrideat,
673 2541 697 2580 si
720 2543 807 2595 quis
843 2541 954 2589 vult,
987 2543 1073 2597 plus
1108 2543 1208 2596 apud
1241 2556 1303 2581 mc
1326 2552 1451 2582 tamen
1486 2556 1569 2580 vcra
1602 2544 1697 2582 ratio
1719 2543 1875 2588 valebit,
