2223 3003
702 228 1309 270 FRAGMENTA.
1490 247 1492 250 ·
1640 249 1712 289 391

309 337 439 369 autem
460 327 738 383 Carthaginem
772 329 821 368 de
852 329 1017 377 excelso,
1052 339 1091 369 et
1124 331 1241 385 pleno
1266 331 1476 379 stellarum,
1508 332 1647 372 illustri
1680 343 1720 373 et

309 397 412 436 claro
432 396 603 449 quodam
623 397 729 449 loco)
751 397 798 435 ad
818 410 935 449 quam
958 408 1000 436 tu
1027 398 1329 452 oppugnandam
1357 413 1462 438 nunc
1487 401 1593 440 venis
1623 415 1721 455 pene

309 463 451 502 miles?
483 464 600 502 Hanc
629 462 706 502 hoc
727 463 887 502 biennio
907 464 1055 503 Consul
1075 475 1234 510 evertes,
1261 466 1410 519 eritque
1429 480 1648 521 cognomen
1678 469 1720 507 id

309 529 383 568 tibi
402 543 471 583 per
487 539 524 569 te
544 539 713 583 partum,
727 530 833 582 quod
846 528 962 568 habes
982 529 1108 569 adhuc
1129 544 1148 569 a
1166 532 1278 570 nobis
1291 531 1586 573 haereditarium.
1614 535 1718 574 Cum

307 605 440 634 autem
453 594 731 648 Carthaginem
751 595 948 641 deleveris,
966 595 1215 649 triumphum
1236 598 1372 651 egeris,
1391 600 1612 653 Censorque
1630 600 1719 640 fue-

308 662 375 707 ris,
396 670 435 700 et
453 661 594 699 obieris
614 659 762 712 legatus
782 661 1016 713 AEgyptum,
1038 662 1201 713 Syriam,
1220 663 1366 709 Afiam,
1389 665 1598 712 Graeciam,
1619 668 1719 706 deli-

305 742 395 781 gere
428 729 571 767 iterum
613 726 760 765 Consul
795 727 927 766 absens
940 757 952 773 ,
997 727 1226 782 bellumque
1264 731 1483 770 maximum
1522 734 1716 779 conficies,

308 795 570 834 Numantiam
591 793 803 832 exscindes.
821 795 907 840 Sed,
928 808 1021 833 cum
1041 797 1114 834 eris
1132 810 1249 835 curru
1267 798 1508 851 Capitolium
1529 800 1717 847 invectus,

307 861 477 901 offendes
498 861 783 915 rempublicam
802 862 1064 915 perturbatam
1086 864 1254 903 confiliis
1274 867 1427 918 nepotis
1448 867 1538 906 mei.
1562 868 1643 906 Hic
1661 877 1718 914 tu,

305 928 503 975 Africane,
534 928 706 968 ostendas
725 929 922 982 oportebit
940 931 1070 983 patriae
1091 931 1226 970 lumen
1246 933 1381 979 animi,
1408 933 1570 987 ingenii,
1593 935 1719 974 confi-

305 996 427 1049 liique
448 996 519 1034 tui.
543 996 615 1034 Sed
635 996 716 1048 ejus
737 997 923 1050 temporis
943 998 1154 1051 ancipitem
1170 999 1281 1037 video
1297 1000 1400 1052 quafi
1413 1000 1582 1039 fatorum
1598 1002 1716 1042 viam.

306 1064 413 1102 Nam
433 1076 525 1101 cum
546 1072 633 1101 aetas
655 1072 720 1101 tua
734 1062 907 1116 septenos
928 1065 1044 1103 oeties
1066 1065 1154 1104 solis
1173 1065 1362 1104 anfraCtus
1384 1068 1600 1121 reditusque
1621 1083 1718 1107 con-

305 1130 472 1175 verterit,
495 1130 651 1182 duoque
670 1128 713 1168 hi
733 1131 900 1176 numeri,
928 1145 1097 1184 quorum
1118 1141 1279 1185 uterque
1299 1133 1452 1185 plenus,
1481 1134 1576 1172 alter
1603 1135 1719 1173 altera

306 1196 352 1234 de
372 1197 494 1243 causa,
516 1196 693 1242 habetur,
715 1198 881 1237 circuitu
901 1199 1065 1237 naturali
1085 1199 1280 1238 summam
1306 1201 1379 1239 tibi
1400 1200 1554 1239 fatalem
1582 1202 1718 1240 confe-

305 1262 453 1309 cerint3
485 1263 526 1301 in
558 1272 595 1302 te
616 1277 756 1309 unum,
787 1273 902 1317 atque
935 1265 976 1304 in
1006 1275 1120 1304 tuum
1151 1279 1310 1312 nomen,
1341 1267 1378 1305 se
1409 1277 1489 1305 tota
1522 1277 1719 1307 convertet

306 1328 441 1368 civitas
459 1344 468 1368 :
500 1338 539 1368 te
558 1329 723 1375 senatus,
746 1339 784 1368 te
804 1344 940 1369 omnes
961 1331 1068 1377 boni,
1097 1340 1134 1370 te
1153 1331 1258 1377 socii,
1293 1341 1330 1370 te
1350 1333 1483 1371 Latini
1503 1334 1719 1372 intuebun-

304 1405 396 1435 tur:
428 1405 473 1435 tu
493 1397 566 1435 eris
586 1410 701 1442 unus,
734 1397 776 1435 in
797 1412 876 1451 quo
896 1398 1042 1437 nitatur
1072 1399 1240 1437 civitatis
1264 1398 1389 1445 salus;
1422 1413 1478 1445 ac,
1502 1414 1548 1438 ne
1579 1401 1718 1447 multa,

305 1462 485 1501 Dictator
498 1464 784 1515 rempublicam
799 1465 1006 1503 constituas
1023 1475 1190 1517 oportet,
1208 1466 1234 1503 s1
1255 1466 1394 1518 impias
1409 1467 1719 1520 propinquorum

303 1543 441 1568 manus
463 1528 659 1582 effugeris.
702 1529 785 1568 Hic
805 1543 898 1568 cum
919 1531 1159 1569 exclamasset
1179 1531 1337 1577 Laelius,
1368 1533 1720 1587 ingemuissentque

303 1596 430 1633 caeteri
450 1594 719 1634 vehementius
735 1614 747 1641 ς
780 1596 918 1634 leniter
948 1596 1114 1635 arridens
1145 1597 1289 1650 Scipio,
1321 1599 1461 1651 quaesO,
1491 1600 1636 1653 inquit,
1669 1613 1718 1639 ne

305 1676 370 1701 me
389 1676 410 1701 e
429 1662 565 1702 somno
583 1663 775 1708 excitetis,
797 1672 835 1702 et
851 1677 987 1717 parum
1009 1665 1121 1703 rebus
1140 1680 1148 1703 :
1172 1665 1300 1704 audite
1320 1675 1466 1705 caetera.

359 1730 434 1769 III.
458 1730 529 1769 Sed
549 1744 628 1784 quo
647 1730 706 1776 fis,
723 1729 920 1777 Africane,
943 1731 1102 1771 alacrior
1121 1732 1166 1771 ad
1188 1733 1394 1772 tutandum
1415 1733 1715 1787 rempublicam,

303 1796 354 1835 fic
392 1795 559 1842 habet0;
612 1797 826 1842 Omnibus,
867 1798 936 1850 qui
978 1799 1140 1851 patriam
1176 1798 1447 1844 conservarint,
1486 1800 1715 1852 adjuverint,

304 1864 493 1909 auxerint,
528 1874 679 1903 certum
710 1864 781 1902 effe
811 1865 852 1902 in
883 1865 976 1903 caelo
1007 1865 1214 1904 definitum
1234 1866 1382 1911 locum,
1417 1867 1483 1905 ubi
1517 1867 1618 1904 beati
1639 1881 1718 1906 aevo

305 1927 539 1982 sempiterno
558 1929 749 1968 fruantur.
794 1928 910 1968 Nihil
931 1929 984 1968 est
1004 1931 1110 1969 enim
1131 1931 1190 1968 illi
1210 1932 1378 1985 principi
1401 1933 1500 1977 Deo,
1539 1932 1607 1985 qui
1627 1946 1716 1970 om-

305 2008 395 2034 nem
414 1994 522 2035 hunc
542 1996 739 2034 mundum
759 1996 872 2050 regit,
899 1997 1005 2049 quod
1025 1997 1185 2049 quidem
1217 1998 1257 2035 in
1279 1999 1387 2036 terris
1405 1998 1484 2043 fiat,
1507 1999 1715 2051 acceptius,

305 2075 425 2114 quam
455 2063 623 2102 concilia
651 2063 844 2117 caetusque
875 2063 1100 2110 hominum,
1127 2065 1214 2117 jure
1245 2064 1392 2110 sociati,
1427 2079 1512 2116 quae
1542 2065 1715 2104 civitates

304 2128 569 2181 appellantur:
601 2129 740 2168 harum
761 2133 922 2169 restores
943 2140 981 2168 et
1001 2131 1292 2175 conservatores,
1323 2129 1417 2169 hinc
1438 2130 1614 2184 profetffi,
1636 2130 1716 2171 huc

303 2205 560 2234 revertuntur.
593 2196 675 2234 Hic
695 2209 781 2249 ego,
804 2197 870 2234 etsi
890 2209 993 2233 eram
1015 2197 1251 2248 perterritus,
1275 2210 1352 2235 non
1375 2208 1454 2236 tam
1476 2207 1584 2236 metu
1607 2212 1714 2236 mor-

303 2261 368 2306 tis,
401 2275 519 2315 quam
553 2262 777 2300 insidiarum
808 2276 829 2300 a
848 2264 961 2307 meis,
998 2263 1152 2315 quaefivi
1175 2272 1316 2309 tamen,
1352 2265 1543 2302 viveretne
1574 2264 1651 2318 ipse
1678 2274 1716 2303 et

306 2326 446 2367 Paulus
479 2338 596 2382 pater,
630 2338 667 2367 et
698 2329 776 2374 alii,
813 2343 909 2381 quos
941 2342 1009 2367 nos
1040 2330 1229 2368 extinctos
1250 2330 1532 2369 arbitraremur.
1585 2332 1716 2370 Immo

306 2406 407 2438 vero,
430 2395 571 2448 inquit,
589 2397 616 2434 ii
637 2398 786 2442 vivunt,
805 2397 873 2449 qui
894 2410 939 2434 cx
957 2410 1163 2449 corporum
1183 2397 1362 2443 vinculis,
1385 2408 1568 2451 tanquam
1591 2412 1610 2436 e
1630 2412 1714 2436 car-

306 2472 404 2505 cere,
426 2462 699 2508 evolaverunt;
733 2463 849 2501 vestra
870 2477 970 2508 vero,
998 2477 1082 2515 quae
1103 2462 1246 2502 dicitur
1265 2465 1354 2510 vita,
1378 2479 1481 2503 mors
1502 2464 1553 2503 est
1572 2479 1580 2502 z
1619 2465 1714 2516 quin

307 2535 350 2564 tu
382 2525 535 2580 aspicias
572 2529 618 2567 ad
650 2541 686 2567 te
721 2530 942 2568 venientem
977 2529 1143 2568 Paulum
1174 2540 1339 2583 patrem.
1387 2532 1518 2583 Qem
1548 2540 1589 2568 ut
1620 2531 1712 2575 vidi,
