2223 3003
519 264 597 318 276
914 259 1018 298 DE
1093 257 1518 298 OFFICIIS

520 363 679 399 Oratam
703 357 864 402 Crassus,
887 357 1160 395 Gratidianum
1181 355 1408 395 defendebat
1427 353 1638 395 Antonius.
1676 354 1746 406 Jus
1766 354 1918 396 Crassus
1979 348 1981 350 Ι

518 427 675 478 urgebat
691 440 698 462 :
722 424 826 476 quod
847 423 930 461 vitii
951 423 1126 461 venditor
1145 437 1224 462 non
1244 422 1395 462 dixiffet
1413 421 1548 468 sciens,
1565 421 1606 460 id
1623 431 1799 474 oportere
1817 434 1920 474 prae-

516 492 600 529 stari
619 505 627 529 :
660 491 879 542 aequitatem
899 490 1094 528 Antonius
1113 505 1122 528 :
1154 490 1340 542 quoniam
1360 489 1400 527 id
1419 488 1560 526 vitium
1586 487 1764 540 ignotum
1787 487 1921 540 Sergio

516 570 594 594 non
615 555 756 600 fuiffet,
789 557 856 608 qui
878 556 960 594 illas
981 556 1076 594 aedes
1096 555 1336 600 vendidisset,
1366 553 1467 593 nihil
1497 553 1608 592 fuiffe
1637 552 1782 591 neceffe
1811 552 1887 591 dici
1902 569 1921 598 ς

517 635 587 661 nec
607 636 698 661 eum
719 621 789 659 effe
810 622 1031 676 deceptum,
1061 623 1130 675 qui
1149 623 1202 667 id,
1237 621 1341 675 quod
1359 631 1516 668 emerat,
1537 636 1615 677 quo
1628 624 1716 676 jure
1734 618 1838 662 effen
1859 629 1923 659 te-

516 700 636 729 neret.
668 690 864 743 Qorsum
885 689 999 728 haec?
1031 698 1074 727 ut
1104 688 1203 728 illud
1222 689 1428 742 intelligas,
1459 703 1536 728 non
1556 688 1735 744 placuisse
1760 688 1922 742 majori-

517 759 589 797 bus
610 758 744 796 nostris
765 757 920 795 astutos.

576 824 710 862 XVII.
743 823 814 861 Sed
834 822 942 860 aliter
961 821 1079 874 leges,
1100 821 1210 859 aliter
1228 820 1463 875 philosophi,
1484 822 1630 861 tollunt
1649 821 1799 861 astutias
1818 836 1827 860 :
1859 820 1920 860 Ie-

516 903 594 944 ges,
616 898 804 942 quatenus
825 900 943 924 manu
963 895 1089 924 tenere
1105 885 1282 939 poffunt;
1313 885 1548 940 philosophi,
1569 897 1755 940 quatenus
1776 887 1922 926 ratione

515 967 554 994 et
587 953 854 1008 intelligentia.
905 953 1022 991 Ratio
1054 952 1174 1005 igitur
1207 951 1283 991 hoc
1314 952 1494 1006 postulat,
1524 967 1571 992 ne
1600 954 1696 1006 quid
1728 954 1919 999 infidiose,

516 1036 564 1061 ne
598 1021 693 1074 quid
729 1019 927 1064 fimulate,
965 1032 1012 1057 ne
1042 1018 1138 1071 quid
1171 1017 1371 1057 fallaciter.
1432 1019 1578 1058 Suntne
1609 1020 1729 1072 igitur
1761 1019 1921 1065 infidiae‚

514 1088 669 1128 tendere
704 1086 847 1140 plagas,
891 1085 1009 1123 etiam
1042 1085 1069 1123 fi
1103 1085 1337 1123 excitaturus
1371 1098 1448 1124 non
1482 1085 1542 1130 fis,
1573 1099 1643 1124 nec
1673 1085 1919 1139 agitaturus?

514 1155 602 1208 ipsae
632 1155 737 1192 enim
768 1152 871 1197 ferae,
902 1152 1012 1190 nullo
1044 1151 1280 1204 insequente,
1312 1152 1407 1206 saepe
1437 1152 1629 1191 incidunt.
1681 1153 1742 1191 Sic
1764 1161 1805 1191 tu
1824 1152 1922 1191 aedes

515 1220 739 1274 proscribas,
781 1218 954 1257 tabulam
989 1227 1173 1270 tanquam
1207 1218 1359 1270 plagam
1401 1231 1533 1271 ponas,
1573 1218 1736 1257 domurn
1767 1227 1925 1271 propter

516 1287 608 1324 vitia
634 1286 800 1330 vendas,
833 1280 873 1322 in
904 1297 989 1322 eam
1021 1283 1158 1336 aliquis
1193 1283 1362 1322 incurrat
1392 1284 1630 1337 imprudens.
1683 1284 1773 1322 Hoc
1794 1296 1921 1336 quan-

516 1365 633 1403 quam
654 1351 779 1395 video,
811 1358 966 1403 propter
997 1349 1308 1402 depravationem
1335 1349 1638 1394 consuetudinis,
1660 1363 1786 1402 neque
1814 1362 1921 1387 more

515 1428 626 1471 turpe
660 1415 806 1461 haberi,
838 1429 962 1467 neque
997 1425 1062 1453 aut
1096 1415 1179 1468 lege
1212 1415 1360 1461 sanciri,
1400 1425 1465 1455 aut
1490 1416 1576 1468 jure
1609 1415 1715 1453 civili
1735 1434 1748 1460 3
1791 1424 1921 1453 tamen

514 1493 658 1521 naturae
693 1482 776 1534 lege
807 1481 996 1519 sancitum
1026 1481 1092 1519 est.
1143 1481 1309 1520 Societas
1341 1482 1447 1519 enim
1478 1481 1543 1525 est,
1578 1481 1702 1532 (quod
1727 1480 1792 1518 etsi
1826 1481 1922 1534 saepe

515 1549 664 1588 dictum
695 1547 761 1592 est,
792 1547 1003 1585 dicendum
1039 1556 1167 1585 tamen
1199 1547 1250 1585 est
1270 1547 1421 1600 saepius)
1454 1546 1630 1584 latiffime
1656 1546 1815 1600 quidem
1837 1560 1923 1600 quae

514 1624 653 1669 pateat,
683 1613 895 1652 hominum
929 1612 1030 1651 inter
1048 1611 1257 1658 homines,
1289 1614 1447 1651 interior
1476 1627 1624 1658 eorum,
1657 1614 1724 1666 qui
1751 1613 1923 1665 ejusdem

515 1681 640 1735 gentis
661 1680 775 1726 sunt;
807 1679 963 1733 propior
982 1693 1131 1724 eorum,
1169 1679 1237 1732 qui
1268 1679 1437 1732 ejusdem
1458 1680 1637 1718 civitatis.
1670 1680 1804 1732 Itaque
1836 1693 1921 1718 ma-

511 1750 613 1800 jores
645 1746 749 1785 aliud
776 1747 841 1799 jus
861 1746 1054 1799 gentium,
1087 1746 1191 1784 aliud
1216 1747 1281 1798 jus
1301 1745 1416 1784 civile
1435 1745 1505 1784 effe
1536 1745 1753 1785 voluerunt.
1802 1746 1922 1798 Qod

515 1813 642 1858 civile,
665 1827 742 1851 non
763 1812 866 1850 idem
886 1813 1074 1851 continuo
1093 1812 1269 1865 gentium
1286 1831 1297 1857 ς
1329 1812 1434 1865 quod
1455 1821 1583 1851 autem
1603 1813 1795 1866 gentium,
1817 1813 1922 1852 idem

516 1879 629 1916 civile
649 1877 719 1915 effe
739 1878 866 1916 debet.
899 1878 970 1915 Sed
992 1892 1060 1915 nos
1080 1879 1156 1915 veri
1172 1879 1285 1929 juris,
1303 1892 1570 1930 germana‘que
1584 1879 1742 1930 justitia:
1761 1878 1923 1917 solidam

517 1954 554 1982 et
581 1942 788 1997 expressam
823 1942 992 1996 effigiem
1028 1942 1176 1980 nullam
1209 1952 1412 1987 tenemus3
1446 1944 1583 1981 umbra
1613 1953 1651 1981 et
1686 1944 1921 1995 imaginibus

518 2010 690 2048 utimur:
713 2022 772 2047 eas
793 2008 887 2061 ipsas
910 2009 1059 2046 utinam
1081 2007 1344 2060 sequeremur!
1375 2007 1549 2047 feruntur
1569 2009 1672 2047 enim
1694 2023 1740 2047 ex
1761 2010 1921 2062 optimis

520 2085 660 2114 naturce
680 2084 717 2113 et
738 2074 907 2112 veritatis
927 2074 1130 2127 exemplis.
1152 2075 1256 2113 Nam
1278 2075 1412 2127 quanti
1433 2076 1546 2113 verba
1567 2075 1644 2120 illa,
1669 2076 1736 2114 Uti
1751 2085 1921 2129 m‘prop-

519 2153 576 2181 ter
596 2141 810 2194 t2·,ficlcmve
830 2150 930 2179 tuam
948 2150 1088 2194 captus,
1095 2141 1349 2194 sraudattfsiv
1357 2142 1430 2192 stm
1447 2143 1467 2180 ἒ
1489 2142 1620 2193 Qum
1642 2142 1706 2180 illa
1726 2156 1849 2190 aurea,
1873 2143 1923 2182 Ut

519 2210 614 2247 inter
633 2208 733 2246 bonos
753 2206 836 2246 bene
853 2207 956 2260 agicr
974 2216 1126 2260 oportet,
1148 2206 1518 2259 etstm·fi·‹1u‹l‹1t1bne
1535 2210 1551 2246 !

576 2274 660 2319 Sed,
682 2274 748 2326 qui
771 2273 842 2311 sint
862 2273 954 2317 boni,
987 2282 1025 2311 et
1046 2272 1141 2326 quid
1162 2273 1205 2311 fit
1225 2273 1307 2312 bene
1325 2274 1400 2327 agi,
1422 2287 1558 2327 magna
1578 2274 1734 2327 quaestio
1753 2274 1819 2312 cst.
1867 2276 1935 2328 Q

520 2340 681 2393 quidem
703 2339 880 2384 Scaevola,
916 2338 1094 2377 Pontifex
1116 2339 1325 2384 maximus,
1356 2339 1546 2378 summam
1578 2340 1658 2378 vim
1683 2340 1924 2379 diceb.1tcss‘c

520 2407 560 2444 in
593 2405 776 2444 omnibus
809 2405 854 2443 iis
886 2405 1065 2451 arbitriis,
1088 2406 1128 2444 in
1150 2405 1292 2459 quibus
1313 2405 1524 2451 adderetur,
1557 2419 1609 2444 tx
1637 2419 1738 2444 rme
1767 2419 1884 2446 BONA
1908 2426 1922 2453 5

522 2472 686 2524 fideique
708 2471 817 2510 bonae
839 2486 978 2510 nomen
999 2472 1238 2511 existimabat
1263 2485 1413 2510 manare
1434 2471 1622 2517 latiffimc,
1655 2472 1769 2525 idque
1790 2473 1924 2513 versari

522 2540 560 2577 in
584 2538 727 2583 tutelis,
746 2538 1002 2583 societatibus,
1024 2539 1190 2584 fiduciis,
1208 2538 1410 2584 mandatis,
1434 2539 1546 2577 rebus
1566 2540 1723 2592 emptis,
1743 2539 1923 2584 venditis,

520 2604 735 2651 conductis,
758 2604 906 2652 locatis,
927 2606 1070 2659 quibus
1091 2605 1176 2645 vita:
1198 2604 1351 2645 societas
1372 2605 1616 2645 continetur:
1648 2605 1689 2644 in
1709 2604 1769 2644 his
1790 2604 1923 2659 magni
