2223 3003
441 276 520 331 236
836 271 941 312 DE
1015 269 1442 310 OFFICIIS

439 376 538 414 Ha‘c
568 382 696 413 autem
728 371 777 424 (fi
810 371 863 409 est
897 370 1122 423 simpliciter
1150 369 1393 423 breviterque
1425 369 1664 424 dicendum)
1695 371 1842 424 quibus

439 442 550 480 rebus
579 439 781 493 pariuntur
810 450 830 474 a
858 436 1031 489 fingulis,
1062 435 1205 475 eisdem
1221 435 1300 474 fere
1325 450 1346 475 a
1376 436 1644 475 multitudine.
1686 438 1758 476 Sed
1787 438 1843 477 est

440 507 535 544 alius
556 516 714 557 quoque
732 502 893 556 quidam
911 502 1038 541 aditus
1057 503 1104 541 ad
1120 503 1431 548 multitudinem,
1451 512 1494 542 ut
1513 504 1554 542 in
1576 503 1840 543 universorum

438 573 586 611 animos
607 581 789 624 tanquam
810 569 970 609 influere
988 569 1187 624 poffimus.

491 640 552 677 Ac
574 639 746 692 primum
775 637 821 675 de
840 637 918 676 illis
938 637 1075 682 tribus,
1106 651 1191 690 quae
1216 646 1303 676 ante
1334 636 1415 676 dixi
1445 636 1723 676 benevolentiae
1742 650 1842 690 prae-

436 714 559 759 cepta,
590 705 818 749 videamus;
850 717 935 756 quae
965 703 1124 757 quidem
1159 703 1356 742 beneficiis
1384 704 1534 757 capitur
1553 704 1749 742 maxime:
1781 703 1842 741 se-

436 772 566 811 cundo
598 780 727 810 autem
766 771 854 809 loco
901 770 1073 808 benefica
1104 770 1301 809 voluntate
1336 771 1601 809 benevolentia
1648 779 1842 815 movetur,

435 840 552 877 etiam
573 838 599 877 fi
620 851 676 876 res
696 836 795 875 forte
815 850 893 875 non
912 837 1095 890 suppetit.
1137 835 1400 881 Vehementer
1417 847 1547 876 autem
1573 850 1681 875 amor
1701 836 1843 874 multi-

437 906 583 944 tudinis
610 912 879 942 commovetur
912 902 991 955 ipsa
1018 901 1123 941 fama
1155 911 1193 941 et
1225 903 1408 956 opinione
1436 904 1689 949 liberalitatIs‚
1721 903 1843 941 bene-

437 972 613 1016 ficentiae‚
638 969 810 1023 justitiae,
840 968 946 1014 fidei,
975 969 1234 1022 omniumque
1253 982 1384 1007 earum
1412 970 1616 1015 virtutum,
1647 983 1732 1023 quae
1753 983 1841 1023 per-

437 1039 563 1077 tinent
595 1037 641 1076 ad
671 1035 1008 1075 mansuetudinem
1028 1049 1186 1074 morum
1219 1050 1261 1074 ac
1281 1035 1525 1075 facilitatem.
1557 1037 1718 1074 Etenim
1744 1035 1844 1074 illud

437 1103 579 1157 ipsum,
601 1101 706 1156 quod
735 1099 940 1140 honestum
971 1100 1234 1154 decorumque
1264 1101 1448 1146 dicimus,
1480 1101 1571 1154 quia
1589 1114 1656 1154 per
1674 1100 1710 1138 se
1730 1100 1843 1139 nobis

438 1171 575 1223 placet,
590 1168 816 1221 animosque
834 1167 1015 1206 omnium
1032 1177 1164 1206 natura
1183 1177 1221 1206 et
1237 1167 1359 1221 speeie
1378 1167 1442 1206 sua
1460 1177 1696 1212 commovet,
1714 1167 1842 1205 maxi-

437 1251 579 1290 meque
600 1236 702 1289 quafi
722 1235 897 1288 perlucet
917 1248 965 1273 ex
985 1235 1046 1279 iis,
1065 1249 1159 1287 quas
1180 1236 1497 1279 commemoravi,
1520 1235 1728 1272 virtutibus
1745 1253 1757 1279 ς
1780 1233 1843 1271 id-

437 1305 542 1342 circo
560 1303 661 1348 illos,
692 1302 733 1340 in
755 1301 897 1354 quibus
917 1314 977 1339 eas
997 1302 1157 1339 virtutes
1177 1301 1248 1340 effe
1269 1315 1411 1346 remur,
1441 1315 1462 1338 a
1490 1309 1623 1339 natura
1652 1299 1730 1353 ipsa
1750 1299 1843 1338 dili-

437 1385 524 1424 gere
542 1370 734 1423 cogImur.
754 1369 887 1420 Atque
906 1367 964 1406 hae
979 1367 1139 1420 quidem
1160 1367 1246 1406 sunt
1262 1367 1380 1406 causae
1397 1367 1583 1422 diligendi
1598 1361 1841 1420 g'raviffimae:

437 1436 589 1489 possunt
611 1436 716 1473 enim
737 1443 914 1487 praeterea
930 1434 1126 1472 nonnulla:
1145 1435 1216 1473 effe
1236 1435 1410 1473 leviores.

492 1503 608 1541 Fides
628 1510 756 1539 autem
773 1509 817 1538 ut
836 1499 1032 1545 habeatur,
1063 1499 1210 1538 duabus
1227 1501 1339 1538 rebus
1366 1500 1467 1537 effici
1485 1499 1606 1552 potest
1622 1517 1633 1543 ς
1666 1498 1691 1536 fi
1711 1498 1844 1537 existi-

437 1568 635 1607 mabimur
654 1566 781 1619 adepti
801 1567 1049 1618 conjuncstam
1066 1579 1159 1604 cum
1173 1565 1320 1618 justitia
1338 1565 1597 1619 prudentiam.
1616 1565 1724 1604 Nam
1740 1575 1777 1603 et
1796 1565 1843 1604 iis

436 1634 555 1673 fidem
575 1633 777 1677 habemus,
812 1645 909 1685 quos
941 1631 1028 1685 plus
1059 1632 1290 1685 intelligere,
1321 1645 1439 1684 quam
1468 1645 1552 1678 nos,
1583 1631 1813 1670 arbitramur
1829 1650 1840 1677 ς

436 1701 608 1754 quosque
639 1708 677 1738 et
696 1697 827 1737 futura
857 1698 1071 1752 prospicere
1091 1699 1299 1744 credimus,
1331 1708 1383 1744 et,
1415 1712 1508 1737 cum
1534 1712 1592 1738 res
1625 1707 1771 1752 agatur,
1802 1699 1842 1736 in

435 1767 717 1820 discrimenque
736 1775 895 1804 ventum
916 1765 973 1811 fit,
1003 1766 1182 1820 expedire
1203 1753 1299 1812 rem,
1320 1775 1358 1804 et
1373 1766 1578 1804 confilium
1599 1779 1646 1804 ex
1668 1775 1840 1818 tempore

436 1847 568 1886 capere
584 1832 686 1885 poffe
704 1847 712 1870 :
736 1831 835 1870 hanc
851 1832 957 1870 enim
978 1832 1114 1871 utilem
1132 1846 1266 1871 omnes
1281 1832 1514 1877 existimant,
1528 1845 1734 1885 veramque
1748 1845 1841 1885 pru-

436 1900 622 1938 dentiam.
655 1897 771 1949 Justis
791 1907 920 1935 autem
940 1906 977 1934 et
997 1897 1084 1935 fidis
1103 1897 1347 1943 hominibus,
1381 1899 1419 1936 id
1440 1899 1506 1943 est,
1529 1899 1654 1943 bonis,
1679 1899 1729 1936 ita
1749 1897 1842 1936 fides

437 1964 613 2009 habetur,
637 1974 679 2002 ut
700 1963 805 2001 nulla
826 1963 869 2001 fit
890 1963 928 2001 in
951 1962 1011 2001 his
1028 1961 1169 2001 fraudis
1191 1963 1416 2016 injuriaeque
1431 1963 1606 2016 suspicio.
1632 1965 1765 2015 Itaque
1781 1962 1841 2001 his

439 2033 597 2071 salutem
620 2031 799 2075 nostram,
821 2029 880 2068 his
899 2029 1085 2076 fortunas,
1103 2029 1163 2069 his
1186 2031 1324 2069 liberos
1347 2031 1547 2070 rcffiffime
1567 2031 1765 2069 committi
1781 2044 1841 2069 ar-

439 2099 640 2137 bitramur.
665 2097 818 2135 Harum
839 2096 958 2149 igitur
978 2096 1142 2136 duarum
1162 2097 1207 2135 ad
1227 2097 1343 2136 fidem
1365 2096 1740 2149 faciendamjustitia
1756 2097 1843 2150 plus

440 2165 583 2217 pollet3
620 2164 764 2217 quippe
795 2177 885 2201 cum
909 2177 950 2200 ea
970 2163 1046 2201 fine
1078 2164 1280 2217 prudentia
1307 2163 1391 2202 satis
1425 2163 1562 2202 habeat
1591 2163 1841 2208 auctoritatis,

439 2231 640 2283 prudentia
657 2229 887 2281 sinejustitia
908 2227 1007 2267 nihil
1025 2229 1144 2267 valeat
1162 2229 1206 2268 ad
1232 2228 1447 2269 faciendam
1466 2230 1596 2269 fidem.
1626 2231 1719 2282 Qu
1734 2230 1840 2267 enim

439 2297 525 2350 quis
547 2296 729 2334 versutior
749 2306 785 2333 ct
807 2295 981 2334 callidior
1000 2296 1076 2342 cst5
1109 2296 1184 2335 hbe
1205 2297 1358 2335 invisior
1377 2307 1414 2336 et
1435 2297 1651 2350 suspeetior,
1679 2296 1843 2334 dottam

438 2364 620 2417 opinione
639 2363 851 2415 probitatis.
885 2364 1153 2415 (Qamobrem
1176 2364 1439 2417 intelligentia*
1454 2364 1602 2417 justitia
1620 2363 1839 2414 conjuncta,

439 2440 628 2483 quantum
652 2429 765 2474 volet,
788 2428 944 2467 habebit
963 2431 1006 2468 ad
1030 2430 1242 2469 faciendam
1264 2430 1380 2469 fidem
1402 2431 1542 2469 virium
1563 2445 1569 2468 :
1599 2430 1745 2482 justitia
1767 2430 1842 2467 linc

441 2496 641 2551 prudentia
662 2496 833 2534 multum
856 2498 1021 2549 μοῖς-τὴς
1056 2498 1131 2536 sinc
1146 2498 1291 2550 justitia
1313 2496 1410 2536 nihil
1432 2497 1574 2535 valebit
1596 2496 1811 2550 prudentia.

486 2563 538 2603 X.
557 2563 641 2609 Sed,
661 2577 706 2601 nc
723 2564 808 2616 quis
826 2564 868 2602 s1t
883 2564 1104 2611 admiratus,
1122 2579 1204 2611 cur,
1222 2578 1313 2604 cum
1328 2565 1425 2604 inter
1441 2578 1574 2605 omnes
1590 2561 1840 2618 philosophos
