2223 3003
670 293 1267 334 FRAGMENTA.
1592 309 1665 348 379

326 389 433 443 sequi
453 389 586 435 velint,
600 403 643 429 ac
662 390 775 430 suum
796 392 937 444 cuique
952 392 1157 438 restituere,
1172 392 1278 445 quod
1297 391 1336 430 vi
1355 400 1392 430 et
1412 391 1527 431 armis
1547 405 1666 431 occu-

325 465 526 508 paverunt,
552 456 598 494 ad
617 456 713 495 casas
733 466 771 495 et
791 458 993 510 egestatem
1021 467 1268 496 revertentur.
1301 458 1419 511 Qod
1440 458 1465 496 fi
1490 457 1665 501 fecerint,

323 520 445 572 justos
472 522 645 560 dicemus
666 522 839 574 quidem,
871 522 933 560 sed
954 532 1081 561 tamen
1100 523 1233 561 stultos
1248 523 1418 575 judicare
1439 523 1581 563 necesse
1600 524 1666 567 est,

325 587 408 638 qui,
430 597 473 625 ut
492 587 573 625 aliis
591 587 746 639 profuit,
767 587 837 625 fibi
857 600 992 625 nocere
1011 588 1265 626 contendunt.

271 651 422 690 LACT.
440 652 502 690 lib.
526 665 566 690 v.
587 661 666 704 cap.
687 653 748 690 16.
771 652 876 704 Epit.
897 661 977 704 cap.
1006 653 1059 705 1.]
1091 653 1220 691 Bonus
1242 654 1298 691 vir
1316 653 1342 691 fi
1362 653 1498 692 habeat
1518 655 1667 693 servum

325 717 552 771 fugitivum,
587 717 645 755 vel
666 717 829 755 domum
858 717 1088 756 insalubrem
1109 732 1151 756 ac
1176 719 1432 771 pestilentem,
1463 735 1548 773 quae
1576 722 1667 759 vitia

324 783 425 822 solus
445 782 548 828 sciat,
566 791 605 820 et
624 782 710 821 ideo
729 782 952 836 proscribat,
974 792 1017 821 ut
1031 783 1169 821 vendat
1178 802 1190 828 ς
1213 793 1395 823 utrumne
1411 785 1665 838 profitebitur,

323 847 537 902 fugitivum
560 848 710 887 servum
729 862 772 887 ac
792 848 1031 901 pestilentem
1051 849 1214 888 domum
1234 850 1270 888 se
1295 851 1467 896 vendere,
1500 865 1546 889 an
1566 852 1666 889 cela-

325 914 385 953 bit
403 914 650 968 emptorem?
682 915 720 953 Si
745 914 990 968 profitebitur
1008 916 1189 969 emptori,
1204 915 1417 969 fugitivum
1437 917 1521 962 effe3
1545 918 1667 956 bonus

323 981 498 1033 quidem,
534 981 624 1033 quia
645 994 721 1019 non
752 980 873 1027 fallet,
906 981 968 1020 sed
990 991 1116 1020 tamen
1136 982 1272 1021 stultus
1294 984 1547 1036 judicabitur,
1578 986 1668 1037 quia

321 1047 382 1085 vel
401 1060 518 1100 parvo
533 1047 683 1093 vendet,
697 1047 757 1085 vel
777 1048 938 1086 omnIno
956 1062 1034 1087 non
1049 1048 1201 1087 vendet.
1225 1049 1263 1087 Si
1278 1050 1467 1095 celaverit,
1489 1051 1561 1088 erit
1576 1051 1666 1102 qui-

323 1112 413 1151 dem
433 1113 593 1166 sapiens,
624 1113 714 1165 quia
733 1114 786 1151 rei
806 1113 1004 1159 consulet;
1036 1114 1098 1152 sed
1124 1114 1227 1152 idem
1249 1116 1387 1160 malus,
1420 1117 1511 1168 quia
1545 1115 1664 1154 fallet.
1715 1168 1718 1170 v

323 1179 489 1224 Deinde,
506 1179 533 1217 fi
553 1180 713 1232 reperiat
732 1178 950 1225 hominem,
965 1181 1033 1233 qui
1053 1189 1118 1219 aut
1133 1194 1270 1220 aurum
1290 1195 1360 1234 pro
1379 1181 1586 1226 orichalco,
1604 1191 1668 1220 aut

319 1255 523 1297 argentum
544 1259 615 1298 pro
648 1245 827 1298 plumbo,
857 1247 994 1284 vendat
1024 1261 1091 1300 per
1110 1260 1289 1292 errorem,
1321 1257 1436 1300 atque
1469 1248 1508 1286 id
1542 1261 1667 1286 emere

320 1310 513 1348 neceffitas
533 1320 672 1363 cogat;
704 1309 835 1348 utrum
857 1311 1123 1356 diffimulabit,
1144 1322 1182 1349 et
1202 1322 1304 1350 emet
1323 1326 1452 1365 parvo,
1473 1326 1519 1350 an
1540 1313 1667 1365 potius

320 1375 536 1414 indicabit?
566 1376 697 1427 Justus
732 1377 867 1429 utique
896 1377 1059 1422 dicetur,
1087 1378 1177 1430 quia
1197 1391 1273 1416 non
1293 1376 1447 1423 fefellit,
1470 1378 1530 1416 sed
1563 1379 1668 1417 idem

321 1441 473 1487 stultus,
509 1442 578 1494 qui
607 1442 714 1480 alteri
734 1441 868 1481 fecerit
898 1443 1173 1493 lucrum,0s1bi
1204 1443 1406 1482 damnum.
1454 1445 1525 1483 Sed
1556 1444 1669 1482 facile

322 1506 369 1544 de
389 1507 531 1545 damno
564 1507 640 1544 est:
673 1508 755 1558 qui,
777 1508 804 1544 fi
824 1508 902 1544 vita
920 1509 1000 1559 ejus
1021 1509 1059 1546 in
1081 1509 1300 1560 periculum
1326 1510 1467 1554 veniet,
1501 1519 1543 1547 ut
1576 1523 1668 1548 eum

320 1573 527 1626 aliquando
560 1572 703 1611 necesse
735 1572 793 1618 fit,
821 1582 887 1611 aut
916 1587 1117 1627 occupare,
1149 1583 1214 1612 aut
1240 1576 1354 1620 mori,
1390 1576 1485 1628 quid
1518 1574 1632 1614 faciet
1653 1576 1666 1613 ?

321 1639 450 1679 Potest
467 1637 543 1677 hoc
563 1639 728 1684 evenire,
750 1648 806 1684 ut,
836 1638 1034 1694 naufragio
1052 1639 1166 1686 facio,
1188 1640 1356 1679 inveniat
1385 1642 1557 1694 aliquem
1587 1643 1666 1680 im-

320 1706 523 1751 becillum,
546 1706 684 1745 tabulae
704 1705 954 1745 inhaerentem
967 1726 980 1753 ς
1008 1716 1086 1753 aut,
1107 1708 1209 1746 victo
1227 1709 1413 1754 exercitu,
1433 1707 1585 1762 fugiens
1605 1723 1666 1747 re-

319 1773 442 1827 periat
471 1773 641 1826 aliquem
675 1773 933 1818 vulneratum,
967 1787 1068 1826 equo
1102 1773 1328 1814 insidentem
1344 1793 1356 1820 ;
1389 1785 1571 1814 utrumne
1602 1785 1667 1814 aut

319 1840 436 1879 illum
457 1839 600 1885 tabula,
622 1850 685 1878 aut
705 1839 811 1878 hunc
830 1854 932 1893 equo
950 1841 1185 1886 deturbabit,
1203 1850 1246 1879 ut
1266 1842 1343 1894 ipse
1359 1842 1470 1895 poffit
1485 1843 1664 1881 evadere?

320 1907 359 1944 Si
380 1907 482 1944 volet
509 1906 634 1958 justus
654 1905 739 1950 effe,
761 1920 839 1944 non
860 1906 1000 1952 faciet;
1033 1906 1095 1945 sed
1129 1906 1233 1944 idem
1254 1907 1390 1946 stultus
1410 1908 1665 1960 judicabitur,

318 1972 389 2025 qui
408 1972 503 2010 dum
532 1971 686 2010 alterius
713 1971 800 2010 vitae
819 1973 954 2025 parcit,
976 1972 1082 2010 suam
1100 1972 1247 2025 perdet.
1291 1974 1328 2011 Si
1359 1973 1486 2019 faciet,
1522 1974 1664 2027 sapiens

319 2038 479 2090 quidem
498 2038 705 2084 videbitur,
728 2037 818 2091 quia
837 2037 907 2076 fibi
927 2037 1093 2078 consulit
1107 2056 1120 2083 5
1151 2038 1213 2077 sed
1231 2048 1269 2077 et
1289 2039 1393 2078 idern
1413 2039 1552 2084 malus,
1575 2041 1665 2092 quia

316 2104 484 2143 nocebit.

264 2171 415 2210 LACT.
438 2170 498 2209 lib.
523 2185 562 2209 v,
584 2181 664 2223 cap.
694 2172 775 2224 1'2.]
807 2173 962 2222 Qaero,
995 2172 1022 2209 fi
1042 2172 1119 2210 duo
1140 2171 1224 2215 slnt,
1247 2184 1415 2223 quorum
1444 2171 1537 2210 alter
1557 2174 1661 2226 opti-

318 2251 407 2276 mus
427 2237 498 2282 vir,
531 2237 778 2289 aequisfimus,
801 2237 949 2274 summa
963 2236 1122 2288 justitia,
1156 2237 1333 2291 singulari
1355 2237 1455 2283 fide3
1487 2239 1581 2277 alter
1600 2240 1661 2278 in-

317 2304 414 2358 figni
433 2304 569 2343 scelere
589 2314 627 2342 et
647 2304 800 2342 audacia
819 2303 1074 2342 existimetur:
1099 2313 1137 2342 et
1150 2304 1175 2342 fi
1193 2304 1230 2343 in
1249 2318 1294 2343 eo
1312 2305 1356 2343 fit
1369 2319 1492 2344 errore
1513 2307 1660 2351 civitas,

319 2379 362 2409 ut
391 2371 542 2410 bonum
575 2371 691 2410 illum
718 2371 858 2415 virum,
895 2369 1133 2415 sceleratum,
1169 2370 1440 2417 facinorosum,
1471 2372 1661 2412 nefarium

318 2445 428 2488 putet
441 2455 454 2481 ς
485 2446 617 2476 contra
636 2447 781 2481 autem,
803 2437 869 2489 qui
890 2436 935 2474 fit
956 2436 1271 2489 improbiffimus,
1302 2437 1452 2477 summa
1470 2438 1540 2476 effe
1570 2453 1660 2492 pro-

319 2501 438 2539 bitate
457 2515 499 2540 ac
520 2502 594 2540 fide
607 2503 822 2542 existimet:
845 2515 992 2554 proque
1011 2500 1082 2540 hac
1102 2503 1284 2555 opinione
1299 2505 1478 2542 omnium
1500 2506 1660 2551 civium,

320 2567 442 2606 bonus
464 2567 529 2606 ille
548 2569 606 2609 vir
624 2579 795 2614 vexetur,
825 2569 1003 2621 rapiatur,
1025 2583 1161 2608 manus
1192 2570 1226 2607 ei
1257 2571 1422 2623 denique
1443 2571 1659 2618 afferantur,

1194 2637 1357 2676 Bbbz
