2223 3003
574 255 864 306 VARI'AE
948 265 1503 307 LECTIONES.

320 369 375 427 1:2³1
405 359 440 428 238
462 398 587 436 Pompeii
602 399 625 428 E
640 401 742 437 Pompei

404 448 440 477 29
460 447 525 466 cum
541 439 563 466 E
578 439 603 467 d.

403 488 440 516 32
463 487 518 506 non
533 479 557 506 E
571 481 598 507 d.

403 527 442 555 34
462 524 510 545 aut
525 519 551 552 ψ
564 517 616 546 alii

404 567 418 594 3
425 567 438 595 ς
463 556 630 586 abhorreant
644 557 667 585 E
681 556 708 593 ψ
718 561 787 586 imm
800 557 955 587 abhorreant

327 605 380 625 102
425 606 439 634 3
465 597 537 625 Haec
556 597 580 624 E
595 599 648 626 Nec
662 596 689 632 ψ
701 609 744 626 nec

402 651 443 658 —
463 644 563 674 agatur
577 637 600 664 E
615 644 678 675 agat

403 690 444 697 —
463 675 589 704 confistat
604 676 632 704 U
645 678 752 714 coefistit

424 725 444 751 4
465 714 517 743 fint
533 716 556 743 E
563 717 628 752 fiant

423 765 439 793 ς
463 753 571 782 idcirco
680 754 876 784 antecedentes
890 755 914 784 E
928 754 955 792 ψ
969 758 994 784 d.

425 803 442 830 7
464 793 581 822 haberet
594 795 617 822 E
631 795 754 823 haberent

402 848 445 855 —
465 834 552 861 Nunc
567 834 590 862 E
607 845 649 862 nec

424 875 440 901 8
462 872 636 902 imbecilline
652 874 732 902 fimus
754 875 778 903 E
792 874 969 914 imbecillesque
975 874 1026 911 su-

505 924 559 941 mus
572 914 598 947 ψ
610 913 744 942 imbecilles
748 916 840 952 sumus

425 962 444 991 9
466 952 548 981 nobis
566 953 588 981 E
603 953 677 981 rebus

409 1002 419 1021 1
431 1002 440 1021 ι
466 991 652 1030 consequatur
666 994 822 1032 Estquasm·

411 1042 420 1060 1
430 1043 443 1070 3
466 1032 551 1060 etiam
567 1032 590 1060 E
605 1031 632 1067 ψ
645 1041 669 1061 et

406 1087 446 1093 —
467 1071 559 1100 sedere
571 1072 595 1099 E
610 1071 738 1109 xla-fidere,
750 1084 788 1101 eos

412 1122 422 1139 r
431 1121 445 1150 5
470 1111 627 1149 Stilponem
645 1113 667 1140 E
684 1113 839 1150 Stylpbcnem

406 1167 447 1175 -
468 1151 635 1190 Megareum
651 1152 674 1180 E
687 1152 714 1181 U
731 1151 758 1188 ψ
772 1153 933 1191 Megaricum

413 1191 447 1219 16
470 1191 554 1229 ipfius
570 1192 592 1219 E
607 1200 630 1220 ει
643 1194 694 1229 q'us

412 1241 422 1259 ι
433 1241 442 1259 ι
468 1231 544 1258 enim
560 1231 582 1259 Ε
596 1234 684 1259 etenim

407 1280 445 1299 20
466 1270 566 1304 Quid?
587 1271 730 1300 Socratem
746 1280 838 1300 nonne
854 1272 877 1300 E
895 1270 971 1308 Qid
982 1271 1029 1299 So·

510 1320 604 1338 cratem
615 1313 632 1338 ?
651 1322 698 1338 non

410 1359 442 1379 21
468 1350 573 1378 notarit
588 1350 722 1389 Zopyrus
743 1351 767 1378 E
782 1353 883 1379 notavit
897 1351 1028 1390 Zcplyrus

508 1390 534 1424 ψ
548 1395 646 1419 notari!
660 1391 791 1428 Zephyrus

413 1440 448 1468 ²3
471 1429 632 1467 pernoscere
648 1431 671 1458 E
685 1431 822 1469 cognoscere

414 1479 451 1507 30
471 1469 620 1506 disciplina
635 1471 658 1497 E
673 1479 696 1497 et
710 1470 846 1507 disciplina

413 1519 448 1546 32
471 1508 668 1546 qualibusnam
683 1510 706 1537 E
722 1509 751 1538 U
765 1508 885 1547 quelibet
899 1519 960 1537 nam

411 1564 453 1572 —
472 1548 612 1586 perceptis
627 1547 654 1576 U
666 1552 800 1587 praeceptis

411 1603 453 1611 —
472 1588 538 1616 artis
554 1589 577 1616 E
592 1588 618 1622 ψ
631 1590 658 1616 d.

415 1638 451 1666 33
473 1628 607 1665 Percepta
622 1627 650 1655 U
665 1629 801 1666 Praeccpta

416 1678 455 1706 34
475 1675 607 1705 percepto
622 1668 645 1695 E
662 1667 689 1696 U
700 1676 827 1706 praeccpto

336 1719 390 1747 ¹03
439 1717 448 1737 ι
474 1715 607 1744 percepta
621 1707 643 1735 E
660 1716 788 1746 praeccpta

436 1758 452 1777 2
475 1746 574 1785 Vigila
682 1748 816 1778 morietur
829 1749 852 1777 E
867 1748 892 1776 d.

436 1789 455 1816 6
476 1787 548 1815 illud
565 1786 586 1814 E
601 1788 670 1824 istud

436 1837 452 1863 7
475 1835 531 1855 non
547 1827 570 1854 E
585 1828 612 1854 d.

413 1883 454 1890 —
474 1875 543 1904 ergo
558 1867 580 1894 E
596 1866 625 1895 U
640 1869 722 1903 igitur

437 1917 454 1945 9
478 1907 506 1934 in
523 1906 545 1933 E
562 1905 589 1939 ψ
603 1907 628 1933 d.

415 1962 456 1970 —
476 1946 496 1975 F
499 1945 564 1973 abio
578 1945 604 1979 ψ
617 1945 643 1974 d.

415 2002 455 2009 —
474 1992 568 2014 ortum
580 1985 603 2014 E
618 1986 644 2019 ψ
658 1983 769 2014 Fabium
780 1991 870 2014 natum

416 2042 457 2049 —
477 2035 542 2054 eum
555 2025 581 2059 ψ
593 2037 649 2054 cum

421 2076 457 2095 ro
477 2074 505 2094 et
519 2066 545 2100 ψ
558 2067 585 2093 d.

423 2116 432 2134 1
444 2115 453 2134 ι
479 2105 531 2133 effe
543 2106 569 2140 ψ
582 2106 610 2133 d.

417 2161 458 2168 -
477 2145 537 2172 haec
551 2153 663 2182 quoque
679 2144 702 2172 E
717 2153 741 2172 et
757 2145 813 2172 baec

424 2195 460 2221 ¹4
481 2185 574 2212 Omne
681 2192 737 2212 non
752 2183 840 2221 potest
857 2183 878 2214 E
894 2184 923 2212 U
937 2185 965 2212 d.

419 2223 679 2294 anun

433 2314 467 2343 ¹9
489 2304 540 2332 ess‘e
555 2304 578 2332 E
592 2305 624 2341 est

424 2354 461 2373 20
483 2343 535 2372 fint
550 2345 573 2372 E
581 2344 645 2380 fient

425 2393 456 2412 21
481 2383 540 2412 fieri
555 2383 578 2411 E
594 2385 621 2411 d.

425 2433 461 2452 22
484 2422 634 2461 Cypselum
651 2424 674 2452 E
689 2422 826 2460 Cypstleunr

427 2472 464 2498 ²4
483 2463 683 2500 comprobabis
699 2463 721 2490 E
737 2463 898 2500 quaeprobas

427 2511 462 2540 25
485 2501 615 2531 dicentur
631 2504 654 2531 E
671 2503 698 2532 U
714 2503 855 2531 dtccrentur

479 2541 569 2572 Tou.
590 2542 646 2572 111.
687 2539 695 2548 '

1075 372 1130 440 ἵξῃ,
1156 363 1190 440 2Ῑέ
1214 401 1257 430 his
1274 402 1296 430 E
1309 405 1345 430 iis

1152 456 1193 463 —
1213 442 1312 479 poffint
1323 439 1349 470 E
1357 442 1454 479 poffimt

1156 481 1192 510 26
1214 481 1388 520 Carthagine
1408 481 1565 518 potiturum
1587 479 1609 508 E
1624 478 1772 517 Karthagi.·

1252 533 1304 549 mm
1314 524 1451 558 petiturum
1464 520 1491 556 ψ
1505 521 1691 559 Carthaginem
1704 521 1774 558 peti-A

1253 570 1339 589 turum

1156 600 1191 627 28
1213 599 1293 628 vobis
1309 600 1332 628 E
1350 600 1377 628 U
1391 599 1462 629 nobis

1156 648 1194 676 30
1214 639 1394 677 primumque
1407 640 1551 678 Eprimum

1154 693 1194 699 —-
1214 688 1242 706 es
1257 679 1280 706 Ε
1293 681 1327 716 est

1159 727 1194 755 32
1217 717 1388 747 dissentienti
1402 718 1425 746 E
1440 718 1544 752 discenti

1159 767 1172 794 3
1180 766 1193 794 3
1217 766 1232 785 e
1246 766 1314 785 vero
1328 758 1350 785 E
1363 765 1397 784 ex
1409 769 1472 786 vero
1485 757 1514 786 U
1529 766 1571 785 nec
1584 758 1612 784 in
1624 766 1716 784 ‘verum

1157 811 1198 818 —-
1217 797 1344 825 converti
1361 797 1383 824 E
1401 798 1511 836 cognosci
1523 796 1553 825 U
1566 803 1711 825 convertere

1159 846 1198 874 34
1218 837 1294 874 quod
1310 837 1332 864 E
1343 837 1369 871 ψ
1381 838 1407 864 d.

1157 891 1198 899 —
1217 877 1265 910 est,
1279 876 1458 905 necessarium
1473 875 1496 904 E
1511 877 1596 913 neceffi

1081 926 1137 954 ¹04
1182 925 1191 945 ι
1218 917 1391 954 Qanquam
1417 916 1442 944 E
1455 917 1528 954 Qia
1549 919 1654 954 inquam
1675 914 1702 952 ψ
1715 917 1779 953 quia

1258 968 1286 984 171
1304 967 1363 984 ualn

1180 1005 1196 1024 2
1218 968 1311 1024 tameqn
1326 997 1348 1023 E
1362 1002 1464 1024 tantum

1182 1045 1196 1073 3
1220 1035 1323 1064 Fabius
1337 1044 1392 1063 nou
1407 1035 1430 1062 E
1445 1046 1493 1063 non

1182 1085 1195 1112 ς
1219 1076 1332 1103 :estuans
1346 1074 1369 1102 E
1383 1075 1408 1108 ψ
1421 1077 1552 1112 existimat

1159 1129 1200 1137 -
1215 1115 1310 1152 'sperat
1325 1115 1348 1142 E
1362 1115 1387 1149 ψ
1397 1122 1476 1152 putat

1183 1164 1199 1191 7
1222 1155 1269 1182 sua
1279 1153 1306 1189 ψ
1319 1155 1345 1183 d.

1160 1208 1201 1216 —
1220 1202 1354 1232 percepta
1379 1193 1563 1232 pronuntient
1597 1193 1627 1222 U
1648 1199 1783 1231 praectptae

1253 1237 1418 1271 pronuncient
1435 1232 1463 1269 ψ
1473 1242 1593 1272 precepta
1604 1235 1658 1271 fica
1668 1241 1782 1271 pronun—

1261 1276 1327 1302 tient

1164 1328 1203 1335 —
1223 1312 1269 1341 sed
1378 1313 1514 1342 morietur
1527 1312 1550 1341 E
1566 1312 1595 1341 U
1610 1314 1638 1341 d.

1185 1363 1203 1391 9
1225 1353 1296 1381 mari
1310 1353 1337 1388 ψ
1349 1355 1418 1382 mari
1431 1363 1480 1381 non

1169 1402 1199 1422 ιι
1226 1401 1360 1431 percepta
1373 1395 1396 1422 E
1407 1400 1538 1431 praeccpm

1163 1447 1205 1455 ·—
1225 1432 1378 1470 loquantur
1394 1433 1418 1460 E
1431 1432 1589 1470 loquerentur

1170 1481 1203 1500 12
1226 1472 1390 1510 negationes
1411 1473 1434 1500 E
1449 1473 1475 1506 ψ
1488 1475 1652 1511 negotiatores

1169 1521 1179 1540 ι
1189 1521 1202 1548 3
1223 1511 1299 1539 idern
1315 1513 1337 1539 E
1352 1513 1429 1540 iidem

1168 1560 1205 1586 ¹4
1225 1551 1324 1588 poflint
1338 1551 1361 1579 E
1371 1553 1469 1588 pqffimt

1171 1591 1206 1618 16
1227 1591 1250 1618 is
1358 1599 1508 1620 moventur
1522 1591 1551 1620 U
1566 1591 1593 1619 d.

1168 1645 1208 1652 —-
1228 1630 1253 1657 ei
1271 1630 1293 1657 E
1307 1633 1372 1658 enim

1172 1679 1205 1706 ¹7
1228 1678 1384 1708 geometres
1399 1670 1422 1698 E
1433 1677 1566 1708 geometrae

1169 1725 1209 1731 —
1229 1710 1305 1738 dicet
1321 1710 1342 1737 E
1357 1712 1446 1738 dicunt

1173 1759 1182 1777 1
1193 1759 1202 1777 1
1228 1749 1331 1787 sphaera
1346 1749 1455 1787 Espera

1168 1804 1208 1811 —
1227 1789 1313 1817 medii
1329 1790 1351 1817 E
1366 1790 1509 1825 medii-fimf

1165 1844 1206 1851 —
1227 1828 1271 1856 sed
1379 1829 1546 1858 dividuntur
1558 1829 1581 1857 E
1599 1827 1626 1856 U
1641 1828 1670 1855 d.

1172 1877 1203 1897 21
1230 1868 1279 1896 isto
1294 1869 1316 1896 E
1331 1870 1375 1896 hoc

1171 1917 1205 1945 23
1229 1909 1326 1936 efferre
1340 1909 1364 1942 ψ
1377 1911 1470 1948 afferre

1166 1961 1209 1971 —
1228 1947 1332 1986 sphaera
1346 1949 1368 1977 E
1373 1950 1469 1986 spaera

1174 1997 1210 2025 24
1231 1988 1258 2016 se
1272 1988 1333 2024 ³11st
1346 1990 1425 2016 medis

1175 2037 1212 2064 ²4
1232 2027 1263 2055 In
1281 2028 1339 2065 Est
1349 2031 1378 2055 iu

1173 2077 1210 2135 {3
1232 2067 1487 2135 Essffssmssssffflm

1173 2147 1209 2174 28
1231 2145 1270 2174 ita
1285 2146 1307 2173 E
1321 2148 1347 2174 d.

1160 2184 1167 2191 ⁸
1177 2194 1213 2222 29
1233 2185 1382 2223 obitusque
1395 2186 1420 2219 ψ
1430 2185 1568 2223 pernoscere
1581 2185 1630 2214 vel

1172 2239 1212 2246 —
1233 2225 1386 2263 perdiscere
1400 2225 1422 2253 E
1432 2227 1571 2262 pernoscere

1177 2273 1214 2302 30
1233 2265 1378 2303 appellant
1392 2265 1415 2293 E
1428 2264 1470 2292 dli
1483 2274 1578 2292 vocam

1178 2314 1212 2340 32
1233 2305 1392 2343 anquiritur
1407 2305 1428 2333 E
1443 2305 1467 2338 ᾧ
1478 2307 1619 2343 inquiritur

1181 2354 1215 2380 34
1236 2345 1294 2373 fieri
1311 2346 1333 2373 F,
1346 2346 1476 2382 enimfierr'

1101 2393 1152 2423 ¹03
1203 2394 1213 2412 ι
1237 2393 1286 2413 aut
1301 2385 1322 2413 Ε
1338 2385 1386 2413 vel

1176 2440 1217 2447 —
1237 2433 1285 2452 aut
1302 2425 1323 2453 E
1334 2426 1383 2454 vel

1199 2475 1218 2500 4
1239 2473 1274 2491 ne
1288 2464 1370 2492 ineffe
1384 2465 1406 2492 E
1421 2465 1446 2498 ψ
1462 2473 1505 2492 net
1518 2465 1601 2502 ncceffi
1613 2465 1647 2501 est

1200 2513 1215 2541 5
1239 2503 1289 2542 qui
1306 2504 1328 2532 E
1344 2504 1372 2533 U
1385 2505 1410 2538 ψ
1426 2505 1491 2541 quzd
