2223 3003
546 190 622 244 376
848 185 1644 226 PHILOSOPHICORUM

545 289 664 328 Non.
688 284 912 337 Cotfitura]
936 283 1034 334 Qae
1054 281 1234 320 videlicet
1254 280 1321 319 ille
1341 294 1419 319 non
1439 293 1488 319 ex
1507 281 1588 333 agri
1607 281 1808 329 consituta,
1829 296 1949 337 quarn

600 352 790 395 cernebat,
811 349 873 388 sed
892 361 939 387 ex
959 348 1140 386 doftrinae
1159 346 1328 393 indiciis,
1349 346 1683 400 interpretabatur.

544 419 663 457 NoN.
685 415 887 468 Antiquus‚
901 412 1136 467 Antiquior.]
1168 411 1240 451 Sed
1256 412 1443 465 quoniam
1459 411 1629 465 plurima
1646 411 1835 451 beneficia
1852 425 1948 452 con-

599 483 697 521 tinet
727 479 861 534 patria,
895 488 933 518 et
963 479 1016 518 est
1035 478 1231 532 antiquior
1262 491 1411 532 parem,
1447 491 1565 531 quam
1592 479 1638 524 is,
1670 479 1740 531 qui
1765 487 1809 517 ut
1828 479 1951 524 aiunt,

599 547 794 592 creaverit,
816 547 937 598 major
957 545 991 583 ei
1012 544 1198 598 profecto,
1220 558 1337 597 quam
1358 544 1519 598 parenti,
1541 544 1702 582 debetur
1721 545 1854 597 gratia.

544 615 665 654 NoN.
688 613 921 666 Ptgnerari]
954 612 1025 650 Sed
1046 621 1090 650 ut
1108 611 1292 665 plurimas
1314 621 1351 650 et
1372 611 1559 650 maximas
1586 611 1703 649 nostri
1733 611 1868 656 animi,
1891 611 1954 650 in-

599 680 721 735 genii,
742 679 890 719 consilii
911 679 1036 732 prima
1056 678 1134 731 ipsa
1153 677 1221 716 fibi
1243 678 1288 716 ad
1309 678 1516 716 utilitatem
1539 677 1814 730 pigneraretur.

546 747 666 787 NON.
690 745 925 798 Candacen]
962 745 994 783 F
998 744 1209 782 acillimam
1230 753 1359 782 autem
1390 744 1430 782 in
1463 757 1504 782 ea
1536 744 1734 797 republica
1763 742 1834 782 effe
1854 734 1970 797 poss‘e'

543 861 545 863 Ι
601 813 865 857 concordiam,
887 812 928 849 in
946 824 1023 863 qua
1042 810 1145 848 idem
1162 810 1354 849 conducat
1373 811 1569 849 omnibus.

547 880 668 919 NON.
691 877 930 930 Firmitud0.]
962 876 1123 915 Habent
1157 876 1457 928 aequabilitatem
1486 877 1694 928 quandam,
1730 891 1806 930 qua
1834 890 1958 917 carere

574 945 721 984 diutius
742 944 806 982 vix
827 941 980 996 possunt
999 942 1127 987 liberi,
1149 942 1287 980 deinde
1306 942 1605 981 firmitudinem.

547 1011 668 1051 NON.
690 1009 753 1049 lib.
771 1008 811 1048 de
825 1008 916 1049 doff.
934 1007 1134 1061 indagine]
1154 1007 1240 1046 Nec
1258 1016 1409 1047 tantum
1427 1006 1621 1060 Carthago
1634 1006 1823 1047 habuisset
1834 1023 1956 1063 opum

602 1077 799 1116 sexcentos
819 1074 898 1114 fere
917 1088 1034 1113 annos
1056 1074 1132 1113 fine
1152 1074 1320 1113 confiliis
1340 1084 1378 1112 et
1398 1073 1612 1127 disciplina.

547 1144 667 1183 NoN.
690 1141 947 1194 Dominatus]
997 1140 1135 1192 Qid?
1177 1149 1284 1185 tune,
1316 1154 1409 1178 cum
1443 1153 1481 1177 es
1512 1140 1645 1185 iratus,
1676 1140 1870 1193 permittis
1900 1140 1959 1179 illi

602 1207 809 1247 iracundiae
829 1207 1077 1245 dominatum
1096 1206 1219 1244 animi
1239 1206 1296 1244 tui
1316 1206 1328 1243 ?

548 1276 669 1316 NON.
692 1273 864 1326 Anima.]
901 1273 1007 1325 Ergo
1028 1286 1106 1310 non
1127 1272 1305 1325 probares
1339 1272 1498 1311 consilio
1518 1272 1627 1326 pulso
1647 1272 1842 1316 libidines,
1874 1286 1959 1325 quae

577 1342 666 1380 sunt
685 1337 1001 1383 innumerabiles,
1031 1337 1259 1382 iracundias,
1282 1352 1366 1391 quae
1387 1347 1558 1377 tenerent
1578 1339 1722 1377 omnia.
1755 1339 1842 1392 Ego
1871 1352 1960 1378 vero

577 1406 678 1447 nihil
710 1405 780 1444 isto
815 1405 959 1450 animo,
993 1402 1091 1442 nihil
1127 1404 1179 1443 ita
1214 1404 1384 1443 animato
1414 1403 1587 1451 homine,
1628 1405 1802 1444 miserius
1838 1406 1959 1444 duce-

606 1485 701 1511 rem.

550 1539 664 1578 Nos.
688 1536 893 1589 Invitare.]
925 1534 1107 1587 Denique
1142 1534 1221 1588 ipsa
1251 1543 1383 1575 natura
1416 1549 1493 1574 non
1525 1535 1703 1574 invitaret
1729 1534 1868 1582 solum,
1901 1535 1962 1575 sed

605 1605 723 1643 etiam
743 1612 910 1657 cogeret.
955 1636 957 1638 ,

551 1671 771 1724 Fnoma]
802 1669 952 1723 Populo
971 1668 1189 1722 gratificans
1209 1678 1247 1706 et
1267 1669 1402 1715 aliena,
1424 1678 1462 1708 et
1482 1669 1558 1708 sua.

551 1737 773 1790 Famwro]
805 1737 893 1775 Nec
913 1749 1001 1774 vero
1016 1737 1098 1788 jam
1119 1749 1208 1774 meo
1228 1736 1386 1774 nomine
1407 1736 1582 1775 abstinet.

551 1805 668 1843 Nom.
691 1802 925 1842 Horrendum
944 1801 990 1841 ab
1010 1802 1188 1855 horrida]
1221 1802 1293 1840 Sed
1315 1811 1357 1840 ut
1377 1802 1457 1848 ille,
1480 1803 1549 1856 qui
1570 1802 1737 1856 navigat,
1759 1815 1851 1841 cum
1872 1801 1963 1841 sub-

609 1870 664 1906 ito
685 1882 788 1906 mare
808 1869 927 1920 coepit
947 1867 1176 1905 horrescere.

555 1935 716 1974 MACR.
748 1933 810 1971 lib.
847 1933 886 1971 de
918 1932 1098 1986 dqffi’rent.
1130 1941 1165 1970 et
1181 1933 1417 1985 sbcietatibus
1447 1935 1576 1972 Graeci
1604 1935 1804 1987 Latinique
1825 1934 1964 1987 verbi]

608 2000 796 2041 Libenter
816 2000 902 2045 tibi,
936 1998 1046 2044 Laeli,
1076 1999 1133 2037 uti
1165 2012 1256 2037 eum
1291 1999 1486 2045 desideras,
1518 2000 1701 2053 equidem
1733 2000 1961 2040 concessero.

829 2148 909 2186 Dr,
971 2147 1350 2188 Rspunch
1412 2150 1608 2188 Lincn
1643 2151 1695 2188 11.

555 2265 668 2304 Nom.
694 2263 909 2316 Exultare]
942 2263 1008 2302 Est
1034 2263 1152 2317 igitur
1172 2264 1357 2317 quiddam
1379 2264 1648 2303 turbulentum
1676 2265 1715 2303 in
1737 2263 1965 2304 hominibus

611 2331 782 2383 singulis,
806 2330 910 2382 quod
932 2331 990 2369 vel
1010 2331 1158 2370 exultat
1179 2333 1388 2385 voluptate,
1411 2332 1468 2369 vel
1492 2331 1663 2370 molestia
1678 2331 1881 2384 frangitur.

557 2397 671 2436 ΝοΝ.
698 2396 999 2450 γοΙιιίιιίνιυιιίιω.]
1034 2398 1190 2451 Cupido
1211 2408 1353 2444 autem,
1385 2407 1423 2436 et
1443 2397 1653 2451 expetenti,
1686 2408 1723 2436 et
1745 2399 1964 2444 libidinoso,

611 2472 649 2502 ct
669 2463 932 2503 volutabundo
953 2464 993 2502 in
1015 2464 1292 2518 voluptatibus.
