2223 3003
765 249 1042 289 LIBER
1105 248 1467 288 PRIMUS.
1763 264 1816 303 47

421 363 498 389 non
520 358 694 394 cernunt,
730 349 833 402 figna
853 359 982 388 tamen
1013 349 1209 388 causarum
1232 359 1270 388 et
1301 359 1407 389 notas
1439 359 1624 390 cernunt:
1657 351 1703 390 ad
1723 365 1815 404 quas

421 416 596 454 adhibita
614 416 802 454 memoria
822 425 859 454 et
879 416 1092 467 diligentia,
1123 430 1169 454 ex
1191 417 1455 456 monumentis
1475 417 1710 470 superiorum
1731 419 1816 456 effi-

421 483 522 520 citur
555 495 596 519 ea
614 482 814 525 divinatio,
845 494 929 531 quae
961 480 1160 517 artificiosa
1185 481 1340 527 dicitur,
1373 492 1565 528 extorum,
1599 483 1816 536 fulgurum,

422 547 670 591 ostentorum,
692 546 965 597 signorumque
985 544 1207 582 caelestium.

478 612 572 650 Non
592 611 644 648 est
664 610 796 661 igitur,
827 618 870 646 ut
890 608 1109 646 mirandum
1129 609 1187 653 fit,
1218 621 1259 646 ea
1277 609 1483 661 praesentiri
1503 625 1522 648 a
1542 612 1818 660 divinantibus,

423 690 507 728 quae
528 675 715 728 nusquam
736 675 831 713 fint:
864 674 951 713 sunt
973 675 1078 712 enirn
1099 675 1244 718 omnia,
1280 674 1341 713 sed
1362 685 1532 729 ternpore
1552 678 1701 716 absunt.
1743 681 1820 717 At-

422 754 498 794 que
518 750 560 779 ut
580 742 620 779 in
640 741 849 779 seminibus
881 741 937 778 vis
959 739 1052 778 inest
1071 753 1201 778 earum
1222 753 1365 786 rerum,
1397 755 1482 793 quae
1512 755 1559 780 ex
1590 743 1636 780 iis
1664 745 1820 797 progig-

423 818 581 852 nuntur‚
614 807 664 844 fic
683 807 724 845 in
745 807 860 845 caufis
881 807 1045 845 conditae
1077 806 1163 844 sunt
1184 820 1240 844 res
1261 806 1426 852 futurae3
1459 822 1551 860 quas
1573 808 1642 846 effe
1672 808 1820 848 futuras

424 884 489 911 aut
509 873 699 910 concitata
718 864 841 918 mens,
863 882 928 910 aut
947 873 1068 911 soluta
1087 873 1236 918 somno,
1257 874 1404 918 cernit;
1426 884 1491 912 aut
1511 875 1620 919 ratio,
1642 885 1706 913 aut
1725 889 1821 914 con-

418 939 565 990 jee‘tura
584 938 788 990 praesentit.
831 940 963 990 Atque
982 948 1026 976 ut
1044 939 1086 984 ii,
1117 940 1185 991 qui
1206 939 1292 977 solis
1323 948 1361 976 et
1382 939 1481 977 luna:
1507 940 1824 993 reliquorumque

424 1004 590 1042 fiderum
610 1014 730 1049 ortus,
756 1004 900 1049 obitus,
929 1004 1134 1057 motusque
1153 1014 1384 1057 cognorunt,
1419 1019 1496 1057 quo
1517 1005 1689 1057 quidque
1720 1016 1821 1044 tem-

424 1083 516 1122 pore
535 1084 668 1108 eorum
688 1069 867 1108 futurum
887 1071 945 1116 fit,
979 1063 1106 1109 multo
1125 1081 1212 1109 ante
1238 1071 1473 1124 praedicunt;
1506 1072 1555 1109 fic
1575 1073 1643 1124 qui
1669 1072 1824 1110 cursum

425 1148 566 1180 rerum,
587 1145 891 1188 eventorumque
911 1137 1223 1189 consequentiam
1243 1137 1494 1175 diuturnitate
1514 1139 1736 1190 pertractata
1751 1151 1822 1175 no-

425 1210 613 1246 taverunt,
635 1211 700 1239 aut
720 1202 881 1254 semper,
902 1212 981 1247 aut,
1004 1203 1030 1239 fi
1050 1202 1090 1239 id
1109 1203 1267 1240 difficile
1287 1202 1353 1246 est,
1383 1203 1612 1254 plerumque
1629 1222 1639 1247 ;
1674 1205 1778 1255 quod
1797 1203 1825 1241 fi

425 1280 473 1305 ne
493 1267 532 1305 id
552 1269 712 1321 quidem
733 1268 971 1313 conceditur,
1005 1282 1284 1320 nonnunquam
1305 1278 1419 1313 certe,
1443 1269 1537 1321 quid
1556 1268 1734 1307 futurum
1765 1270 1824 1314 fit,

425 1334 664 1388 intelligunt.
687 1336 817 1387 Atque
836 1333 918 1372 haec
939 1334 1112 1387 quidem,
1129 1343 1166 1372 et
1183 1334 1360 1387 quaedam
1378 1333 1601 1387 hujusmodi
1618 1349 1825 1388 argumen-

426 1409 476 1445 ta,
498 1414 566 1438 cur
585 1401 630 1439 fit
650 1401 848 1446 divinatio,
871 1401 1066 1438 ducuntur
1086 1414 1106 1438 a
1126 1400 1219 1439 fatO.

484 1467 612 1504 LVII.
648 1468 682 1504 A
714 1476 846 1504 natura
876 1476 1005 1504 autem
1039 1466 1111 1503 alia
1140 1465 1314 1518 quaedam
1346 1467 1440 1504 ratio
1467 1467 1545 1512 est3
1583 1480 1667 1519 quae
1700 1467 1824 1511 docet,

430 1541 571 1583 quanta
591 1532 635 1569 fit
665 1533 785 1570 animi
805 1533 861 1570 vis
882 1533 1047 1584 sejunCta
1077 1546 1097 1570 a
1119 1533 1287 1584 corporis
1309 1532 1474 1571 sensibus
1493 1548 1502 1571 z
1533 1533 1637 1585 quod
1658 1533 1827 1571 maxime

429 1598 622 1649 contingit
641 1607 705 1635 aut
725 1598 1022 1642 dormientibus,
1053 1607 1117 1635 aut
1139 1607 1269 1635 mente
1290 1600 1488 1649 permotis.
1523 1600 1580 1636 Ut
1599 1599 1704 1635 enim
1719 1599 1825 1635 Deo-

430 1676 518 1700 rum
538 1663 656 1700 animi
677 1662 752 1700 fine
772 1663 908 1706 oculis,
931 1663 1007 1700 fine
1027 1663 1197 1707 auribus,
1220 1663 1294 1700 sme
1315 1663 1446 1715 lingua
1469 1663 1638 1700 sentiunt
1658 1663 1756 1700 inter
1775 1663 1824 1708 se,

430 1728 526 1779 quid
556 1727 716 1779 quisque
737 1727 896 1771 sentiat5
928 1741 975 1765 ex
995 1742 1072 1779 quo
1093 1728 1150 1772 fit,
1179 1738 1221 1765 ut
1241 1727 1434 1772 homines,
1470 1730 1585 1766 etiarn
1606 1742 1697 1766 cum
1719 1729 1826 1766 taciti

430 1802 565 1846 optent
585 1792 692 1844 quid,
709 1801 774 1830 aut
794 1801 968 1837 voveant,
984 1805 1060 1830 non
1083 1793 1260 1830 dubitent
1282 1794 1376 1844 quin
1396 1794 1464 1831 Dii
1485 1794 1582 1831 illud
1602 1794 1823 1839 exaudiant;

430 1860 480 1897 fic
500 1859 620 1896 animi
650 1858 874 1903 hominurn,
907 1871 998 1896 cum
1029 1867 1094 1896 aut
1114 1858 1247 1897 somno
1267 1858 1380 1896 soluti
1405 1869 1538 1896 vacant
1565 1873 1735 1911 corpore,
1762 1869 1828 1897 ant

432 1933 561 1962 mente
591 1924 757 1976 permoti
787 1937 853 1976 per
872 1923 907 1961 se
939 1923 1007 1976 ipfi
1038 1923 1149 1961 liberi
1171 1924 1319 1962 incitati
1340 1934 1558 1969 moventur,
1584 1933 1747 1962 cernunt
1772 1937 1826 1969 ea,
1873 1970 1879 1974 Ι

432 2004 517 2043 quae
537 1990 706 2042 permisti
727 2003 818 2027 cum
840 1998 1010 2046 tempore
1030 1990 1150 2027 animi
1171 1989 1297 2027 videre
1317 2003 1394 2027 non
1414 1989 1579 2043 possunt.

487 2057 619 2107 Atque
649 2053 748 2093 hanc
770 2055 929 2108 quidem
951 2056 1138 2093 rationem
1159 2064 1300 2094 naturae
1321 2056 1477 2093 difficile
1498 2055 1549 2093 est
1575 2055 1724 2093 fortaffe
1751 2065 1827 2093 tra-

433 2121 571 2159 ducere
602 2121 648 2159 ad
680 2122 719 2159 id
749 2135 869 2174 genus
890 2121 1151 2166 divinationis,
1184 2121 1290 2173 quod
1316 2135 1363 2159 ex
1394 2131 1471 2158 arte
1491 2121 1707 2174 profeftum
1729 2122 1828 2159 dici-

432 2201 544 2231 mus;
568 2187 628 2225 sed
649 2197 776 2225 tamen
797 2187 836 2224 id
857 2201 1011 2239 quoque
1031 2188 1205 2232 rimatur,
1227 2185 1415 2238 quantum
1437 2188 1571 2239 potest,
1591 2187 1827 2231 Posidonius,

432 2267 524 2292 cum
545 2252 616 2290 effe
635 2253 762 2290 censet
790 2254 830 2291 in
860 2263 991 2290 natura
1021 2254 1123 2305 figna
1141 2253 1316 2305 quaedam
1343 2266 1470 2291 rerum
1492 2253 1724 2291 futurarum.
1773 2254 1830 2290 Ut

433 2321 539 2358 enim
562 2320 659 2357 Ceos
681 2320 899 2372 accepimus
919 2329 1047 2357 ortum
1069 2320 1251 2358 caniculae
1271 2319 1474 2372 diligenter
1493 2320 1698 2372 quotannis
1714 2318 1829 2357 solere

436 2385 588 2430 servare,
620 2388 957 2438 conjecturamque
988 2399 1133 2438 capere,
1168 2395 1209 2423 ut
1230 2385 1360 2423 scribit
1384 2385 1568 2423 Ponticus
1589 2385 1825 2428 Heraclides,

438 2448 652 2495 salubrisne,
684 2465 730 2489 an
752 2451 942 2504 pestilens,
973 2464 1093 2489 annus
1113 2449 1266 2489 futurus
1287 2451 1345 2489 fit.
1387 2450 1493 2488 Nam
1515 2450 1539 2487 fi
1571 2460 1607 2487 et
1634 2449 1829 2487 obscurior

437 2523 475 2550 et
495 2515 595 2565 quafi
624 2517 828 2569 caliginosa
859 2517 962 2554 stella
982 2518 1166 2562 extiterit,
1197 2517 1340 2569 pingue
1359 2525 1396 2553 et
1421 2525 1645 2553 concretum
1666 2514 1735 2551 effe
1755 2526 1827 2549 ca:-

439 2579 537 2624 lum,
572 2589 614 2617 ut
634 2581 713 2632 ejus
734 2582 932 2634 adspiratio
951 2583 1074 2635 gravis
1095 2591 1133 2621 et
1152 2582 1328 2635 pestilens
1350 2580 1479 2620 futura
1498 2580 1542 2618 fit
1557 2598 1570 2625 5
1601 2579 1654 2617 sm
1674 2577 1828 2616 illustris
