2223 3003
827 197 1102 237 LIBER
1164 197 1523 236 PRIMUS.
1823 211 1865 237 ιι

619 301 750 339 Omnes
767 297 870 337 civili
879 305 915 336 et
929 297 1094 351 gener-ofiz
1100 295 1216 350 stirpe
1227 297 1426 350 prosettam

621 365 748 405 Vitare
765 364 939 415 ingentem
953 361 1082 401 cladem
1094 362 1284 415 pestemque
1298 362 1481 401 monebant
1495 378 1509 401 .-

622 431 689 468 Vel
702 430 815 481 legum
833 428 978 466 exitium
996 426 1170 478 constanti
1185 441 1268 465 voce
1271 427 1462 478 ferebant,

621 493 766 545 Templa
784 493 970 544 Deumque
987 491 1069 528 adeo
1075 492 1249 542 flammis,
1280 492 1445 544 urbesqW
1451 493 1628 543 jubebant

619 560 786 611 Eripere,
818 567 853 595 et
858 557 1020 609 stragem
1037 554 1252 599 horribilem,
1283 555 1474 608 caedemque
1491 560 1615 597 vereri
1625 575 1640 596 .·

620 626 747 677 Atque
764 622 840 662 haec
845 622 931 674 fixa
945 621 1065 674 gravi
1063 621 1156 673 fato
1175 635 1218 660 ac
1221 620 1390 673 fundata
1407 622 1525 660 teneri
1534 641 1547 666 ς

620 690 679 730 Ni
685 689 762 742 pcss
777 689 924 742 excisum
941 687 993 727 ad
1006 687 1157 727 columen
1162 687 1333 740 firmata
1351 686 1468 726 decore

621 757 757 796 Saana
775 753 889 807 Jovis
903 753 1039 806 species
1056 753 1171 792 claros
1175 753 1361 806 speblaret
1378 753 1416 791 in
1436 762 1537 792 ortus
1552 768 1567 791 :

619 818 659 862 T
653 834 710 859 um
714 819 817 872 fore,
848 829 890 858 ut
909 820 1058 858 occultos
1069 818 1233 872 populus,
1249 819 1466 872 stznffiffque
1470 819 1622 871 senatus

620 886 776 926 Cernere
793 894 939 926 conatus
949 884 1071 939 poffl’t,
1086 885 1129 937 st
1129 884 1218 937 filis
1235 883 1286 923 ad
1298 893 1417 923 ortum

620 951 816 1005 Conversa,
845 950 924 990 inde
934 959 1087 1003 patrum
1092 949 1207 1004 sedes,
1229 950 1417 1004 populique
1434 949 1586 990 videret.

618 1019 715 1059 Haec
733 1017 885 1057 tardata
903 1016 963 1056 diu
967 1016 1115 1070 species,
1135 1016 1351 1069 multumque
1365 1024 1519 1062 morata,

621 1083 768 1136 Consule
783 1092 830 1126 te,
861 1080 1002 1121 tandem
1018 1081 1105 1134 celsa
1118 1081 1164 1135 est
1179 1081 1218 1120 in
1224 1080 1309 1134 fide
1321 1081 1438 1120 locata
1451 1097 1466 1121 :

623 1149 748 1200 Atque
762 1160 834 1185 una
838 1146 918 1198 fixi
931 1146 1124 1198 acstgnati
1138 1146 1304 1198 temporis
1320 1146 1424 1191 hora,

620 1212 803 1266 Juppiter
820 1212 950 1264 excelfix
963 1211 1130 1250 clarabat
1134 1212 1287 1264 steptra
1301 1211 1459 1251 columna
1473 1227 1488 1251 :

620 1279 680 1317 At
695 1277 806 1317 clades
813 1277 954 1330 patriae
955 1276 1110 1331 flamma*v
1106 1277 1285 1331 ferroque
1293 1285 1449 1330 parata,

623 1343 771 1384 Vocibus
789 1343 1022 1397 Allobrogum
1032 1343 1207 1397 patribus
1217 1344 1412 1397 populoque
1422 1343 1589 1397 patebat.

484 1409 600 1451 XIII.
620 1411 708 1450 Rite
725 1410 843 1464 igitur
859 1419 1011 1455 veteres,
1041 1424 1189 1464 quorum
1207 1419 1429 1449 monumenta
1446 1409 1586 1454 tenetis,

621 1477 699 1529 Qi
701 1477 847 1530 populos
861 1476 1027 1530 urbesque
1046 1475 1141 1516 modo
1157 1490 1200 1516 ac
1215 1476 1358 1515 virtute
1375 1475 1546 1529 regebant
1561 1494 1572 1520 ς

621 1542 709 1581 Rite
727 1542 833 1580 etiam
847 1541 969 1595 vestri,
1000 1556 1147 1596 quorum
1154 1542 1337 1595 pietasque
1337 1540 1495 1595 fidesque

621 1607 816 1659 Praestitit,
845 1616 881 1645 et
898 1608 997 1659 longe
1014 1608 1106 1646 vicit
1105 1607 1291 1660 sapientia
1304 1609 1459 1651 cunft'os,

622 1671 813 1721 Praectpue
830 1670 964 1709 coluere
982 1672 1125 1723 vigenti
1138 1671 1277 1709 numine
1291 1670 1404 1709 divos.

621 1736 718 1773 Haec
732 1734 814 1773 adeo
820 1734 966 1786 penitus
980 1747 1071 1772 cura
1086 1736 1208 1772 videre
1213 1735 1359 1786 sagaci,

623 1799 714 1839 Otia
732 1800 796 1853 qui
794 1798 924 1853 studiis
936 1798 1016 1837 laeti
1026 1807 1168 1837 tenuere
1186 1797 1329 1842 decoris,

621 1868 734 1919 Inque
752 1864 946 1905 Academia
962 1864 1175 1918 umbrifera,
1195 1864 1373 1918 nitidoque
1387 1862 1502 1917 Lyceo

620 1931 814 1973 Fuderunt
828 1932 946 1971 claras
945 1930 1115 1984 saecundi
1119 1931 1275 1984 pedoris
1287 1939 1399 1970 artes.

623 2001 659 2038 E
674 1998 799 2053 quibus
812 2007 970 2052 ereptum
978 1998 1097 2052 primo
1099 1998 1180 2050 jam
1194 2012 1217 2037 a
1218 1997 1313 2051 flore
1317 1998 1498 2049 juventae,

624 2062 676 2105 ‘Te
682 2064 813 2118 patria
827 2065 865 2104 in
879 2063 990 2103 media
1009 2064 1192 2103 virtutum
1206 2064 1289 2102 mole
1302 2062 1449 2102 locavit.

625 2127 682 2170 Tu
698 2140 815 2170 tamen
833 2131 1018 2183 anxiferas
1032 2145 1139 2169 curas
1156 2129 1311 2183 requiete
1329 2129 1484 2171 relaxas,

624 2196 872 2249 Qodpatriae
889 2211 988 2236 voces
988 2195 1119 2249 studiis
1137 2192 1466 2248 nobffquesacrasti.

489 2263 556 2302 Tu
580 2262 698 2315 igitur
716 2262 891 2302 animum
912 2262 1053 2315 poteris
1073 2261 1254 2300 inducere
1274 2269 1405 2299 contra
1423 2272 1477 2303 ea,
1508 2270 1592 2310 quae
1625 2269 1645 2294 a
1664 2268 1727 2295 me
1747 2255 1876 2309 dispu-

489 2337 618 2368 tantur
638 2328 684 2367 de
705 2328 952 2374 divinatione,
983 2328 1123 2373 dicere,
1153 2327 1221 2381 qui
1246 2336 1284 2366 et
1303 2325 1451 2379 gesseris
1480 2337 1535 2369 ea,
1557 2337 1642 2377 quae
1655 2322 1806 2376 geffisti,
1840 2330 1877 2360 et

487 2407 544 2441 a,
573 2408 658 2447 quae
685 2395 944 2448 pronuntiavi,
973 2394 1247 2434 accuratiffime
1266 2391 1479 2445 scripseris?

545 2460 653 2513 Qid
686 2462 837 2514 quaeris„
868 2461 1095 2507 Carneades,
1139 2474 1207 2499 cur
1240 2458 1322 2500 haec
1354 2458 1408 2498 ita
1440 2456 1548 2501 fiant,
1592 2464 1658 2494 aut
1691 2466 1767 2507 qua
1801 2460 1877 2491 arte

1495 2522 1525 2560 B
1558 2533 1578 2559 2
