2223 3003
744 205 1262 244 PARADOXA.
1628 209 1698 259 361

305 303 480 358 perspici.
526 305 591 342 An
621 302 748 342 virum
780 303 929 342 bonum
960 304 1076 349 dices,
1114 304 1182 356 qui
1213 304 1427 357 depositum
1458 303 1568 343 nullo
1599 304 1702 347 teste,

307 383 400 409 cum
422 370 557 408 lucrari
577 371 738 422 impune
757 369 888 423 pollet,
906 371 986 408 auri
1005 371 1135 423 pondo
1154 371 1302 416 decem,
1322 370 1542 415 reddiderit,
1562 370 1587 408 fi
1604 370 1706 408 idem

308 435 349 474 in
376 436 511 474 decem
542 436 715 475 millibus
746 435 874 488 pondo
905 449 983 474 non
1014 437 1118 474 idem
1148 435 1309 475 fecerit?
1341 447 1405 476 aut
1430 445 1707 489 temperantem

308 514 415 547 eum,
437 502 560 555 quise
591 503 632 541 in
666 501 792 553 aliqua
821 501 983 539 libidine
1013 503 1262 548 continuerit,
1286 504 1324 541 in
1356 504 1483 556 aliqua
1501 502 1705 541 effuderit?

309 568 399 605 Una
417 568 537 606 virtus
557 567 623 612 est,
652 566 888 605 consentiens
915 580 1007 604 cum
1027 568 1172 606 ratione
1201 578 1239 605 et
1270 578 1451 621 perpetua
1470 569 1679 607 constantia
1697 584 1704 606 :

309 632 409 672 nihil
429 633 522 671 huic
541 633 628 671 addi
646 633 782 684 potest,
814 646 893 684 quo
923 633 1045 685 magis
1066 634 1186 671 virtus
1207 633 1276 678 sit3
1309 634 1409 672 nihil
1429 635 1547 680 demi,
1567 644 1610 673 ut
1629 635 1707 673 vir-

309 700 403 738 tutis
424 713 567 738 nomen
588 697 840 751 relinquatur.
865 699 1023 736 Etenim
1045 699 1071 737 fi
1093 698 1301 744 benef-afta.
1323 702 1421 738 redte
1436 700 1533 739 facta
1551 701 1648 746 sunt,
1671 710 1708 739 et

308 765 409 805 nihil
430 767 532 804 recto
551 764 686 803 rectius
703 783 714 809 ;
746 773 848 803 certe
878 778 926 803 ne
945 765 1048 803 bono
1068 765 1227 818 quidem
1248 766 1386 804 melius
1413 767 1626 819 quidquam
1646 768 1707 804 in-

309 832 429 871 veniri
448 830 584 885 potest.
616 830 798 883 Sequitur
816 831 949 884 igitur,
971 840 1015 869 ut
1034 832 1150 870 etiam
1170 831 1262 870 vitia
1277 832 1349 870 fint
1368 833 1470 885 paria
1482 851 1493 878 ς
1523 833 1710 885 fiquidem

307 898 510 952 pravitates
529 897 650 936 animi
671 899 769 935 recte
794 898 886 936 vitia
904 897 1100 936 dicuntur.
1142 899 1281 951 Atqui,
1301 899 1486 951 quoniam
1505 912 1611 952 pares
1632 900 1709 937 vir-

309 973 410 1003 tutes
431 964 530 1010 sunt‚
553 965 651 1001 redte
670 962 780 1009 fasta,
813 964 966 1017 quando
992 977 1012 1001 a
1031 964 1240 1003 virtutibus
1271 964 1578 1017 proficiscuntur,
1610 966 1712 1018 paria

308 1030 379 1070 effe
398 1031 562 1075 debent;
594 1030 768 1082 itemque
797 1040 965 1084 peccata,
1002 1032 1188 1084 quoniam
1219 1045 1266 1069 ex
1297 1032 1400 1070 vitiis
1435 1040 1605 1077 manant,
1639 1032 1712 1071 fint

309 1097 468 1150 aequalia
487 1095 630 1135 neceffe
649 1095 715 1135 est.

348 1165 402 1202 II.
435 1165 472 1202 A
491 1161 748 1216 philosophis,
770 1162 914 1215 inquis,
936 1162 1003 1201 ista
1022 1163 1154 1202 sumis.
1187 1164 1429 1209 Metuebam,
1453 1178 1499 1202 ne
1520 1177 1540 1202 a
1559 1164 1710 1203 lenoni-

310 1229 383 1267 bus
403 1230 560 1267 diceres.
593 1227 764 1266 Socrates
784 1229 999 1281 disputabat
1023 1229 1092 1267 isto
1114 1230 1245 1268 modo.
1289 1232 1390 1268 Bene
1411 1230 1539 1268 hercle
1559 1245 1682 1268 narras
1701 1246 1710 1269 ι

310 1308 416 1340 nam,
448 1294 563 1333 istum
584 1293 743 1332 doetum
763 1304 802 1333 et
833 1294 1039 1347 sapientem
1070 1296 1195 1334 virum
1217 1294 1341 1341 fuisse,
1378 1297 1573 1334 memoriae
1593 1297 1712 1334 tradi-

310 1371 397 1400 tum
418 1361 483 1399 est.
527 1361 598 1399 Sed
619 1369 747 1399 tamen
768 1375 896 1413 quaero
917 1375 963 1399 ex
984 1370 1020 1398 te
1052 1361 1224 1414 (quando
1244 1363 1368 1400 verbis
1395 1363 1494 1400 inter
1520 1376 1588 1400 nos
1618 1377 1714 1400 con-

310 1428 522 1473 tendimus,
545 1441 622 1465 non
642 1428 801 1480 pugnis)
825 1426 957 1466 utrum
978 1428 1089 1466 bonis
1110 1428 1162 1466 est
1183 1429 1448 1480 quaerendum,
1482 1429 1576 1482 quid
1596 1430 1715 1482 bajuli

311 1504 426 1547 atque
445 1494 620 1546 operarii,
647 1506 694 1530 an
715 1494 810 1545 quid
830 1492 1008 1531 homines
1029 1494 1248 1539 dostiffimi,
1270 1494 1477 1533 senserint?
1509 1496 1715 1548 praesertim

311 1576 405 1600 curn
424 1560 497 1598 hac
517 1559 701 1598 sententia
720 1572 798 1597 non
819 1559 936 1598 modo
957 1561 1090 1606 verior,
1122 1560 1184 1599 sed
1215 1575 1262 1599 ne
1294 1562 1425 1600 utilior
1456 1562 1615 1614 quidem
1640 1561 1713 1600 ho-

311 1627 469 1667 minum
489 1625 576 1664 vitae
595 1625 750 1679 reperiri
771 1625 849 1663 ulla
866 1625 991 1678 possit.
1025 1627 1123 1677 Qae
1153 1627 1209 1664 vis
1240 1627 1346 1665 enirn
1378 1627 1443 1672 est,
1479 1641 1563 1680 quae
1594 1629 1715 1680 magis

312 1702 436 1732 arceat
455 1691 633 1731 homines
654 1692 700 1730 ab
722 1692 970 1745 improbitate
993 1693 1117 1738 omni,
1148 1706 1265 1746 quam
1286 1693 1311 1731 fi
1333 1693 1526 1739 senserint,
1560 1694 1715 1732 nullum

311 1761 353 1799 in
373 1759 521 1797 delictis
550 1757 620 1796 effe
640 1757 844 1797 discrimen
865 1759 877 1795 ?
909 1773 1014 1812 aeque
1034 1772 1187 1812 peccare
1208 1759 1254 1805 se,
1278 1759 1303 1797 s1
1330 1760 1500 1813 privatis,
1522 1773 1564 1798 ac
1584 1760 1610 1798 fi
1631 1774 1714 1798 ma-

312 1826 545 1879 gistratibus,
576 1837 712 1862 manus
746 1824 933 1863 afferant?
971 1839 1245 1878 quamcunque
1275 1827 1314 1864 in
1346 1826 1510 1864 domum
1541 1826 1715 1879 stuprum

312 1892 530 1937 intulerint,
551 1891 711 1930 eandem
731 1891 802 1929 effe
828 1892 956 1931 labem
981 1892 1186 1930 libidinis?
1218 1891 1386 1930 Nihilne
1415 1893 1536 1945 igitur
1565 1893 1717 1931 interest

316 1959 424 2010 (narn
444 1957 520 1996 hoc
541 1958 644 1995 dicet
664 1957 820 2010 aliquis)
854 1967 1003 2010 patrem
1025 1958 1111 2011 quis
1140 1967 1286 2004 enecet,
1323 1972 1368 1997 an
1391 1958 1568 1997 servum?
1601 1959 1718 1997 Nuda

314 2024 382 2062 ista
406 2024 434 2062 fi
464 2037 596 2077 ponaS,
624 2023 802 2076 judicari,
830 2024 958 2076 qualia
988 2024 1074 2069 sint,
1106 2038 1185 2062 non
1215 2023 1327 2062 facile
1358 2025 1522 2077 possunt.
1567 2026 1718 2063 Patrem

313 2090 394 2128 vita
414 2091 572 2141 privare,
595 2090 621 2127 fi
641 2103 709 2142 per
728 2090 762 2128 se
784 2090 902 2129 scelus
924 2091 990 2135 est,
1024 2091 1240 2143 Saguntini,
1272 2091 1341 2142 qui
1361 2099 1532 2142 parentes
1553 2090 1636 2128 suos
1667 2091 1715 2128 li-

314 2155 426 2194 beros
447 2155 583 2199 emori,
605 2168 723 2207 quam
744 2155 865 2193 servos
886 2156 1024 2199 vivere,
1058 2156 1292 2199 maluerunt,
1324 2155 1519 2207 parricida:
1546 2154 1716 2194 fuerunt.

315 2222 421 2274 Ergo
441 2231 478 2259 et
498 2220 644 2274 parenti
676 2233 955 2272 nonnunquam
987 2221 1106 2258 adimi
1138 2221 1214 2257 vita
1235 2220 1309 2258 fine
1340 2221 1476 2259 scelere
1502 2221 1649 2275 potest3
1682 2232 1720 2260 et

316 2288 419 2326 servo
440 2287 534 2340 saepe
555 2287 631 2325 fine
650 2286 790 2338 injuria
810 2299 886 2324 non
909 2286 1042 2339 potest.
1077 2286 1196 2324 Causa
1218 2287 1335 2339 igitur
1355 2286 1451 2333 haec,
1474 2302 1550 2327 non
1572 2298 1718 2334 natura,

317 2353 543 2407 distinguit:
577 2367 661 2406 quae
682 2353 866 2405 quoniam
890 2362 974 2390 utro
992 2352 1153 2397 accessit,
1174 2352 1212 2391 id
1233 2353 1276 2391 fit
1297 2355 1541 2407 propenfius;
1564 2354 1590 2393 si
1613 2364 1719 2393 utro-

318 2432 394 2471 que
421 2420 597 2472 adjunCta
631 2419 688 2464 sit,
720 2419 821 2472 paria
856 2418 948 2457 fiant
983 2418 1124 2457 neceffe
1151 2419 1216 2457 est.
1264 2419 1366 2457 Illud
1399 2431 1526 2459 tamen
1553 2421 1719 2465 interest,

320 2485 425 2539 quod
445 2485 484 2523 in
507 2485 610 2524 servo
631 2486 815 2531 necando,
839 2486 862 2524 1⁴1
885 2485 975 2524 adsit
997 2486 1045 2537 inj
1055 2486 1145 2531 uria,
1173 2485 1289 2525 semel
1310 2497 1513 2539 peccatur,
1545 2488 1584 2525 in
1605 2487 1720 2540 patris

401 2552 468 2590 To
480 2563 531 2590 M.
564 2552 637 2590 111.
1339 2554 1370 2590 Z
1399 2567 1421 2591 z
