2223 3003
419 211 472 251 24
710 198 812 238 DE
871 195 1526 236 DIVINATIONE

417 299 567 339 somnio
598 297 789 337 surrexiffe
806 316 818 342 5
854 296 957 341 dein,
992 309 1084 334 cum
1116 295 1152 334 se
1180 294 1404 348 collegisset,
1440 296 1557 348 idque
1588 294 1712 334 visum
1745 309 1815 350 pro

417 365 543 404 nihilo
572 364 795 403 habendum
828 361 898 399 effe
928 359 1106 404 duxisset,
1145 359 1369 397 recubuisse.
1400 361 1511 397 Tum
1538 360 1574 398 ei
1607 361 1816 400 dormienti

416 433 582 470 eundem
603 431 716 467 illum
735 427 860 465 visum
879 425 950 464 effe
970 439 1112 479 rogare,
1134 435 1192 471 ut,
1214 426 1400 478 quoniam
1426 425 1495 464 fibi
1515 426 1604 464 vivo
1623 439 1702 465 non
1721 427 1814 466 sub-

416 496 584 539 venisset,
607 501 775 532 mortem
797 492 903 530 suam
924 505 971 530 ne
990 491 1156 530 inultam
1173 491 1244 529 effe
1265 501 1454 544 pateretur
1466 509 1479 536 5
1511 491 1547 530 se
1566 491 1816 531 interfectum

415 563 427 600 i
434 576 457 600 n
475 561 686 615 plaustrum
707 573 728 597 a
746 571 919 612 caupone
934 557 1006 596 esse
1020 558 1254 610 conjefium,
1271 566 1309 594 et
1322 557 1432 610 supra
1446 557 1585 597 stercus
1605 558 1793 611 injectum
1801 576 1813 603 5

415 637 556 681 petere,
577 636 621 665 ut
642 639 753 664 mane
773 625 818 663 ad
839 633 989 678 portam
1009 623 1159 668 adesset,
1190 623 1413 676 priusquam
1440 624 1650 677 plaustrum
1677 637 1723 662 ex
1742 638 1815 677 op-

414 693 507 747 pido
526 693 658 732 exiret.
705 692 796 730 Hoc
816 704 905 729 vero
936 689 1086 728 somnio
1105 703 1197 728 eum
1216 697 1477 734 commotum,
1509 703 1623 728 mane
1642 689 1816 728 bubulco

415 760 549 813 praesto
567 759 613 798 ad
632 767 782 812 portam
802 757 912 796 fuisse
926 776 939 802 5
972 756 1136 810 quaefiss‘e
1155 770 1203 795 ex
1223 769 1282 801 eo,
1311 756 1406 808 quid
1438 755 1526 795 esset
1555 756 1596 794 in
1616 755 1784 809 plaustro
1800 775 1812 802 5

414 826 531 865 illum
551 825 797 879 perterritum
816 823 952 877 fugisse
967 842 980 870 5
1008 831 1211 862 mortuum
1229 831 1386 862 erutum
1405 822 1476 861 effe
1488 840 1501 868 5
1528 834 1757 876 cauponem,
1778 834 1817 861 re

415 892 614 946 patefacta,
635 905 766 945 poenas
787 890 938 930 dediffe.

471 958 665 997 XXVIII.
697 956 807 1008 Qid
822 955 897 995 hoc
917 955 1067 994 somnio
1087 955 1164 994 dici
1184 954 1307 1009 potest
1326 954 1495 994 divinius
1514 955 1527 992 ?
1549 955 1620 994 Sed
1636 953 1732 1008 quid
1751 963 1816 992 aut

415 1025 540 1079 plura,
561 1033 625 1063 aut
645 1033 784 1069 vetera,
805 1023 1014 1076 quaerimus
1031 1023 1044 1059 ?
1081 1023 1183 1075 Saepe
1202 1021 1276 1060 tibi
1295 1034 1429 1059 meum
1454 1021 1601 1060 narravi
1612 1040 1626 1067 5
1658 1021 1751 1074 saepe
1769 1034 1816 1059 ex

416 1101 456 1130 te
484 1091 612 1130 audivi
633 1100 745 1129 tuum
766 1089 975 1128 somnium.
1025 1089 1110 1134 Me,
1138 1102 1231 1126 cum
1251 1087 1348 1126 Afiae
1377 1086 1580 1141 proconsul
1610 1086 1816 1140 praeess‘em,

415 1157 546 1196 vidisse
567 1157 607 1195 in
628 1157 770 1209 quiete,
802 1169 895 1194 cum
921 1164 965 1193 tu
984 1167 1086 1207 equo
1105 1154 1284 1192 adveetus
1304 1153 1351 1191 ad
1370 1152 1563 1205 quandam
1583 1152 1713 1206 magni
1740 1152 1816 1191 flu-

416 1223 535 1262 minis
555 1224 693 1276 ripam,
715 1223 914 1275 provetRus
935 1220 1062 1259 subito
1076 1229 1191 1273 atque
1206 1219 1379 1273 delapsus
1394 1220 1434 1258 in
1450 1219 1610 1264 flumen,
1627 1218 1817 1272 nusquam

415 1287 656 1343 apparuisseS‚
674 1301 737 1326 me
752 1286 1035 1332 contremuisse,
1053 1287 1192 1325 timore
1209 1285 1478 1340 perterritum:
1502 1294 1588 1323 tum
1606 1293 1644 1323 te
1664 1293 1818 1338 repente

416 1356 550 1394 laetum
570 1352 745 1399 extitiffe,
775 1353 990 1407 eodemque
1010 1366 1111 1406 equo
1130 1352 1320 1392 adversam
1342 1351 1542 1390 ascendisse
1562 1352 1699 1405 ripam,
1728 1350 1816 1388 nos-

414 1435 493 1476 que
512 1422 612 1460 inter
632 1433 701 1460 nos
722 1420 793 1459 esse
812 1420 1049 1474 complexos.
1100 1419 1241 1459 Facilis
1261 1419 1480 1470 conjectura
1508 1417 1624 1471 hujus
1652 1417 1789 1456 somnii
1803 1434 1816 1462 5

413 1488 594 1541 mihique
613 1501 634 1526 a
653 1488 784 1541 peritis
804 1487 844 1526 in
865 1486 953 1526 Afia
970 1486 1196 1541 praediftum
1216 1485 1282 1531 est,
1310 1484 1392 1524 fore
1411 1498 1475 1524 eos
1495 1493 1653 1523 eventus
1674 1495 1817 1528 rerum,

415 1555 484 1608 qui
505 1553 742 1592 acciderunt.

471 1620 598 1657 Venio
617 1632 723 1656 nunc
752 1619 799 1656 ad
819 1627 958 1657 tuum.*
990 1618 1137 1657 Audivi
1156 1618 1340 1670 equidem
1369 1631 1418 1655 ex
1438 1625 1475 1654 te
1495 1615 1590 1669 ipso,
1626 1614 1689 1653 sed
1719 1613 1819 1654 mihi

415 1685 547 1739 saepius
578 1684 703 1722 noster
735 1683 931 1723 Sallustius
964 1684 1158 1723 narravit:
1191 1697 1283 1722 cum
1314 1684 1355 1721 in
1374 1682 1441 1719 illa
1460 1681 1566 1733 fuga,
1598 1681 1710 1718 nobis
1729 1681 1818 1732 glo-

417 1751 524 1796 riosa,
559 1749 689 1803 patriae
717 1749 947 1794 calamitosa,
979 1749 1020 1786 in
1054 1749 1146 1786 villa
1166 1747 1331 1800 quadam
1365 1747 1495 1799 campi
1528 1745 1698 1784 Atinatis
1733 1759 1818 1783 ma-

415 1830 537 1862 neres,
569 1827 826 1869 magnamque
860 1821 1007 1868 partem
1042 1813 1164 1852 noCtis
1198 1811 1382 1865 vigilasses
1400 1841 1411 1858 ‚
1453 1811 1499 1850 ad
1541 1811 1670 1850 lucem
1704 1811 1816 1849 deni-

416 1897 492 1936 que
512 1883 611 1921 arcte
630 1890 668 1920 et
687 1881 851 1934 graviter
869 1879 1076 1918 dormitare
1094 1877 1262 1933 coepiffe.
1308 1879 1457 1930 Itaque,
1490 1890 1714 1930 quanquam
1746 1877 1818 1915 iter

417 1949 584 1994 instaret,
616 1958 653 1986 te
685 1956 814 1986 tamen
835 1945 1029 1985 silentium
1051 1945 1131 1983 fieri
1156 1943 1310 1997 juffisse,
1345 1956 1471 1997 neque
1500 1943 1572 1981 esse
1602 1942 1747 1996 passum
1781 1953 1817 1981 te

415 2015 590 2054 excitari.
630 2015 735 2052 Cum
754 2021 882 2051 autem
903 2013 1144 2065 experref'tus
1165 2010 1253 2049 esses
1275 2009 1368 2049 hora
1388 2009 1552 2048 secunda
1572 2007 1662 2053 fere,
1685 2018 1721 2046 te
1749 2008 1818 2046 fibi

419 2081 614 2120 somnium
650 2077 861 2125 narraviffe,
882 2077 1020 2117 Visum
1042 2078 1115 2116 tibi
1136 2076 1220 2122 effe,
1251 2089 1342 2115 cum
1364 2076 1404 2114 in
1438 2075 1532 2114 locis
1553 2074 1639 2113 solis
1661 2074 1818 2113 moestus

415 2160 570 2193 errares,
607 2147 655 2185 C.
678 2145 854 2185 Marium
884 2157 977 2184 cum
996 2143 1161 2183 fascibus
1181 2143 1356 2182 laureatis
1380 2155 1546 2196 quaerere
1571 2155 1617 2179 ex
1639 2150 1689 2186 te,
1722 2140 1818 2194 quid

418 2214 532 2252 tristis
553 2212 667 2258 ess‘es5
694 2225 864 2265 cumque
885 2220 927 2250 tu
948 2219 984 2250 te
1004 2210 1069 2250 tua
1083 2210 1203 2264 patria
1222 2210 1259 2248 vi
1280 2208 1434 2263 pulsum
1452 2207 1523 2247 esse
1542 2206 1708 2252 dixisses,
1730 2220 1817 2261 prc-

418 2278 587 2319 hendisse
607 2292 699 2317 eum
717 2279 913 2316 dexteram
934 2286 1056 2323 tuam,
1084 2286 1122 2316 ct
1143 2276 1247 2315 bono
1267 2275 1397 2315 animo
1418 2285 1453 2314 te
1467 2273 1608 2328 juffiss‘e
1626 2273 1711 2317 esse,
1742 2272 1817 2310 lic-

418 2346 570 2399 torique
590 2345 770 2399 proximo
800 2343 1003 2389 tradidisse,
1025 2353 1069 2382 ut
1099 2353 1137 2382 te
1157 2344 1196 2382 in
1228 2351 1530 2382 monumentum
1552 2341 1664 2379 suum
1693 2339 1816 2378 dedu·

416 2422 520 2453 ceret
538 2431 549 2458 5
571 2422 609 2451 et
629 2410 774 2457 dixisse,
810 2410 849 2449 in
869 2425 914 2450 co
934 2410 1006 2449 tibi
1028 2409 1186 2449 salutem
1208 2408 1301 2448 fore.
1337 2410 1449 2448 Tum
1482 2417 1521 2447 ct
1542 2407 1576 2447 se
1594 2404 1818 2446 exclamasse

418 2478 616 2520 Sallustius
639 2486 774 2524 narrat,
797 2477 963 2517 reditum
986 2477 1057 2516 tibi
1077 2477 1240 2517 celerem
1261 2485 1299 2516 ct
1328 2475 1539 2531 gloriosum
1563 2484 1750 2529 paratum,
1779 2481 1818 2510 et

416 2555 457 2587 te
477 2545 601 2601 ipsum
621 2545 745 2587 visum
766 2544 916 2586 somnio
935 2544 1127 2588 delectari.
1181 2544 1288 2586 Nam
1307 2543 1405 2584 illud
1426 2542 1526 2584 mihi
1547 2542 1615 2597 ipfi
1644 2540 1817 2582 celeriter
