2223 3003
364 257 417 299 70
655 242 759 280 DE
816 237 1468 278 DIVINATIONE

364 351 611 399 auguratum:
633 341 680 379 de
699 341 808 392 cujus
824 339 1041 390 conjedstura
1059 337 1108 374 fic
1127 336 1229 389 apud
1241 337 1479 381 Homerum,
1495 344 1539 375 ut
1556 348 1626 376 nos
1645 336 1755 378 otiofi

363 410 638 452 convertimus,
668 405 841 456 loquitur
860 405 1134 456 Agamemnon
1150 420 1162 447 ς

423 474 554 514 ΧΧΧ.
575 473 689 511 Ferte
707 468 799 513 viri,
827 477 863 508 et
881 466 988 507 duros
1006 467 1121 506 animo
1140 468 1289 506 tolerate
1307 467 1454 513 labores,

497 537 666 591 Auguris
685 545 728 575 ut
745 535 855 588 nqstri
871 534 1082 574 Calchantis
1084 533 1182 586 fieta
1204 548 1368 588 queamus

499 605 612 648 Scire,
643 602 782 655 ratosne
800 600 968 645 habeant,
998 614 1046 639 an
1065 614 1177 639 vanos
1189 601 1344 653 peHoris
1361 601 1471 652 orfies.

499 672 666 723 Namque
684 681 796 706 omnes
814 667 958 705 memori
965 675 1176 719 portentum
1193 676 1306 705 mente
1324 676 1522 711 retentant,

499 735 575 788 Qui
591 748 658 773 non
664 732 818 786 funestis
835 732 1017 785 liquerunt
1036 732 1291 784 luminafatis.

500 799 682 854 Argolicis
693 798 852 851 primum
870 806 913 835 ut
932 796 1060 849 vestita
1077 797 1122 850 est
1140 797 1296 849 clcffbus
1309 798 1430 842 Aulis,

501 870 592 920 Qtae
611 866 760 904 Priamo
779 863 921 908 cladem,
950 874 986 902 et
1007 860 1138 915 ijae,
1151 863 1525 917 pestemquefirebant
1538 879 1554 902 .·

500 935 579 972 Nos
598 933 731 970 circum
749 929 871 968 latices
884 928 1015 982 gelidos
1018 929 1253 981 fumantibus
1271 929 1360 975 aris,

499 997 695 1050 Aurigeris
715 996 860 1035 Divum
871 995 1059 1048 placantes
1076 996 1223 1034 numina
1241 996 1374 1040 tauris,

501 1064 575 1103 Sub
587 1063 738 1116 platano
757 1060 967 1114 umbrifera,
974 1061 1066 1113 fhns
1085 1060 1174 1099 unde
1191 1069 1335 1099 emanat
1351 1062 1473 1114 aquai,

502 1129 659 1169 Vidimus
678 1126 825 1165 immani
825 1126 944 1179 specie
962 1135 1131 1179 tortuque
1148 1125 1332 1165 draconem

445 1244 450 1249 .
501 1193 724 1238 Terribilem,
754 1193 869 1244 Jovis
887 1200 929 1230 ut
941 1193 1047 1244 pulsu
1057 1192 1277 1244 penetrabat
1294 1191 1342 1231 ab
1358 1205 1428 1231 ara
1443 1205 1459 1228 :

498 1261 574 1313 Qi
582 1258 732 1313 platani
747 1259 785 1297 in
804 1272 903 1296 ramo
906 1258 1083 1311 soliorum
1101 1259 1252 1311 tegmine
1255 1260 1379 1312 septos

500 1329 534 1366 C
534 1325 689 1378 orrtPuit
702 1324 816 1378 pullos
829 1340 844 1363 :
874 1338 957 1377 quos
975 1339 1054 1363 cum
1072 1325 1284 1378 consumeret
1300 1326 1389 1370 050,

499 1394 612 1432 Nona
616 1393 733 1444 ficper
751 1391 898 1429 tremulo
912 1391 1081 1443 genetrix
1098 1391 1265 1444 clangore
1281 1391 1427 1430 volabat
1438 1406 1453 1430 .-

503 1460 536 1497 C
537 1459 576 1497 ui
576 1458 690 1510 ferus
708 1456 855 1495 immani
871 1456 1028 1494 laniavit
1046 1457 1184 1509 vfiera
1201 1458 1329 1510 morsu.

501 1525 628 1566 Hunc,
658 1521 721 1559 ubi
737 1532 812 1559 tam
831 1531 967 1559 teneros
985 1521 1145 1560 volucres
1163 1530 1380 1575 matremque
1390 1519 1556 1574 peremit,

499 1588 577 1640 Qi
591 1588 664 1625 luci
679 1586 849 1631 ediderat,
873 1587 1019 1639 genitor
1037 1587 1234 1625 Saturnius
1252 1586 1340 1625 idem

501 1652 669 1696 Abdidit,
700 1661 734 1689 et
753 1651 842 1690 duro
846 1652 1037 1705 formavit
1057 1652 1207 1705 tegmine
1212 1652 1315 1705 saxi.

500 1721 580 1758 Nos
597 1726 715 1756 autem
735 1717 852 1755 timidi
852 1717 995 1769 stantes
1013 1717 1172 1756 mirabile
1190 1717 1379 1769 monstrum

502 1783 658 1823 Vidimus
676 1782 713 1820 in
732 1780 849 1820 mediis
868 1782 1013 1820 Divum
1032 1782 1213 1834 versarier
1230 1782 1321 1821 aris.

502 1848 594 1889 Tum
615 1847 768 1886 Calchas
786 1847 862 1886 haec
881 1847 925 1900 est
928 1846 1066 1899 fidenti
1081 1862 1164 1886 voce
1181 1849 1317 1886 locutus
1334 1866 1348 1893 5

499 1914 680 1967 Qudnam
699 1923 876 1967 torpentes
881 1913 1006 1966 subito
1025 1913 1236 1968 obstupussis
1255 1914 1398 1953 Achivi
1411 1914 1432 1952 ἓ

501 1981 615 2021 Nobis
635 1980 710 2019 haec
720 1989 893 2032 portenta
912 1979 1034 2019 Deum
1052 1979 1145 2018 dedit
1165 1980 1233 2033 ipse
1247 1990 1404 2024 creator,

503 2045 628 2086 ‘Tarda
647 2055 682 2085 et
687 2047 778 2099 stra
796 2046 898 2084 nimis
909 2061 923 2084 .·
939 2045 1012 2099 sed
1010 2046 1124 2098 fama
1141 2060 1185 2085 ac
1203 2045 1304 2084 laude
1315 2045 1478 2099 perenni.

504 2114 603 2151 Nam
622 2123 705 2165 quot
724 2126 811 2151 aves
829 2121 924 2150 tetro
942 2113 1119 2150 maHatas
1134 2111 1234 2150 dente
1253 2112 1397 2157 videtis,

503 2176 571 2217 ‘Tot
591 2193 650 2218 nos
666 2177 717 2216 ad
733 2175 876 2230 ‘Trajam
895 2177 976 2216 belli
991 2178 1248 2217 exanclabimus
1266 2192 1376 2217 annos
1390 2193 1405 2217 :

503 2246 594 2296 Qae
613 2244 738 2283 [heimo
757 2243 872 2288 cadet,
902 2253 937 2282 et
949 2243 1222 2297 paendfittabit
1242 2244 1417 2283 Aclvivas.

502 2310 629 2350 Edidit
649 2311 724 2350 hoec
745 2311 897 2349 Calchas
913 2329 924 2354 ;
957 2325 1035 2363 quae
1042 2311 1123 2362 jam
1143 2320 1290 2349 matura
1307 2310 1450 2350 videtis.

422 2379 521 2429 Qae
542 2377 697 2415 tandem
718 2377 783 2415 ista
802 2377 1000 2430 auguratio
1019 2376 1070 2414 est
1090 2391 1136 2415 ex
1158 2377 1375 2431 passeribus,
1405 2389 1594 2415 annorum
1617 2376 1758 2429 potius,

367 2456 484 2496 quam
506 2451 569 2481 aut
593 2442 795 2487 menfium,
818 2452 881 2481 aut
901 2442 1080 2480 dierum?
1113 2443 1194 2481 Cur
1213 2452 1341 2481 autern
1362 2443 1409 2481 de
1429 2441 1642 2495 pafferculis
1662 2455 1759 2480 con-

364 2510 552 2561 jecturam
576 2507 682 2554 facit,
714 2509 752 2546 in
784 2508 925 2561 quibus
959 2508 1110 2546 nullum
1141 2517 1218 2546 emt
1249 2508 1462 2547 monstrum
1482 2525 1492 2552 ;
1523 2507 1569 2545 de
1599 2508 1761 2546 dracone

368 2575 463 2621 filet,
494 2574 576 2629 qui,
622 2575 661 2614 id
689 2575 795 2629 quod
828 2574 909 2613 fieri
940 2588 1017 2614 non
1050 2575 1194 2628 potuit,
1235 2575 1405 2628 lapideus
1433 2574 1576 2614 dicitur
1606 2573 1726 2613 fastus
1743 2573 1758 2609 Ρ
