2223 3003
508 251 587 307 336
883 247 986 287 DE
1056 245 1531 287 AMICITIA.

506 367 528 391 a
547 351 717 406 patribus
738 347 976 400 accepimus)
1009 346 1068 385 bis
1089 345 1165 385 una
1186 347 1385 392 Consules,
1417 354 1456 385 et
1475 346 1640 400 collegas
1659 345 1701 386 in
1718 346 1906 389 censurat

507 428 593 456 tum
615 426 651 454 et
670 428 762 453 cum
782 414 843 458 iis,
874 422 913 451 et
942 414 1043 452 inter
1061 412 1096 451 se
1129 412 1458 466 conjunctiffimos
1478 411 1600 458 fuissh,
1629 413 1907 458 M’..Curium,

505 493 545 521 et
565 485 617 521 T.
641 479 948 525 Coruncanium,
979 479 1178 518 memoriae
1197 480 1397 533 proditum
1417 479 1483 518 est.
1522 480 1646 533 Igitur
1665 492 1713 517 ne
1733 479 1909 532 suspicari

505 549 666 601 quidem
686 546 900 601 possumus,
929 559 1171 599 quemquam
1197 545 1340 585 horum
1366 547 1413 584 ab
1444 546 1570 585 amico
1590 545 1793 599 quippiam
1811 558 1907 584 con-

505 613 676 658 tendisse,
707 612 812 666 quod
842 620 975 650 contra
993 611 1127 656 fidem,
1162 620 1296 650 contra
1323 611 1610 665 jusjurandum,
1641 619 1774 649 contra
1805 622 1908 648 rem-

503 678 705 732 publicam
725 677 826 716 esset.
859 678 966 716 Nam
996 676 1072 715 hoc
1100 677 1261 730 quidem
1287 677 1328 715 in
1360 677 1499 715 talibus
1525 677 1615 715 viris
1647 675 1744 728 quid
1774 676 1910 714 attinet

505 745 662 784 dicere?
694 745 720 783 fi
751 743 1015 788 contendisset,
1046 743 1123 781 scio
1144 743 1441 796 impetraturum
1462 756 1539 782 non
1558 741 1668 781 fuiffe
1684 760 1696 786 ;
1728 755 1820 780 cum
1852 741 1911 779 illi

504 810 724 850 sanstissimi
744 811 815 849 viri
835 809 1005 848 fuerint:
1037 822 1144 861 aeque
1164 818 1294 848 autem
1326 808 1431 848 nefas
1452 809 1509 854 fit,
1532 810 1605 848 tale
1626 808 1773 861 aliquid
1793 818 1831 846 et
1850 806 1909 846 fa-

504 891 589 916 cere
619 886 811 930 rogatum,
844 885 882 913 et
906 887 1052 928 rogare.
1097 877 1155 912 At
1173 888 1262 914 vero
1282 874 1377 913 Tib.
1401 874 1626 914 Gracchum
1658 875 1910 928 sequebantur

501 945 555 982 C.
580 943 721 987 Carbo,
746 943 794 980 C.
819 942 931 987 Cato,
954 949 992 980 et
1010 940 1202 980 minimus
1224 949 1311 980 tum
1337 940 1499 994 quidem
1517 941 1633 980 Caius
1654 940 1782 986 frater,
1804 953 1907 979 nunc

503 1008 609 1047 idem
629 1008 851 1047 acerrimus.

559 1076 654 1115 XII.
687 1077 785 1115 Haec
806 1075 926 1129 igitur
954 1075 1021 1114 <lex
1041 1073 1082 1114 in
1102 1075 1272 1114 amicitia
1292 1074 1492 1121 sanciatur,
1514 1083 1559 1114 ut
1586 1086 1712 1128 neque
1731 1086 1910 1127 rogemus

503 1156 561 1181 res
594 1152 738 1196 turpes,
775 1155 844 1181 nec
864 1141 1053 1181 faciamus
1084 1142 1234 1196 rogati:
1266 1143 1390 1196 turpis
1424 1143 1530 1181 enim
1564 1140 1756 1180 excusatio
1776 1141 1842 1186 est,
1871 1149 1912 1179 et

503 1209 672 1247 minime
691 1208 926 1262 accipienda,
958 1222 1052 1247 cum
1081 1209 1122 1247 in
1141 1209 1288 1247 caeteris
1317 1210 1498 1262 peccatis,
1520 1218 1607 1246 tum
1623 1207 1652 1245 -fi
1668 1207 1761 1259 »quis
1780 1215 1913 1245 contra

504 1276 788 1329 rempublicam
821 1275 857 1313 se
877 1275 994 1313 amici
1019 1275 1129 1313 causa
1148 1273 1277 1313 feciffe
1310 1274 1486 1313 fateatur.
1537 1273 1698 1312 Etenim
1731 1286 1776 1311 eo
1807 1273 1909 1317 loco,

505 1342 631 1380 Fanni
650 1350 688 1379 et
709 1341 889 1386 Scaevola,
911 1341 1028 1379 locati
1048 1341 1194 1385 sumus,
1225 1350 1269 1379 ut
1288 1353 1357 1380 nos
1373 1341 1493 1393 -longe
1509 1339 1720 1393 prospicere
1739 1348 1912 1391 oporteat

503 1406 654 1446 futuros
675 1407 778 1446 casus
799 1406 1034 1460 reipublicae.
1053 1406 1225 1446 Deflexit
1236 1407 1342 1446 enim
1355 1408 1438 1459 jam
1454 1405 1741 1459 aliquantulum
1761 1405 1807 1443 de
1828 1405 1910 1458 spa-

504 1473 560 1512 tio
579 1473 852 1525 curriculoque
871 1472 1109 1511 consuetudo
1139 1474 1348 1524 majorum.
1393 1473 1490 1511 Tib.
1513 1471 1717 1511 Gracchus
1746 1483 1912 1523 regnum

503 1552 693 1592 occupare
724 1547 882 1576 conatus
917 1538 983 1583 est,
1023 1538 1084 1576 vel
1112 1539 1284 1591 regnavit
1317 1539 1348 1577 is
1379 1538 1540 1591 quidem
1571 1550 1714 1592 paucos
1748 1535 1910 1575 menses.

504 1605 617 1644 Num
639 1604 734 1657 quid
756 1603 877 1642 simile
900 1603 1068 1657 populus
1086 1605 1288 1642 Romanus
1307 1604 1488 1648 audierat,
1511 1614 1577 1641 aut
1594 1604 1766 1641 viderat?
1788 1603 1910 1641 Hunc

503 1671 620 1709 ctiam
642 1671 724 1724 post
745 1679 913 1708 mortem
933 1669 1052 1708 secuti
1073 1670 1189 1708 amici
1208 1678 1247 1708 et
1267 1669 1492 1723 propinqui,
1514 1669 1609 1723 quid
1629 1668 1670 1707 in
1691 1669 1736 1707 P.
1761 1668 1910 1721 Scipio·

503 1751 592 1776 nem
628 1736 838 1781 effecerint,
870 1736 946 1774 sine
975 1736 1154 1788 lacrymis
1191 1749 1268 1775 non
1289 1749 1389 1789 queo
1420 1735 1560 1775 dicere.
1620 1735 1728 1774 Nam
1761 1735 1911 1773 Carbo-

505 1818 610 1849 nem,
641 1817 802 1856 quoquo
823 1804 941 1842 modo
960 1803 1175 1856 potuimus,
1208 1813 1363 1856 propter
1394 1811 1587 1841 recentem
1621 1815 1778 1855 poenam
1812 1802 1909 1841 Tib.

505 1868 691 1913 Gracchi,
723 1868 984 1906 sustinuimus.
1032 1869 1094 1906 De
1129 1870 1177 1906 C.
1201 1867 1371 1906 Gracchi
1406 1878 1537 1907 autem
1572 1868 1786 1913 tribunatu,
1815 1868 1912 1920 quid

503 1936 728 1988 expectem,
767 1947 843 1972 non
877 1933 974 1971 libet
1003 1935 1206 1986 augurari:
1254 1934 1366 1986 serpit
1398 1935 1505 1972 enim
1541 1935 1678 1972 deinde
1714 1947 1790 1978 res,
1826 1947 1912 1986 quae

504 2001 713 2053 proclivius
746 2000 789 2037 ad
817 2000 1044 2052 perniciem,
1076 2014 1169 2038 cum
1191 1999 1305 2038 semel
1327 2000 1461 2053 coepit,
1496 2000 1652 2039 labitur.
1684 2000 1835 2037 Videtis
1872 2001 1911 2037 in

504 2067 740 2119 tabellajam
761 2077 847 2104 ante
868 2076 1010 2118 quanta
1030 2067 1073 2104 sit
1094 2065 1190 2104 facia
1221 2067 1337 2110 labes,
1369 2067 1497 2118 primo
1517 2067 1686 2105 Gabinia
1717 2066 1814 2119 lege,
1848 2066 1911 2104 bi-

505 2134 622 2171 ennio
643 2143 771 2171 autem
795 2132 890 2185 post,
914 2132 1049 2170 Caffia.
1082 2133 1221 2170 Videre
1247 2134 1329 2184 jam
1351 2133 1480 2171 videor
1507 2133 1697 2186 populum
1731 2146 1751 2169 a
1782 2132 1912 2171 senatu

503 2201 756 2251 disjunftum,
790 2198 1130 2251 multitudinisque
1150 2198 1308 2237 arbitrio
1339 2212 1394 2237 res
1430 2200 1617 2238 maximas
1643 2199 1718 2252 agi.
1779 2199 1910 2237 Plures

504 2267 609 2303 enim
631 2267 789 2312 discent,
811 2266 1142 2320 quemadmodum
1160 2264 1240 2304 haec
1261 2265 1368 2311 fiant,
1387 2279 1505 2318 quam
1523 2265 1827 2319 quemamodum
1850 2264 1909 2303 his

506 2333 704 2371 resistatur.

562 2401 758 2451 Qorsum
781 2399 890 2438 lime?
923 2401 1011 2452 quia
1034 2401 1107 2440 sine
1130 2401 1251 2446 sociis,
1271 2414 1386 2439 nemo
1405 2401 1618 2453 quidquam
1641 2399 1713 2438 talc
1735 2408 1907 2436 conatur.

507 2467 813 2519 Prfflcipiendum
845 2467 897 2504 cst
934 2467 1050 2520 igitur
1086 2468 1224 2511 bonis,
1262 2477 1331 2512 ut,
1368 2466 1392 2504 li
1426 2467 1463 2504 in
1503 2466 1690 2518 cjulinodi
1722 2465 1909 2503 amicitias

504 2532 626 2584 ignari
649 2532 733 2569 casu
766 2532 895 2584 aliquo
928 2533 1148 2577 inciderint,
1182 2547 1227 2571 nc
1247 2533 1479 2576 existiment,
1514 2532 1565 2570 ita
1587 2531 1620 2569 se
1647 2532 1836 2584 alligatos,
1868 2540 1909 2568 ut

500 2600 552 2639 ab
574 2598 721 2642 amicis,
757 2599 795 2637 in
829 2613 980 2652 magam
1003 2600 1172 2652 aliquam
1195 2614 1275 2638 rem
1304 2599 1566 2653 peccantibus,
1600 2613 1676 2638 non
1701 2597 1906 2637 discedant.
