2223 3003
461 299 540 338 206
859 293 963 331 DE
1037 292 1464 331 OFFICIIS

461 398 568 451 quod
601 396 726 434 elucet
761 393 800 430 in
832 393 923 437 vita,
955 401 1086 431 movet
1115 391 1432 445 approbationem
1452 404 1601 438 eorum,
1632 392 1864 446 quibuscum

459 465 613 506 vivitur,
645 461 793 503 ordine,
814 467 853 497 et
872 459 1094 505 constantia,
1125 468 1163 497 et
1183 459 1444 498 moderatione
1464 458 1657 498 dictorum
1686 460 1866 499 omnium

459 539 574 581 atque
594 527 800 565 factorum.

515 593 751 633 Adhibenda
780 592 835 632 est
862 592 982 645 igitur
1012 592 1188 644 quaedam
1223 592 1432 631 reverentia
1463 592 1638 631 adversus
1671 591 1865 638 homines,

459 671 498 700 et
517 661 661 714 optimi
681 658 880 712 cujusque,
911 667 949 696 et
981 658 1234 711 reliquorum.
1282 659 1388 698 Nam
1410 659 1603 713 negligere
1633 659 1728 712 quid
1756 659 1804 700 de
1832 658 1868 697 se

460 727 623 781 quisque
642 726 790 770 sentiat,
822 739 900 764 non
922 724 1046 763 solum
1067 726 1276 778 arrogantis
1297 725 1363 770 est,
1387 725 1450 764 sed
1469 727 1585 764 etiam
1606 726 1769 765 omnino
1789 725 1866 764 dis-

461 795 591 834 soluti.
637 793 705 832 Est
724 801 854 830 autem
875 791 981 844 quod
1001 790 1165 836 differat,
1193 793 1234 830 in
1264 791 1474 831 hominum
1503 793 1648 831 ratione
1680 790 1868 837 habenda,

459 862 561 900 inter
575 860 766 912 justitiam
785 867 824 896 et
846 858 1131 897 verecundiam.
1163 858 1327 909 Justitiae
1357 868 1479 912 partes
1501 859 1601 905 sunt,
1634 873 1711 897 non
1731 858 1871 897 violare

460 926 666 970 homines,
698 922 950 967 verecundiae,
983 936 1062 961 non
1082 921 1275 961 offendere
1291 941 1303 968 ς
1336 923 1375 962 in
1396 938 1475 977 quo
1496 925 1666 963 maxime
1686 924 1869 977 perspici-

462 1002 525 1030 tur
546 992 601 1029 vis
622 990 764 1029 decori.
798 989 874 1028 His
894 989 1015 1042 igitur
1033 989 1229 1042 expositis,
1261 990 1373 1042 quale
1394 990 1439 1029 fit
1457 991 1512 1036 id,
1534 991 1640 1043 quod
1655 991 1788 1028 decere
1808 989 1869 1028 di-

460 1059 603 1103 cimus,
634 1056 878 1095 intellectum
897 1065 1009 1109 puto.

520 1125 712 1163 Officium
743 1132 888 1168 autem,
924 1122 1031 1176 quod
1060 1122 1107 1161 ab
1131 1137 1176 1162 eo
1205 1123 1374 1169 ducitur,
1417 1121 1519 1162 hanc
1551 1121 1726 1178 primum
1757 1122 1873 1161 habet

462 1192 580 1237 viam,
598 1205 684 1244 quae
704 1189 861 1228 deducit
879 1189 926 1227 ad
946 1190 1258 1229 convenientiam
1276 1189 1683 1243 conservationemque
1703 1199 1871 1235 naturae;

460 1271 583 1311 quam
603 1257 629 1296 fi
649 1257 853 1309 sequemur
871 1256 1028 1302 ducem,
1050 1269 1251 1309 nunquam
1272 1256 1532 1295 aberrabimus
1549 1275 1561 1301 ς
1593 1257 1874 1310 sequemurque

462 1335 503 1363 et
524 1325 576 1369 id,
607 1324 712 1377 quod
732 1332 892 1362 acutum
912 1332 949 1361 et
970 1322 1165 1376 perspicax
1187 1332 1320 1361 natura
1339 1323 1391 1361 est
1411 1342 1423 1368 ;
1455 1332 1493 1362 et
1512 1323 1566 1369 id,
1598 1324 1703 1376 quod
1732 1324 1779 1362 ad
1798 1323 1873 1363 ho-

464 1391 622 1431 minum
642 1389 966 1429 consociationem
998 1389 1339 1428 accommodatum
1353 1408 1365 1435 ς
1397 1400 1435 1428 et
1455 1390 1509 1435 id,
1542 1390 1648 1442 quod
1667 1389 1873 1429 vehemens

463 1468 580 1511 atque
600 1456 712 1496 forte.
759 1456 830 1495 Sed
849 1456 1021 1495 maxima
1038 1456 1094 1494 vis
1115 1456 1243 1494 decori
1274 1457 1315 1494 in
1346 1455 1417 1494 hac
1450 1456 1546 1494 inest
1567 1465 1688 1509 parte,
1719 1457 1767 1494 de
1800 1470 1876 1509 qua

462 1524 720 1576 disputamus.
767 1522 908 1574 Neque
927 1522 1034 1560 enim
1054 1521 1180 1560 solum
1200 1523 1385 1575 corporis,
1417 1522 1486 1574 qui
1519 1522 1564 1560 ad
1585 1531 1762 1561 naturam
1797 1523 1876 1576 apti

465 1590 568 1634 sunt,
600 1589 661 1627 sed
682 1587 809 1626 multo
825 1589 950 1641 etiamr
963 1588 1086 1640 magis
1106 1588 1228 1626 animi
1249 1597 1379 1626 motus
1401 1588 1603 1641 probandi,
1626 1588 1696 1641 qui
1714 1588 1811 1627 item
1831 1589 1878 1628 ad

465 1666 643 1695 naturam
664 1653 949 1693 accommodati
969 1653 1070 1692 sunt.
1103 1654 1263 1708 Duplex
1285 1655 1339 1693 est
1357 1655 1465 1694 enim
1484 1655 1541 1694 vis
1561 1655 1798 1701 animorum,
1819 1664 1877 1695 at-

465 1736 542 1775 que
562 1731 705 1760 naturae
723 1736 732 1760 ε
756 1734 832 1759 una
849 1734 933 1774 pars
954 1721 994 1759 in
1015 1721 1190 1774 appetitu
1216 1721 1335 1774 posita
1353 1721 1419 1766 est,
1452 1735 1537 1774 quae
1556 1721 1611 1760 est
1630 1718 1708 1774 ὀςμέι
1727 1722 1878 1767 Graece,

467 1803 553 1841 quae
574 1787 777 1827 hominem
798 1786 876 1825 huc
907 1798 946 1826 et
965 1787 1060 1826 illuc
1079 1788 1204 1841 rapit;
1236 1787 1351 1826 altera
1381 1789 1421 1826 in
1453 1788 1612 1832 ratione,
1645 1801 1731 1841 quae
1749 1788 1877 1833 docet,

467 1863 507 1892 et
526 1854 704 1906 explanat
734 1853 829 1905 quid
857 1852 1081 1891 faciendum
1108 1853 1419 1906 fugiendumque
1439 1855 1498 1893 fit.
1546 1855 1605 1894 Ita
1625 1853 1686 1900 fit,
1721 1863 1764 1893 ut
1784 1854 1880 1893 ratio

469 1919 604 1973 praesit,
627 1919 819 1971 appetitus
840 1918 1094 1971 obtemperet.

531 1985 684 2024 XXIX.
719 1985 863 2023 Omnis
883 1995 1014 2023 autem
1034 1985 1133 2023 aetio
1153 1998 1283 2023 vacare
1302 1985 1415 2024 debet
1436 1985 1664 2031 temeritate,
1695 1994 1734 2024 et
1754 1986 1880 2039 negli-

469 2052 626 2106 gentia,
660 2065 730 2090 nec
750 2064 838 2089 vero
858 2065 965 2105 agere
984 2051 1215 2104 quidquam,
1248 2053 1358 2105 cujus
1390 2066 1467 2091 non
1488 2052 1600 2106 poffit
1619 2051 1768 2090 causam
1790 2066 1880 2106 pro-

473 2118 644 2158 babilem
665 2117 832 2156 reddere.
865 2118 963 2157 Haec
984 2118 1035 2156 est
1056 2118 1161 2156 enim
1183 2117 1261 2157 fere
1281 2119 1486 2172 descriptio
1505 2119 1640 2158 officii.
1692 2119 1881 2158 Efficien-

471 2185 568 2224 dum
604 2193 733 2222 autem
769 2183 835 2229 est,
868 2193 910 2221 ut
944 2184 1136 2237 appetitus
1169 2185 1306 2223 rationi
1341 2185 1537 2231 obediant,
1569 2198 1732 2238 eamque
1758 2198 1882 2237 neque

474 2261 720 2305 praecurrant,
753 2264 822 2289 nec
845 2261 998 2304 propter
1019 2251 1232 2304 pigritiam,
1256 2262 1321 2291 aut
1343 2252 1536 2305 ignaviam
1556 2251 1754 2296 deserant;
1787 2251 1881 2290 fint-

473 2332 549 2371 quc
572 2317 785 2370 tranquilli,
807 2327 921 2370 atque
942 2318 1050 2356 omni
1073 2318 1359 2372 perturbatione
1384 2319 1504 2357 animi
1525 2327 1689 2357 careant.
1723 2319 1783 2356 Ex
1804 2332 1884 2371 quo

474 2384 645 2423 elucebit
666 2385 794 2422 omnis
815 2385 1039 2430 constantia,
1061 2385 1263 2438 omnisque
1291 2385 1516 2425 moderatio.
1550 2385 1655 2424 Nam
1677 2385 1745 2437 qui
1766 2399 1882 2438 appe-

475 2451 570 2490 titus
605 2451 757 2503 longius
791 2461 1012 2504 evagantur,
1043 2460 1081 2490 ct
1113 2460 1297 2505 tanquam
1317 2451 1546 2491 exsultantes
1579 2451 1652 2490 five
1673 2451 1881 2504 cupiendo,

476 2517 549 2556 sive
572 2517 770 2570 fugicndO,
804 2531 878 2555 non
903 2518 986 2556 satis
1006 2532 1027 2556 a
1046 2519 1190 2557 ratione
1212 2519 1439 2563 retinentur,
1465 2517 1506 2556 hi
1527 2518 1603 2557 fine
1623 2518 1743 2557 dubio
1762 2517 1882 2556 finem

474 2593 514 2623 et
536 2584 699 2623 modum
722 2585 929 2625 transeunt.
954 2585 1200 2639 Relinquunt
1214 2586 1320 2625 enim
1341 2595 1379 2626 et
1399 2586 1587 2639 abjiciunt
1606 2585 1882 2629 obedientiam,
