2223 3003
682 261 959 304 LIBER
1016 263 1439 304 TERTIUS.
1686 268 1768 323 285·

419 364 556 416 Qid?
600 364 890 417 Agamemnon,
932 377 1025 402 cum
1056 362 1261 402 devovisset
1293 363 1442 409 Dianae,
1484 363 1590 416 quod
1620 363 1661 402 in
1700 364 1769 403 suo

364 443 480 483 regno
510 429 820 483 pulcherrimum
853 439 988 468 natum
1015 429 1104 468 effet
1132 430 1201 468 illo
1220 444 1335 475 anno,
1368 430 1587 469 immolavit
1607 429 1767 485 Iphige-

363 498 484 542 niam,
519 511 595 550 qua
623 496 723 535 nihil
756 505 834 534 erat
862 509 908 534 eo
939 496 1098 547 quidem
1127 510 1228 534 anno
1254 506 1387 535 natum
1409 495 1624 550 pulchrius.
1668 498 1766 535 Pro-

364 563 521 601 miffum
540 563 669 615 potius
689 575 767 599 non
786 560 1024 604 faciendum,
1051 574 1170 613 quam
1190 570 1269 598 tam
1290 570 1431 599 tetrum
1452 561 1601 600 facinus
1621 562 1766 601 admit-

362 629 525 667 tendum
546 628 636 666 fuit.
681 627 787 678 Ergo
806 635 844 664 et
862 625 1043 678 promissa
1061 640 1139 664 non
1160 625 1332 664 facienda
1351 641 1632 680 nonnunquam
1652 643 1661 666 ε
1695 642 1765 667 ne-

361 708 437 747 que
456 695 603 746 semper
635 691 802 744 deposita
836 691 1037 730 reddenda.
1098 692 1135 730 Si
1166 692 1341 744 gladium
1372 694 1459 744 quis
1480 694 1580 745 apud
1612 703 1648 732 te
1682 695 1767 734 sana

361 769 490 799 mente
510 758 739 812 deposuerit,
759 766 902 811 repetat
922 757 1111 796 insaniens
1129 776 1140 802 3
1172 758 1340 803 reddere,
1362 767 1564 810 peccatum
1585 759 1628 797 fit
1644 778 1655 804 ς
1688 775 1766 799 non

361 826 531 871 reddere,
550 824 740 863 officium.
772 823 910 875 Qid?
931 824 957 862 fi
978 824 1025 869 is,
1045 824 1113 876 qui
1133 824 1234 876 apud
1253 832 1290 862 te
1309 824 1515 877 pecuniam
1535 824 1766 877 deposuerit,

360 892 509 930 bellurn
529 889 668 929 inferat
696 891 841 943 patriae,
872 890 1053 928 reddasne
1071 889 1288 943 depositum
1308 889 1321 926 ?
1352 890 1462 935 Non,
1484 889 1621 928 credo:
1649 890 1764 930 facias

358 958 464 995 enim
484 966 617 995 contra
637 956 933 1009 rempublicam,
955 970 1039 1009 quae
1059 956 1173 994 debet
1193 955 1264 993 effe
1284 956 1483 994 cariffima.
1534 956 1595 994 Sic
1626 957 1766 1002 multa,

358 1037 445 1076 quae
465 1022 621 1061 honesta
639 1022 774 1060 natura
794 1023 971 1060 videntur
997 1021 1082 1067 effe,
1115 1022 1355 1075 temporibus
1376 1021 1476 1060 fiunt
1495 1036 1572 1060 non
1594 1020 1764 1061 honesta.

359 1089 499 1127 Facere
525 1087 720 1141 promissa,
754 1087 848 1125 stare
878 1088 1092 1132 conventis,
1125 1087 1278 1125 reddere
1311 1087 1490 1140 deposita,
1524 1089 1766 1126 commutata

360 1156 542 1199 utilitate,
564 1154 664 1192 fiunt
685 1167 763 1192 non
784 1153 952 1192 honesta.
976 1155 1036 1192 Ac
1057 1154 1103 1191 de
1124 1154 1170 1192 iis
1191 1154 1366 1206 quidem,
1389 1168 1472 1206 quae
1495 1154 1672 1191 videntur
1692 1153 1764 1191 effe

359 1222 545 1260 utilitates
577 1231 709 1260 contra
736 1220 929 1273 justitiam
960 1221 1202 1259 simulatione
1232 1220 1459 1273 prudentiae,
1490 1220 1576 1258 satis
1603 1220 1765 1258 arbitror

356 1287 520 1325 distum.

412 1353 502 1398 Sed,
520 1352 707 1405 quoniam
727 1366 748 1390 a
767 1361 932 1406 quatuor
956 1350 1133 1391 fontibus
1159 1351 1364 1390 honestatis
1392 1351 1520 1403 primo
1546 1350 1647 1388 libro
1673 1351 1762 1389 offi-

356 1419 415 1457 cia
437 1419 640 1464 duximus,
666 1418 707 1456 in
736 1417 879 1457 eisdem
911 1418 1162 1463 versabimur,
1192 1430 1285 1455 cum
1319 1416 1561 1461 docebimus,
1592 1429 1647 1461 ea,
1679 1430 1766 1468 quse

355 1485 535 1523 videntur
553 1484 626 1522 effe
645 1485 774 1530 utilia,
800 1498 926 1537 neque
946 1484 1048 1529 sunt,
1070 1497 1188 1536 quam
1209 1484 1281 1521 fint
1300 1483 1453 1521 virtutis
1484 1482 1655 1520 inimica.
1702 1484 1764 1520 Ac

358 1551 403 1588 de
430 1549 632 1603 prudentia
658 1549 833 1602 quidem,
865 1563 983 1601 quam
1016 1550 1101 1587 vult
1132 1549 1276 1586 imitari
1307 1548 1482 1592 malitia,
1513 1549 1686 1599 itemque
1717 1547 1765 1584 de

350 1616 510 1668 justitia,
533 1629 617 1668 quae
638 1615 785 1667 semper
804 1614 857 1653 est
876 1615 998 1660 utilis,
1020 1615 1256 1667 disputatum
1277 1613 1342 1651 est.
1375 1613 1553 1664 Reliquae
1573 1612 1659 1650 sunt
1679 1612 1764 1650 duae

356 1692 480 1735 partes
500 1681 721 1726 honestatis,
736 1694 901 1733 quarum
921 1680 1037 1718 altera
1056 1681 1096 1717 in
1117 1679 1238 1717 animi
1250 1678 1472 1716 excellentIS
1493 1678 1763 1730 magnitudine

356 1758 394 1787 et
412 1749 624 1802 praestantia
655 1748 825 1786 cernitur
841 1765 852 1792 ;
884 1745 1000 1785 altera
1029 1746 1069 1784 in
1101 1744 1407 1784 conformatione
1437 1754 1474 1782 et
1500 1744 1763 1783 moderatione

356 1815 603 1854 continentiae
623 1823 661 1852 et
681 1813 955 1866 temperantiae.

411 1881 564 1920 XXVI.
597 1880 707 1918 Utile
726 1879 927 1918 videbatur
947 1877 1085 1930 Ulysfi,
1118 1886 1161 1915 ut
1191 1877 1352 1928 quidem
1373 1884 1493 1928 poetae
1514 1876 1649 1928 tragici
1670 1889 1761 1927 pro-

357 1948 560 1992 diderunt,
592 1959 683 1984 nam
717 1945 819 1998 apud
854 1945 1091 1988 Homerum,
1127 1943 1326 1996 optimum
1353 1943 1562 1986 auctorem,
1598 1942 1683 1979 talis
1716 1941 1764 1978 de

358 2013 489 2065 Ulyffe
509 2012 616 2050 nulla
636 2011 798 2065 suspicio
817 2011 868 2049 est
888 2025 898 2049 :
930 2009 993 2048 sed
1012 2009 1236 2048 insimulant
1255 2022 1344 2047 eum
1372 2007 1580 2059 tragoediae,
1604 2007 1761 2044 simula-

356 2080 461 2117 tione
494 2078 660 2123 insaniae,
707 2077 890 2116 militiam
922 2074 1184 2128 subterfugere
1214 2074 1383 2112 voluisse.
1431 2074 1523 2111 Non
1556 2071 1762 2110 honestum

360 2145 578 2183 confilium.
601 2146 656 2182 At
676 2145 772 2182 utile
792 2145 854 2195 (ut
874 2143 1015 2195 aliquis
1028 2140 1178 2179 fortasse
1198 2140 1355 2190 dixerit)
1375 2151 1543 2190 regnare,
1565 2147 1602 2175 et
1623 2136 1763 2175 Ithacae

357 2212 482 2249 vivere
502 2210 619 2249 otiose
649 2223 741 2247 cum
762 2209 996 2261 parentibus,
1028 2220 1120 2244 cum
1143 2219 1274 2249 uxore,
1300 2218 1390 2242 cum
1413 2204 1508 2241 filio.
1556 2203 1696 2241 Ullum
1718 2212 1761 2241 tu

357 2278 474 2316 decus
495 2277 535 2314 in
556 2275 790 2328 quotidianis
812 2273 991 2327 periculis
1008 2282 1045 2310 et
1064 2272 1258 2309 laboribus
1279 2284 1371 2307 curn
1392 2269 1462 2307 hac
1485 2269 1761 2321 tranquillitate

358 2343 636 2382 conferendum
659 2341 797 2394 putas?
830 2341 916 2392 Ego
938 2352 1023 2376 vero
1044 2337 1152 2375 istam
1172 2336 1494 2374 contemnendam
1513 2345 1550 2373 et
1570 2335 1758 2387 abjicien-

359 2407 474 2452 dam;
505 2408 704 2460 quoniam,
737 2419 821 2458 quae
840 2403 997 2442 honesta
1018 2416 1093 2440 non
1115 2402 1172 2445 s1t,
1204 2414 1251 2439 ne
1273 2400 1409 2438 utilem
1429 2401 1588 2453 quidem
1609 2399 1679 2437 effe
1699 2413 1760 2437 ar-

361 2472 495 2509 bitror.
539 2473 646 2523 Qid
666 2473 771 2510 enim
792 2471 1013 2509 auditurum
1036 2477 1145 2521 putas
1166 2465 1274 2505 fuiffe
1296 2466 1483 2518 Ulyssem,
1517 2466 1541 2504 fi
1564 2466 1603 2503 in
1625 2466 1688 2502 illa
1711 2465 1758 2502 li-

360 2537 571 2575 mulatione
591 2537 847 2590 perseverasset
865 2537 877 2573 ?
909 2537 992 2588 qui,
1014 2548 1105 2574 cum
1127 2533 1313 2571 maximas
1335 2545 1389 2571 res
1410 2532 1558 2586 gefl‘erit
1580 2532 1618 2569 in
1641 2530 1757 2576 bello,

359 2613 489 2642 tamen
509 2601 589 2641 haec
609 2603 735 2642 audiat
754 2603 800 2641 ab
821 2604 937 2655 Ajace
950 2621 963 2648 ς
