2223 3003
376 244 453 281 124
781 225 1356 267 DE'LEGIBUS

373 343 449 368 non
471 328 626 366 habent.
660 326 816 363 Omitto
835 324 1137 376 opportunitates
1156 323 1448 375 habilitatesque
1467 322 1607 376 reliqui
1627 335 1769 377 corpo·

373 396 438 440 ris,
470 393 767 433 moderationem
791 391 908 434 vocis,
929 390 1110 428 orationis
1131 390 1227 434 vim,
1249 403 1334 442 quae
1353 389 1595 428 conciliatrix
1615 389 1666 428 est
1688 387 1770 428 hu·

372 473 494 498 manae
514 457 682 495 maxime
702 455 903 493 societatis.
946 455 1086 507 Neque
1105 455 1211 493 enim
1231 455 1362 493 omnia
1381 455 1467 493 sunt
1487 453 1602 507 hujus
1634 454 1769 507 dispu-

370 525 526 562 tationis
547 537 588 561 ac
610 521 817 574 temporis,
839 530 877 558 et
897 520 1001 559 hunc
1023 522 1155 559 locum
1175 521 1275 566 satis,
1292 530 1336 558 ut
1356 520 1455 559 mihi
1475 521 1638 565 videtur,
1661 521 1700 558 in
1721 520 1768 558 iis

371 590 494 633 libris,
516 601 611 642 quos
631 587 788 640 legistis,
809 587 983 640 expreffit
1003 588 1145 640 Scipio.
1188 587 1323 631 Nunc,
1345 587 1529 639 quoniam
1550 585 1767 631 hominem,

371 655 478 708 quod
497 654 733 708 principium
763 653 996 705 reliquarum
1018 666 1144 691 rerum
1173 653 1243 691 effe
1267 653 1404 698 voluit,
1434 653 1628 706 generavit
1646 662 1684 691 et
1703 666 1768 691 or-

370 722 477 761 navit
496 721 618 765 Deus,
647 718 892 772 perspicuum
923 720 968 757 fit
997 718 1095 756 illud
1128 720 1194 770 (ne
1218 719 1351 756 omnia
1379 718 1618 769 differantur)
1648 717 1772 770 ipsam

370 800 439 840 per
457 785 492 824 se
513 795 687 824 naturam
707 783 861 836 longius
880 783 1056 837 progredi
1072 801 1084 828 ;
1107 797 1206 835 quae,
1224 784 1340 821 etiam
1358 783 1468 822 nullo
1487 784 1663 828 docente,
1677 795 1769 835 pro-

371 852 469 891 fecta
487 853 533 890 ab
553 852 614 896 iis,
645 862 827 902 quorum,
848 862 895 888 ex
914 849 1040 902 prima
1064 857 1104 886 et
1120 847 1301 887 inchoata
1326 849 1598 902 intelligentia,
1631 859 1775 901 genera.

371 918 568 971 cognovit,
588 915 792 954 confirmat
810 914 888 967 ipsa
905 928 974 967 per
992 914 1028 952 se
1046 914 1233 952 rationem
1254 923 1294 952 et
1312 914 1479 968 perficit.

427 984 479 1022 X.
503 986 727 1022 ATTlcus.
759 981 829 1018 Dii
848 979 1102 1025 immortales,
1124 993 1242 1032 quam
1263 989 1305 1018 tu
1326 980 1441 1033 longe
1463 980 1561 1032 juris
1581 979 1774 1033 principia

372 1049 532 1103 repetis!
564 1057 678 1100 atque
697 1047 763 1092 ita,
785 1056 829 1085 ut
858 1059 930 1099 ego
950 1060 1028 1085 non
1047 1047 1166 1085 modo
1185 1047 1231 1084 ad
1261 1045 1327 1084 illa
1347 1060 1424 1085 non
1442 1058 1658 1099 properem,
1684 1059 1773 1098 quae

370 1115 618 1169 expectabam
637 1127 657 1151 a
676 1122 714 1151 te
733 1113 779 1151 de
793 1113 880 1165 jure
899 1113 1019 1158 civili,
1047 1111 1108 1150 sed
1129 1111 1242 1151 facile
1261 1113 1381 1166 patiar
1401 1121 1439 1150 te
1458 1111 1564 1150 hunc
1585 1111 1691 1150 diem
1710 1110 1772 1150 vel

371 1191 499 1220 totum
519 1181 560 1219 in
591 1179 662 1218 isto
680 1179 853 1216 sermone
872 1178 1108 1216 consumere.
1153 1179 1250 1216 Sunt
1269 1179 1374 1216 enim
1395 1177 1477 1215 haec
1497 1178 1655 1228 majora,
1685 1190 1771 1229 quae

371 1247 535 1285 aliorum
570 1243 679 1282 causa
715 1241 865 1281 fortaffe
898 1242 1179 1295 completsteris‚
1211 1255 1328 1294 quam
1366 1241 1445 1295 ipsa
1482 1241 1562 1286 illa,
1599 1254 1770 1293 quorum

371 1312 453 1352 haec
480 1312 588 1351 causti
614 1320 882 1365 praeparantur.
946 1309 1157 1347 Mancus.
1191 1310 1287 1346 Sunt
1317 1306 1399 1346 haec
1430 1308 1590 1361 quidem
1615 1320 1768 1360 magna,

370 1393 456 1432 qua:
476 1393 578 1419 nunc
600 1379 763 1416 breviter
781 1378 1049 1429 attinguntur:
1081 1375 1143 1415 sed
1172 1377 1365 1422 omnium,
1393 1389 1478 1429 quae
1498 1376 1538 1413 in
1559 1374 1770 1413 hominum

369 1446 572 1484 dot-storum
592 1444 846 1496 disputatione
866 1442 1070 1488 versantur,
1102 1442 1202 1480 nihil
1232 1443 1284 1481 est
1304 1441 1476 1496 profecto
1505 1439 1770 1494 praestabilius,

370 1526 487 1565 quam
508 1512 620 1565 plane
639 1510 805 1562 intelligi
826 1523 893 1548 nos
914 1509 1165 1561 adjustitiam
1184 1509 1255 1548 effe
1285 1519 1406 1554 natos,
1429 1520 1553 1559 neque
1572 1506 1768 1560 opinione,

371 1578 432 1616 sed
449 1588 594 1622 natura,
612 1576 867 1614 constitutum
888 1575 958 1613 effe
973 1577 1051 1627 jus.
1085 1575 1128 1613 Id
1143 1576 1226 1627 jam
1247 1575 1407 1627 patebit,
1430 1574 1455 1612 fi
1476 1573 1685 1612 hominum
1706 1572 1769 1610 in-

370 1655 427 1682 tcr
460 1643 558 1696 ipsos
589 1642 808 1680 societatem
839 1641 1230 1693 conjunctionemque
1265 1640 1509 1693 perspexeris.
1569 1637 1684 1678 Nihil
1718 1637 1772 1676 est

370 1711 474 1748 enim
497 1723 620 1747 unum
636 1708 703 1746 uni
725 1717 802 1746 tam
824 1707 958 1752 ssmile,
981 1717 1059 1745 tam
1081 1721 1160 1759 par,
1192 1720 1309 1759 quam
1328 1719 1462 1744 omnes
1481 1707 1578 1743 inter
1598 1704 1768 1743 nosmet-

369 1776 468 1828 ipsos
490 1773 633 1814 sumuS.
685 1773 803 1824 Qod
835 1773 859 1810 si
880 1773 1096 1825 depravatio
1117 1771 1454 1816 consuetudinum,
1485 1771 1510 1808 si
1537 1770 1769 1822 opinionum

370 1841 524 1879 varietas
546 1853 622 1876 non
644 1837 954 1875 imbecillitatem
970 1837 1190 1874 animorum
1206 1846 1412 1887 torqueret,
1427 1846 1464 1874 et
1486 1836 1647 1873 flec'terct
1668 1848 1768 1887 quo-

370 1918 525 1957 cunque
545 1903 742 1956 coepisset;
774 1902 828 1939 sui
860 1914 975 1938 nemo
1010 1900 1085 1953 ipse
1117 1910 1194 1938 tam
1217 1900 1348 1938 similis
1369 1900 1470 1943 essct,
1498 1912 1615 1952 quam
1636 1913 1769 1937 omnes

371 1972 458 2010 sunt
477 1970 685 2008 omnium:
718 1968 845 2020 itaque
865 1980 1104 2020 quaecunque
1135 1966 1187 2006 est
1216 1965 1386 2005 hominis
1407 1965 1596 2011 definitio,
1629 1978 1703 2004 una
1729 1966 1770 2004 in

371 2050 506 2075 omnes
528 2036 637 2074 valet.

427 2102 546 2154 Qod
579 2101 793 2153 argumenti
829 2100 913 2138 satis
948 2100 1014 2146 est,
1059 2100 1208 2139 nullam
1239 2100 1588 2139 diffimilitudinem
1623 2099 1693 2137 effe
1730 2099 1769 2137 in

371 2182 531 2222 genere:
565 2182 649 2219 quae
671 2167 695 2204 si
717 2165 820 2211 effet,
852 2180 927 2204 non
951 2180 1024 2204 una
1043 2180 1178 2204 omnes
1198 2166 1373 2204 definitio
1398 2166 1626 2203 contineret,
1674 2166 1769 2203 Ete-

371 2235 454 2272 nim
477 2233 584 2276 ratio,
615 2245 690 2284 qua
709 2245 782 2269 una
802 2231 1019 2284 praestamus
1053 2232 1205 2276 belluis,
1237 2245 1302 2284 per
1322 2245 1439 2284 quam
1466 2230 1683 2282 conjed'turfi
1703 2242 1768 2266 va-

371 2301 512 2342 lemus,
546 2307 871 2350 argumentamur,
905 2296 1131 2342 refellimus,
1168 2297 1397 2341 differimus,
1435 2296 1666 2335 conficimus
1697 2296 1769 2333 ali-

372 2365 481 2418 quid,
527 2363 811 2407 concludimus,
856 2373 956 2400 ccrtc
990 2363 1041 2401 cst
1075 2363 1297 2401 communis
1319 2381 1329 2406 ς
1372 2362 1543 2400 doctrina
1575 2360 1769 2404 differem,

372 2430 541 2469 discendi
576 2429 733 2481 quidem
756 2427 935 2466 facultate
959 2443 1034 2482 par.
1097 2430 1202 2468 Nam
1233 2438 1271 2467 et
1292 2427 1455 2466 sensibus
1487 2427 1617 2465 eadem
1639 2427 1770 2464 onmia

371 2493 779 2549 comprehenduntur,
817 2504 854 2532 ct
889 2508 943 2539 ca,
975 2509 1058 2547 qua:
1090 2502 1246 2534 movent
1274 2492 1412 2538 sensus,
1444 2492 1580 2531 itidem
1611 2500 1769 2531 movent
