2223 3003
695 265 972 305 LIBER
1036 265 1399 305 PRIMUS.
1672 269 1745 323 183

344 366 485 411 amici;
517 374 631 419 atque
651 366 704 405 ita
720 367 844 420 placet
865 367 1016 412 Stoicis,
1034 381 1118 419 quae
1138 368 1178 405 in
1201 368 1307 405 terris
1322 368 1550 420 gignuntur,
1568 368 1614 406 ad
1636 368 1750 408 usum

345 432 556 471 hominum
577 434 709 471 omnia
728 433 859 477 creari,
881 432 1059 471 homines
1077 444 1206 471 autem
1229 432 1438 472 hominum
1459 434 1568 472 causa
1587 433 1658 472 ess'e
1677 449 1747 487 ge-

345 508 510 543 neratos,
542 508 585 537 ut
604 499 673 552 ips1
694 499 793 536 inter
812 497 862 542 se,
894 498 977 535 aliis
998 498 1063 534 alii
1083 497 1252 549 prodess‘e
1271 499 1445 550 poffent;
1477 501 1516 537 in
1537 499 1612 538 hoc
1633 510 1748 539 natu-

345 578 427 603 ram
447 565 632 604 debemus
653 564 793 602 ducem
814 562 934 614 sequi,
966 576 1194 601 communes
1216 564 1399 602 utilitates
1421 566 1460 602 in
1482 567 1658 605 medium
1688 566 1748 606 af·
1792 598 1797 605 .

345 629 458 676 ferre,
490 630 704 668 mutatione
735 628 970 672 officiorum,
1005 628 1143 673 dando,
1175 628 1400 680 accipiendo
1419 645 1428 667 :
1472 640 1557 669 tum
1589 632 1749 679 artibus,

346 705 432 734 tum
453 708 578 747 opera,
611 704 695 733 turn
715 693 964 732 facultatibus
997 693 1189 732 devincire
1215 693 1424 733 hominum
1451 696 1551 735 inter
1570 696 1749 738 homines

345 761 578 800 societatem.

402 827 720 866 Fundamentum
739 827 793 866 est
813 837 940 867 autem
958 827 1116 879 justitiae
1136 827 1229 866 fides
1245 847 1257 874 3
1289 828 1329 867 id
1345 829 1410 874 est,
1425 829 1630 875 dictorum,
1652 844 1749 869 con-

344 902 628 946 ventorumque
648 893 858 932 constantia
879 903 916 931 ct
937 895 1087 933 veritas.
1147 895 1208 933 Ex
1230 909 1308 947 quo
1330 896 1572 948 (quanquam
1593 895 1668 935 hoc
1688 897 1750 934 vi-

344 959 498 998 debitur
526 959 676 999 fortaffe
707 962 877 1015 cuipiam
912 961 1058 1007 durius,
1090 971 1218 1000 tamen
1239 963 1445 1000 audeamus
1475 963 1619 1001 imitari
1647 964 1750 1002 Stoi-

344 1038 424 1071 cos,
458 1027 527 1079 qui
561 1027 725 1065 studiose
755 1028 978 1080 exquirunt,
1012 1028 1113 1065 unde
1144 1028 1257 1066 verba
1277 1028 1349 1066 fint
1370 1029 1500 1080 ducta)
1534 1028 1748 1075 credamus,

345 1093 437 1145 quia
457 1092 536 1137 fiat,
568 1093 674 1145 quod
695 1094 843 1132 dictum
863 1094 929 1139 est,
951 1094 1180 1147 appellatam
1202 1094 1334 1133 fidem.
1376 1094 1447 1132 Sed
1468 1094 1661 1146 injustitiae
1680 1108 1750 1148 ge-

345 1172 433 1196 nera
453 1159 530 1197 duo
550 1159 661 1197 sunt:
693 1174 816 1198 unum
837 1174 985 1205 eorum,
1008 1160 1076 1212 qui
1096 1159 1294 1205 inferunt;
1327 1160 1490 1198 alterum
1511 1174 1658 1206 eorum,
1682 1160 1752 1213 qui

344 1224 391 1263 ab
411 1225 473 1270 iis,
495 1225 638 1277 quibus
659 1224 836 1271 infertur,
854 1226 879 1263 fi
900 1226 1054 1278 possint,
1069 1239 1146 1265 non
1165 1226 1388 1279 propulsant
1408 1227 1604 1278 injuriam.
1627 1227 1751 1272 Nam,

344 1290 413 1343 qui
434 1290 572 1342 injuste
592 1291 787 1344 impetum
805 1292 846 1330 in
866 1292 1092 1344 quempiam
1113 1291 1220 1337 facit,
1246 1301 1311 1330 aut
1331 1292 1398 1337 ira,
1429 1301 1495 1330 aut
1514 1292 1643 1344 aliqua
1662 1305 1752 1345 per-

344 1356 563 1394 turbatione
583 1357 779 1403 incitatus‚
810 1358 842 1396 is
875 1357 979 1410 quasi
999 1371 1136 1396 manus
1169 1357 1301 1395 afferre
1321 1358 1472 1396 videtur
1503 1357 1618 1396 socio.
1668 1357 1754 1410 Qi

346 1431 476 1461 autem
496 1436 573 1461 non
595 1422 781 1468 defendit,
812 1437 883 1462 nec
914 1423 1073 1470 obsistit,
1104 1423 1131 1462 fi
1157 1424 1293 1477 potest,
1324 1424 1487 1477 injuriae,
1519 1433 1599 1463 tam
1630 1424 1683 1462 est
1710 1424 1754 1462 in

346 1488 457 1532 vitio,
479 1502 597 1539 quam
618 1490 643 1527 fi
665 1499 850 1541 parentes,
876 1499 941 1528 aut
960 1490 1120 1535 amicos,
1152 1499 1217 1528 aut
1237 1491 1401 1543 patriam
1421 1490 1575 1529 deserat.
1620 1492 1755 1543 Atque

348 1552 423 1591 illae
444 1553 603 1604 quidem
625 1553 786 1605 injuriae,
817 1569 901 1607 quae
922 1555 1084 1593 nocendi
1096 1553 1224 1593 <kausa
1244 1556 1290 1593 de
1311 1557 1495 1594 industria
1514 1555 1750 1601 inferuntur,

349 1617 441 1671 saepe
468 1631 488 1655 a
522 1628 629 1656 metu
660 1619 980 1671 proficiscuntur;
1013 1634 1106 1658 cum
1137 1621 1183 1664 is,
1218 1621 1287 1671 qui
1307 1635 1442 1658 nocere
1463 1622 1570 1658 alteri
1590 1622 1751 1673 cogitat,

347 1685 460 1722 timet
481 1698 542 1729 ne,
561 1685 629 1722 nifi
650 1685 689 1723 id
708 1684 854 1730 fecerit,
872 1686 950 1738 ipse
969 1686 1099 1738 aliquo
1119 1685 1306 1724 afficiatur
1325 1686 1591 1725 incommodo.
1615 1687 1751 1726 Maxi-

347 1763 453 1788 mam
489 1760 617 1788 autem
651 1760 800 1802 partem
831 1751 876 1788 ad
909 1752 1091 1803 injuriam
1121 1751 1338 1790 faciendam
1374 1752 1661 1805 aggrediuntur,
1707 1761 1752 1791 ut

347 1816 603 1870 adipiscantur
623 1831 677 1862 ea,
710 1831 794 1870 quae
814 1818 1145 1872 concupiverunt,
1178 1818 1218 1856 in
1239 1832 1317 1871 quo
1337 1819 1432 1858 vitio
1450 1818 1627 1857 latissime
1647 1828 1752 1871 patet

347 1883 512 1921 avaritia.

401 1949 514 1987 VIII.
539 1949 789 2001 Expetuntur
809 1959 938 1988 autem
958 1949 1102 1988 divitiae
1123 1958 1209 1988 tum
1229 1949 1276 1988 ad
1296 1950 1383 1989 usus
1403 1951 1490 1989 vitae
1511 1950 1749 1997 necessarios,

347 2024 433 2054 tum
453 2015 500 2053 ad
519 2014 765 2068 perfruendas
786 2017 1016 2070 voluptates.
1059 2018 1104 2056 In
1125 2017 1268 2070 quibus
1287 2027 1418 2056 autem
1439 2018 1563 2070 major
1593 2018 1646 2056 est
1666 2019 1750 2057 ani-

346 2094 449 2125 mus,
480 2080 520 2118 in
552 2081 598 2119 iis
619 2082 792 2134 pecuniae
812 2082 1002 2135 cupiditas
1022 2081 1163 2135 spectat
1181 2083 1227 2121 ad
1247 2095 1352 2135 opes,
1387 2091 1425 2120 et
1444 2082 1490 2120 ad
1510 2083 1751 2134 gratificandi

346 2145 597 2192 facultatem,
630 2158 673 2186 ut
704 2161 825 2201 nuper
845 2149 908 2187 M.
934 2147 1084 2187 Craffus
1105 2148 1280 2200 negabat,
1316 2148 1439 2188 ullam
1460 2148 1546 2186 satis
1568 2163 1751 2202 magnam

345 2212 550 2266 pecuniam
566 2212 635 2250 effe
655 2213 703 2259 ei,
722 2214 790 2265 qui
806 2213 846 2250 in
868 2213 1064 2266 republica
1078 2213 1255 2266 princeps
1275 2213 1390 2251 vellet
1405 2212 1489 2258 effe,
1512 2216 1621 2266 cujus
1641 2214 1750 2253 fruc-

346 2279 450 2318 tibus
470 2279 684 2317 exercitum
705 2279 802 2316 alere
823 2292 899 2318 non
920 2277 1052 2331 posset.
1100 2279 1304 2317 Delectant
1323 2280 1440 2318 etiam
1461 2280 1661 2333 magnifici
1681 2295 1751 2334 ap·

347 2354 511 2397 paratus,
542 2346 708 2398 vitaeque
739 2345 867 2383 cultus
889 2359 981 2383 cum
1015 2345 1203 2398 elegantia
1231 2354 1270 2384 et
1289 2347 1425 2399 copia;
1458 2347 1602 2399 quibus
1635 2347 1750 2386 rebus

347 2409 528 2449 effeetum
563 2411 629 2456 est,
661 2420 703 2450 ut
737 2410 888 2449 infinita
907 2411 1078 2464 pecuniae
1112 2410 1301 2464 cupiditas
1322 2411 1422 2450 effet.
1470 2413 1557 2451 Nec
1586 2426 1676 2452 vero
1695 2413 1750 2451 rei

347 2473 547 2515 familiaris
567 2477 831 2530 amplificatio,
854 2477 1002 2516 nemini
1022 2490 1178 2522 nocenS,
1205 2477 1452 2531 vituperanda
1466 2497 1478 2525 3
1511 2478 1572 2516 sed
1591 2477 1748 2531 fugien-

349 2540 396 2578 da
416 2539 563 2593 semper
581 2542 721 2594 injuria
739 2543 805 2582 est.

405 2605 584 2646 Maxime
617 2616 746 2648 autem
779 2609 1023 2650 adducuntur
1054 2607 1242 2663 plerique,
1279 2617 1323 2649 ut
1350 2621 1412 2649 eos
1437 2608 1593 2662 justitia:
1624 2607 1750 2662 capiat
