2223 3003
500 288 579 324 412
803 269 1601 312 PHILOSOPHICORUM

764 514 1636 589 TlMAEUS,

1080 684 1223 720 SEU

689 818 792 856 DE
862 817 1708 859 UNIVERSITATE.

493 971 772 1045 LMULTA
804 961 891 1001 sunt
921 976 942 1001 a
972 962 1085 1002 nobis
1115 972 1154 1002 et
1183 963 1225 1002 in
1258 962 1504 1002 Academicis
1535 963 1752 1018 conscripta
1768 973 1904 1005 contra
1939 993 1948 996 -

655 1028 845 1083 phyficos,
881 1039 920 1068 et
953 1029 1048 1084 saepe
1079 1043 1172 1069 cum
1194 1031 1238 1069 P.
1261 1030 1442 1083 Nigidio,
1477 1030 1698 1070 Carneadeo
1727 1045 1835 1071 more
1862 1040 1903 1071 et

491 1095 610 1134 modo
641 1097 842 1151 disputata.
888 1098 982 1136 Fuit
1009 1098 1116 1136 enim
1147 1098 1205 1137 vir
1233 1097 1299 1136 ille
1323 1095 1417 1136 cum
1447 1098 1594 1137 caeterIS
1622 1098 1783 1145 artibus,
1815 1111 1904 1152 quae

491 1165 653 1217 quidem
673 1165 798 1218 dignae
817 1164 940 1203 libero
959 1164 1089 1210 effent,
1113 1174 1269 1204 ornatus
1289 1165 1489 1211 omnibus,
1520 1174 1608 1204 tum
1638 1179 1724 1204 acer
1742 1165 1901 1205 investi·

489 1240 614 1284 gater,
634 1241 672 1270 et
692 1231 858 1284 diligens
877 1245 1009 1270 earum
1029 1245 1173 1278 rerum,
1198 1245 1284 1285 quae
1303 1245 1324 1270 a
1343 1240 1476 1270 natura
1503 1232 1688 1271 involutoe
1706 1231 1899 1270 videntur.

490 1298 674 1351 Denique
694 1298 744 1336 fic
758 1297 910 1350 judico,
945 1297 1029 1350 post
1045 1298 1135 1336 illos
1165 1297 1315 1336 nobiles
1337 1295 1610 1351 Pythagoreos,
1633 1310 1801 1351 quorum
1822 1295 1902 1335 dis-

489 1363 634 1417 ciplina
652 1364 821 1402 extincta
850 1363 904 1401 est
923 1363 1228 1417 quodammodo,
1262 1377 1355 1403 cum
1389 1363 1538 1417 aliquot
1567 1363 1690 1402 secula
1718 1363 1758 1402 in
1791 1362 1902 1402 Italia

490 1430 698 1483 Siciliaque
729 1430 945 1482 viguissent,
982 1429 1089 1468 hunc
1109 1430 1286 1476 extitisse,
1317 1431 1386 1483 qui
1418 1430 1527 1469 illam
1559 1438 1769 1469 renovaret.
1816 1429 1900 1482 Qi

489 1510 581 1534 cum
603 1510 680 1541 me,
711 1497 750 1534 in
773 1496 958 1534 Ciliciam
978 1495 1302 1548 proficiscentem,
1324 1494 1465 1550 Ephesi
1486 1495 1794 1550 exped'taviffenn
1814 1495 1900 1534 Ro-

489 1577 594 1601 mam
615 1576 661 1601 ex
692 1563 884 1616 legatione
917 1562 996 1616 ipse
1015 1562 1201 1602 decedens
1217 1581 1230 1609 ;
1260 1562 1495 1616 venissetque
1524 1562 1660 1601 eodem
1692 1562 1899 1615 Mytilenis

489 1630 567 1668 mei
588 1629 773 1668 salutandi
793 1638 831 1668 et
851 1628 995 1668 visendi
1013 1629 1122 1668 causa
1143 1630 1367 1684 Cratippus,
1392 1629 1738 1683 Peripateticorum
1765 1629 1897 1667 omni-

487 1710 570 1742 um,
602 1709 698 1749 quos
730 1695 891 1749 quidem
922 1709 995 1750 ego
1015 1697 1242 1743 audiverim,
1274 1711 1361 1735 meo
1375 1697 1529 1750 judicio
1553 1695 1666 1735 facile
1686 1696 1865 1750 princeps
1886 1714 1896 1739 ;

487 1763 720 1816 perlibenter
739 1772 777 1801 et
797 1762 1008 1816 Nigidium
1028 1763 1121 1809 vidi,
1139 1773 1177 1802 et
1195 1764 1429 1817 Cratippum
1446 1764 1626 1818 cognovi.
1645 1765 1705 1802 Ac
1721 1763 1898 1816 primum

485 1829 645 1881 quidem
663 1838 816 1881 tempus
833 1828 1139 1875 salutationibus,
1156 1829 1351 1882 reliquum
1364 1831 1668 1883 percontatione,
1685 1829 1897 1882 consump-

486 1895 615 1933 fimus.
648 1896 672 1920 ἕ
690 1897 714 1920 ³*
733 1897 756 1919 ³³*

543 1962 594 2000 ΙΙ.
627 1960 737 2013 Qid
757 1959 824 2004 est,
855 1959 960 2011 quod
981 1959 1128 2013 semper
1147 1960 1205 2006 sit,
1228 1973 1353 2013 neque
1374 1960 1499 2000 ullum
1532 1960 1647 1999 habet
1667 1961 1826 1999 ortum?
1858 1970 1896 2000 et

485 2027 590 2080 quod
620 2028 813 2080 gignatur,
851 2039 921 2065 nec
956 2040 1130 2079 unquam
1161 2027 1237 2065 fit?
1270 2029 1452 2081 Qorum
1473 2028 1637 2066 alterum
1670 2028 1893 2080 intelligen-

484 2095 537 2132 tia
556 2102 594 2131 et
616 2094 759 2131 ratione
779 2091 1145 2145 comprehenditur3
1179 2094 1283 2145 quod
1306 2107 1429 2132 unum
1451 2093 1611 2148 semper,
1643 2104 1757 2147 atque
1787 2094 1893 2132 idem

484 2161 562 2199 est:
601 2161 779 2205 alterum,
811 2159 917 2212 quod
951 2159 1061 2198 affert
1088 2161 1316 2214 opinionem
1351 2175 1418 2213 per
1452 2161 1591 2207 sensus,
1634 2161 1790 2200 rationis
1824 2174 1894 2200 ex-

484 2242 598 2280 pers;
644 2228 749 2280 quod
782 2233 910 2266 totum
944 2227 1140 2280 opinabile
1172 2227 1249 2274 est,
1280 2228 1320 2266 id
1349 2228 1525 2281 gignitur
1555 2238 1594 2267 et
1625 2229 1780 2273 interit,
1823 2241 1892 2267 nec

485 2308 656 2346 unquam
692 2294 762 2333 effe
790 2308 873 2332 vere
906 2294 1041 2347 potest.
1089 2295 1222 2333 Omne
1240 2303 1371 2333 autem
1397 2295 1502 2347 quod
1523 2295 1712 2348 gignitur,
1747 2307 1793 2332 cx
1821 2295 1892 2332 ali-

484 2374 559 2413 qua
593 2360 700 2398 causa
733 2361 842 2414 gigni
876 2359 1019 2399 necesse
1051 2361 1130 2399 est:
1163 2361 1310 2400 nullius
1343 2361 1450 2399 enim
1480 2361 1546 2405 rei,
1592 2360 1700 2399 causa
1733 2371 1892 2406 remota,

486 2427 636 2480 reperiri
668 2429 777 2480 origo
808 2429 943 2481 potest.
990 2428 1186 2481 roirca
1217 2428 1242 2466 si
1278 2428 1323 2473 is,
1354 2428 1422 2481 qui
1452 2428 1607 2481 aliquod
1630 2442 1772 2466 munus
1807 2429 1893 2466 cffi-

484 2508 568 2532 cerc
600 2495 775 2540 molitur,
817 2510 900 2534 cam
942 2495 1120 2549 speciem,
1165 2510 1250 2548 qua:
1283 2495 1429 2549 semper
1462 2496 1513 2534 cst
1543 2496 1690 2540 cadem,
1722 2496 1891 2533 intuebi-

486 2569 560 2605 tur,
592 2571 705 2614 atquc
737 2576 820 2600 cnm
854 2563 920 2602 fibi
952 2572 1140 2616 proponet
1174 2562 1383 2615 exemplar,
1419 2562 1642 2616 praeclarum
1677 2576 1775 2615 opus
1804 2561 1889 2600 etii·
