2223 3003
691 262 967 302 LIBER
1024 261 1521 301 SECUNDUS.
1751 278 1805 317 79

474 363 625 402 XLIII.
659 363 695 400 O
717 363 982 401 delirationem
1003 362 1293 401 incredibileml
1318 375 1395 400 non
1415 362 1520 400 enim
1551 362 1677 401 omnis
1703 377 1808 401 error

421 428 578 467 stultitia
607 429 659 466 est
687 428 857 466 dicenda.
894 428 1050 478 Qibus
1079 429 1196 466 etiam
1227 429 1420 480 Diogenes
1453 429 1600 467 Stoicus
1630 431 1807 468 concedit

419 495 579 547 aliquid,
611 503 654 532 ut
672 494 874 547 praedicere
893 493 1031 544 poffint
1061 493 1244 530 duntaxat
1263 494 1385 544 qualis
1406 494 1566 546 quisque
1591 496 1735 540 natura,
1766 505 1804 533 et

419 560 465 597 ad
494 574 611 612 quam
631 559 791 610 quisque
821 558 989 595 maxime
1020 570 1097 594 rem
1120 566 1229 609 aptus
1249 557 1401 595 futurus
1426 560 1483 596 fit.
1529 562 1685 605 Caetera,
1720 576 1804 613 quae

416 625 678 677 profiteantur,
711 631 823 675 negat
854 622 935 660 ullo
966 622 1083 660 modo
1110 621 1211 673 poss‘e
1242 621 1353 660 sciri:
1389 624 1533 660 etenim
1559 627 1803 676 geminorum

418 688 558 727 formas
579 688 649 726 effe
670 688 824 732 similes,
856 688 975 725 vitam
1006 697 1119 739 atque
1138 686 1334 725 fortunam
1353 688 1581 740 plerumque
1601 690 1800 742 disparem.

418 754 570 793 Procles
600 763 638 792 et
657 752 929 804 Eurysthenes,
960 753 1342 791 Lacedaemoniorum
1367 767 1485 806 reges,
1507 755 1651 806 gemini
1672 755 1802 794 fratres

417 819 585 858 fuerunt.
630 821 685 857 At
715 818 757 856 hi
789 832 858 857 nec
879 819 1039 857 totidem
1060 832 1177 857 annos
1196 819 1374 857 vixerunt
1390 838 1402 864 ς
1434 833 1532 857 anno
1551 821 1656 858 enim
1678 822 1803 859 Procli

414 887 492 924 vita
524 885 673 923 brevior
701 884 792 930 fuit,
825 886 1073 937 multumque
1103 886 1134 923 is
1173 884 1279 923 fratri
1312 899 1439 924 rerum
1468 886 1654 938 gestarum
1683 887 1803 938 gloria

413 951 598 1005 praestitit.
630 954 684 990 At
714 965 785 1004 ego
817 951 856 988 id
887 952 1027 1004 ipsum,
1059 951 1164 1004 quod
1193 952 1250 989 vir
1267 952 1439 1004 optimus
1466 953 1660 1005 Diogenes
1681 953 1801 991 Chal-

414 1017 518 1062 daeis,
540 1017 641 1070 quafi
662 1018 825 1069 quadam
843 1018 1158 1069 praevaricatione‚
1179 1018 1370 1063 concedit,
1386 1032 1483 1071 nego
1502 1019 1601 1071 poffe
1622 1019 1801 1072 intelligi.

415 1084 574 1121 Etenim
595 1097 702 1128 cum,
735 1093 778 1121 ut
808 1084 875 1136 ipfi
896 1083 1044 1128 dicunt,
1072 1094 1177 1122 ortus
1203 1084 1441 1122 nascentium
1461 1085 1552 1122 luna
1571 1085 1800 1130 moderetur,

414 1162 532 1201 eaque
552 1149 850 1187 animadvertant
870 1158 907 1186 et
927 1159 1059 1186 notent
1080 1149 1194 1186 sidera
1215 1150 1382 1187 natalitia
1401 1149 1587 1195 Chaldaei,
1618 1165 1800 1203 quaecun-

413 1228 488 1267 que
508 1215 608 1252 lunae
621 1216 756 1266 juncta
774 1214 971 1251 videantur
986 1232 998 1258 ;
1029 1214 1232 1252 oculorum
1253 1214 1489 1252 fallaciffimo
1508 1216 1614 1253 sensu
1627 1217 1804 1267 judicant

413 1293 470 1325 ea,
491 1294 574 1332 quae
595 1280 738 1317 ratione
758 1288 871 1330 atque
890 1279 1021 1317 animo
1040 1279 1165 1317 videre
1188 1279 1391 1318 debebant.
1438 1281 1564 1318 Docet
1583 1281 1688 1319 enim
1708 1282 1804 1320 ratio

413 1344 792 1390 mathematicorum,
806 1359 924 1397 quam
939 1345 1017 1383 istis
1033 1355 1164 1384 notam
1177 1345 1246 1384 effe
1258 1346 1470 1398 oportebat,
1485 1356 1625 1399 quanta
1636 1346 1802 1385 humili-

414 1421 489 1449 tate
501 1412 593 1450 luna
604 1411 744 1449 feratur
756 1419 895 1449 terram
907 1424 1003 1464 pene
1017 1411 1242 1464 contingens
1251 1430 1262 1456 5
1281 1423 1470 1464 quantum
1485 1413 1578 1451 abfit
1592 1427 1612 1450 a
1627 1414 1804 1465 proxima

416 1476 604 1513 Mercurii
623 1477 739 1521 stella,
761 1476 888 1514 multo
907 1485 1036 1514 autem
1056 1476 1209 1528 longius
1235 1491 1256 1515 a
1274 1477 1432 1515 Veneris
1448 1496 1461 1523 3
1492 1478 1626 1516 deinde
1646 1478 1719 1517 alio
1740 1480 1802 1516 in-

415 1540 573 1578 tervallo
603 1540 712 1578 distet
743 1554 763 1578 a
782 1541 869 1586 sole,
899 1542 1009 1592 cujus
1036 1540 1184 1578 lumine
1203 1542 1410 1580 collustrari
1439 1553 1605 1595 putatur.
1638 1544 1804 1595 Reliqua

414 1619 503 1644 vero
532 1606 603 1643 tria
634 1606 830 1643 intervalla
860 1606 1010 1643 infinita
1033 1616 1070 1643 et
1100 1607 1299 1651 immensa,
1329 1621 1350 1644 a
1379 1607 1454 1645 sole
1474 1609 1519 1646 ad
1539 1609 1692 1652 Martis,
1715 1609 1802 1645 inde

414 1671 460 1708 ad
479 1671 602 1720 Jovis,
633 1671 679 1708 ab
700 1684 743 1707 eo
774 1670 819 1706 ad
840 1670 989 1707 Saturni
1008 1670 1168 1714 stellam,
1203 1671 1291 1708 inde
1310 1672 1356 1708 ad
1375 1672 1514 1709 caelum
1535 1672 1673 1724 ipsum,
1696 1674 1799 1725 quod

413 1744 630 1773 extremum
649 1744 762 1786 atque
783 1734 969 1772 ultimum
990 1736 1128 1773 mundi
1144 1736 1209 1773 est.
1233 1737 1330 1786 Qae
1350 1737 1471 1788 potest
1486 1738 1605 1789 igitur
1624 1739 1803 1790 contagio

413 1814 459 1839 ex
477 1800 630 1839 infinito
650 1813 745 1852 pene
765 1799 962 1839 intervallo
981 1801 1168 1852 pertinere
1188 1801 1234 1838 ad
1254 1801 1400 1846 lunam,
1432 1803 1490 1840 vel
1511 1803 1637 1855 potius
1658 1804 1703 1841 ad
1725 1813 1800 1841 ter-

415 1880 494 1905 ram
514 1867 526 1903 Ξ

467 1931 617 1970 XLIV.
648 1931 786 1982 Qid?
818 1945 909 1970 cum
939 1931 1075 1969 dicunt
1108 1932 1162 1976 id,
1197 1932 1302 1984 quod
1334 1932 1378 1971 iis
1411 1933 1535 1970 dicere
1566 1934 1706 1972 neceffe
1735 1935 1801 1980 est,

413 2011 546 2036 omnes
566 1998 745 2036 omniurn
765 2006 884 2042 ortus,
902 1998 1141 2050 quicumque
1161 1999 1367 2050 gignantur
1395 1999 1434 2036 in
1455 2000 1563 2036 omni
1583 2009 1691 2044 terra,
1719 2015 1803 2052 quae

414 2063 615 2109 incolatur,
656 2064 807 2102 eosdem
835 2063 919 2109 effe,
961 2064 1170 2116 eademque
1200 2065 1396 2108 omnibus,
1441 2065 1509 2116 qui
1538 2065 1673 2103 eodem
1707 2067 1801 2104 statu

413 2129 496 2168 caeli
526 2138 564 2168 et
593 2129 785 2167 stellarum
817 2130 894 2167 nati
928 2129 1014 2174 fint‚
1044 2129 1212 2167 accidere
1242 2129 1387 2167 neceffe
1414 2130 1484 2167 effe
1501 2148 1512 2174 ;
1550 2144 1676 2168 nonne
1702 2132 1801 2183 ejus-

413 2196 520 2235 modi
553 2194 654 2240 sunt,
695 2205 738 2233 ut
771 2209 818 2233 ne
846 2195 929 2233 caeli
958 2195 1117 2247 quidem
1147 2206 1322 2233 naturam
1352 2197 1572 2248 interpretes
1603 2196 1690 2234 istos
1719 2198 1801 2235 caeli

415 2261 514 2300 noffe
535 2261 738 2314 appareat?
771 2262 876 2299 Cum
896 2261 1002 2298 enirn
1030 2260 1088 2298 illi
1111 2261 1234 2305 orbes,
1262 2261 1329 2312 qui
1349 2261 1486 2299 caelum
1507 2262 1609 2313 quali
1629 2263 1802 2300 medium

414 2328 605 2373 dividunt,
648 2337 685 2366 et
721 2327 914 2380 aspectum
950 2326 1120 2364 nostrum
1151 2326 1355 2371 definiunt,
1399 2328 1447 2378 (a
1481 2328 1625 2365 Graecis
1659 2325 1802 2381 ἑξιζωτες

416 2393 675 2438 nominantur,
697 2406 717 2430 a
736 2393 846 2431 nobis
867 2392 1041 2430 finientes
1062 2392 1260 2430 reftiffime
1280 2393 1468 2431 nominari
1489 2393 1656 2446 possunt)
1681 2394 1801 2430 varie-

419 2464 534 2494 tatem
555 2459 764 2497 maximam
789 2457 968 2503 habeant,
1003 2458 1144 2509 aliique
1164 2459 1203 2495 in
1233 2458 1315 2496 aliis
1347 2459 1440 2496 locis
1463 2459 1547 2503 sint,
1579 2458 1719 2496 necefl'e
1749 2458 1800 2494 est

417 2530 522 2558 ortus
543 2523 766 2574 occasusque
786 2524 949 2561 siderum
983 2537 1060 2561 non
1093 2523 1175 2561 fieri
1208 2524 1342 2561 eodem
1376 2534 1547 2576 tempore
1579 2524 1677 2575 apud
1711 2536 1798 2559 om-

417 2599 497 2626 nes.
546 2587 664 2639 Qod
693 2587 720 2624 fi
752 2601 886 2626 eorum
919 2589 957 2625 vi
989 2588 1127 2626 caelum
1159 2589 1276 2626 rnodo
1309 2587 1398 2632 hoc,
1433 2588 1548 2626 modo
1584 2588 1652 2625 illo
1683 2587 1802 2624 modo
