2223 3003
739 225 1260 266 PARADOXA.
1627 231 1704 285 367

296 326 416 380 igitur
445 325 512 364 ina
540 325 841 378 eloquentissimi
871 326 957 372 viri,
994 328 1043 366 L.
1067 326 1200 373 Craffi,
1231 326 1384 380 copiosa
1415 327 1550 382 magis,
1583 344 1703 383 quam

297 393 457 446 sapiens,
475 393 598 432 oratio
615 393 628 430 ?
651 393 797 446 Eripite
815 407 876 432 uos
893 408 935 432 ex
941 394 1142 447 firvitute.
1167 394 1265 446 Qae
1284 393 1337 432 est
1357 394 1424 432 ista
1443 395 1601 435 servitus
1622 406 1703 436 tam

296 459 399 498 claro
418 458 587 505 homini,
608 468 767 511 tamque
787 459 908 497 nobili
928 461 941 496 ?
975 461 1118 498 Omnis
1139 460 1260 498 animi
1278 460 1481 506 debilitati,
1509 471 1547 501 et
1565 461 1702 502 humi-

296 525 359 571 lis,
391 535 430 565 et
447 525 558 565 fraffl
578 525 764 565 timiditas
785 525 943 564 servitus
963 526 1030 564 est.
1076 527 1200 565 Nolite
1214 527 1336 578 fines-e
1354 541 1415 566 nos
1434 529 1597 582 cuiquam
1612 532 1701 584 fir-

295 593 391 632 vire.
437 594 483 632 In
503 593 720 631 libertatem
741 591 927 630 vindicari
948 592 1059 630 vult?
1096 593 1274 632 minime.
1313 594 1420 645 Qid
1438 596 1542 634 enim
1563 597 1702 649 adjun-

295 660 384 712 git?
415 660 484 711 ngst
503 659 604 698 v'obis
622 657 808 708 univeffis,
842 658 1067 708 (dominum
1089 667 1352 703 mutare,.non
1373 660 1472 698 liber
1491 662 1573 707 esse,
1597 664 1697 715 vult)

295 724 421 778 quibus
438 735 474 763 et
485 723 662 778 pfftmus
679 732 716 762 et
734 722 904 762 debemus.
937 723 1022 761 Nos
1044 736 1147 768 ver0,
1169 724 1195 761 fi
1216 725 1374 776 quidem
1394 727 1524 764 animo
1539 729 1699 774 excelso,

294 800 334 828 et
353 790 445 835 alto,
472 799 510 828 et
529 789 737 828 virtutibus
757 798 984 842 exaggerato
1003 789 1149 835 sumus,
1171 803 1240 828 nec
1260 790 1459 837 debemus,
1481 805 1553 830 nec
1572 794 1700 845 pofl'u-

294 870 398 896 mus.
444 858 511 895 Tu
541 857 642 910 pofl'e
674 866 710 894 te
741 856 877 901 dicito,
909 857 1095 909 quoniam
1125 857 1285 909 quidem
1315 868 1423 911 potes
1441 873 1449 897 ε
1483 859 1619 897 debere
1654 875 1702 899 ne

294 922 436 961 dixeris
453 941 466 967 3
498 924 684 976 quoniam
703 922 804 961 nihil
825 923 1031 976 quisquam
1051 923 1179 968 debet,
1211 924 1279 962 nifi
1296 925 1401 976 quod
1421 925 1472 963 est
1494 935 1603 978 turpe
1623 940 1708 965 non.

293 989 461 1028 reddere.
494 990 566 1029 Sed
583 988 664 1028 haec
685 988 882 1028 haetenus.
926 989 996 1028 Ille
1015 990 1154 1035 videat,
1177 991 1375 1042 quomodo
1394 992 1601 1044 imperator
1630 992 1701 1030 effe

294 1055 420 1107 poffit,
438 1069 531 1095 cum
548 1070 640 1096 eum
660 1069 707 1095 ne
727 1056 895 1095 liberum
916 1056 1077 1109 quidem
1097 1055 1168 1094 effe
1184 1058 1278 1096 ratio
1298 1067 1335 1096 et
1356 1058 1490 1096 veritas
1511 1058 1589 1111 ipsa
1604 1072 1709 1098 con--

291 1131 435 1160 vlncat.

713 1268 1139 1305 PARADoon
1201 1268 1279 1306 VI.

753 1357 823 1401 “Orc
844 1365 937 1414 μόνος
957 1367 971 1402 ὁ
994 1365 1087 1412 πφὶς
1113 1363 1267 1405 πλέως.

711 1427 828 1466 Solum
833 1427 1036 1479 fhptkntenz
1055 1426 1115 1481 eff&
1133 1427 1296 1466 divitem.

293 1535 325 1572 Ι,
344 1532 496 1621 QUAE
528 1525 581 1564 est
609 1525 675 1563 ista
702 1526 743 1564 in
774 1528 1115 1566 commemoranda
1145 1527 1310 1580 pecunia
1340 1536 1405 1566 tua
1425 1537 1504 1568 tam
1534 1530 1700 1570 insolens

450 1593 684 1632 ostentatio?
731 1591 880 1631 solusne
914 1602 958 1631 tu
991 1593 1127 1631 dives?
1172 1592 1276 1632 Proh
1322 1594 1393 1632 Dii
1431 1595 1695 1635 immortales!

291 1674 413 1715 egone
441 1674 505 1699 me
525 1659 704 1698 audiviffe
734 1659 895 1712 aliquid,
924 1669 962 1698 et
992 1659 1162 1699 didicisse
1191 1675 1269 1700 non
1296 1662 1510 1714 gaudeam?
1543 1664 1703 1702 Solusne

291 1738 334 1766 tu
356 1728 459 1765 dives
479 1729 491 1764 ?
515 1727 624 1779 Qid
639 1725 665 1764 fi
687 1739 734 1764 ne
749 1726 852 1764 dives
874 1727 1034 1779 quidem
1055 1727 1067 1763 ?
1088 1727 1183 1780 quid
1200 1727 1224 1765 fi
1242 1741 1385 1780 pauper
1402 1729 1517 1767 etiam
1534 1730 1546 1766 ?
1566 1731 1699 1781 Qem

291 1795 399 1833 enim
433 1794 690 1846 intelligimus
724 1793 916 1831 divitem?
947 1803 1013 1832 aut
1047 1792 1122 1832 hoc
1157 1795 1320 1833 verbum
1350 1795 1390 1833 in
1425 1810 1505 1848 quo
1538 1795 1699 1835 homine

290 1861 509 1914 ponimus?
543 1860 695 1913 Opinor
715 1860 754 1898 in
775 1873 834 1905 ee,
867 1860 931 1898 cui
951 1869 1055 1899 tanta
1085 1860 1255 1913 poffeffio
1284 1861 1350 1906 est,
1382 1871 1425 1899 ut
1451 1862 1497 1900 ad
1527 1862 1708 1900 liberali«

291 1936 349 1966 ter
368 1927 578 1965 vivendum
597 1926 710 1964 facile
731 1935 935 1965 contentus
956 1927 999 1965 fit
1016 1956 1027 1972 ,
1059 1927 1128 1979 qui
1159 1926 1260 1965 nihil
1281 1937 1437 1980 quaerat,
1461 1927 1560 1966 nihil
1581 1943 1698 1982 appe-

291 2002 358 2039 tat,
385 1992 484 2031 nihil
504 2002 611 2046 optet
631 1992 812 2045 amplius.
854 1994 1023 2032 Animus
1055 2002 1205 2046 oportet
1236 2003 1324 2033 tuus
1357 2003 1393 2032 te
1416 1995 1566 2046 judicet
1597 1995 1698 2033 divi-

292 2069 386 2105 tem,
418 2074 496 2099 non
524 2059 733 2098 hominum
768 2059 907 2105 sermo,
939 2073 1063 2112 neque
1090 2059 1326 2112 poffeffiones
1361 2069 1460 2098 tuae:
1498 2059 1596 2097 nihil
1628 2061 1711 2099 fibi-

292 2124 411 2163 deesse
445 2135 569 2178 putet,
601 2124 700 2163 nihil
735 2135 842 2163 curet
873 2125 1054 2178 amplius.
1104 2126 1264 2163 Satiatus
1296 2124 1362 2169 est,
1399 2135 1464 2163 aut
1494 2135 1714 2164 contentus·

291 2191 406 2229 etiam
441 2190 630 2243 pecunia?
676 2190 860 2234 concedo,
895 2191 998 2227 dives
1030 2203 1082 2227 es.
1132 2190 1195 2227 Sin
1228 2198 1357 2228 autem
1389 2200 1544 2243 propter
1575 2191 1697 2229 avidi-

291 2266 410 2295 tatem
436 2256 608 2309 pecuniae
630 2254 782 2292 nullum
815 2254 1003 2306 quaestum
1025 2264 1178 2307 turpem
1197 2265 1322 2307 putas,
1356 2269 1448 2294 cum
1480 2256 1539 2294 isti
1570 2257 1698 2295 ordini

291 2336 339 2360 ne
358 2322 537 2362 honestus
568 2322 724 2375 quidem
748 2321 857 2374 poffit
889 2321 959 2359 effe
992 2321 1122 2358 ullus:
1155 2321 1180 2359 fi
1201 2323 1374 2374 quotidie
1394 2322 1557 2368 fraudas,
1590 2323 1696 2361 deci-

292 2389 365 2440 pis,
411 2389 547 2441 posciS,
591 2387 802 2441 pacisceri8‚
850 2386 987 2431 aufers,
1019 2387 1156 2439 eripis:
1205 2387 1230 2425 fi
1269 2388 1387 2426 socios
1423 2389 1573 2442 spolias,
1605 2403 1717 2427 aera->

295 2454 396 2491 rium
417 2454 584 2506 expilas:
618 2455 642 2492 si
665 2454 886 2491 testamenta
905 2454 1121 2490 amicorum
1140 2455 1328 2506 expeehis,
1360 2464 1423 2492 aut
1454 2468 1501 2492 ne
1522 2457 1696 2507 expeibas

295 2519 468 2572 quidem,
500 2529 536 2556 at
567 2519 643 2571 ipse
664 2520 873 2571 supponis5
907 2518 986 2556 haec
1019 2516 1149 2556 utrum
1181 2519 1424 2565 abundantis,
1455 2533 1500 2557 an
1533 2522 1694 2572 egentis,

294 2585 397 2638 signa
427 2585 544 2622 sunt?
581 2586 750 2623 Animus
782 2584 952 2623 hominis
985 2585 1102 2630 dives,
1134 2599 1210 2623 non
1242 2599 1339 2631 arca,
1370 2586 1549 2639 appellari
1586 2586 1695 2624 solet„
