2223 3003
643 240 922 283 LIBER
991 241 1489 282 SECUNDUS.
1693 258 1765 298 139

365 341 664 396 ignoremusque
683 341 765 379 vim
786 340 970 380 sermonis
991 341 1084 393 ejus,
1113 355 1191 394 quo
1205 341 1292 393 jura
1313 341 1424 380 nobis
1445 338 1660 380 definienda
1678 342 1764 381 s1nt.

369 409 601 461 anrus.
621 409 714 446 Sane
733 408 908 460 quidem,
939 406 1096 446 hercule
1111 426 1123 452 3
1155 416 1192 446 et
1212 408 1264 446 est
1283 407 1350 445 ista
1370 409 1469 446 resta
1487 408 1649 446 docendi
1669 408 1742 446 via.

424 475 640 513 MARCUS.
664 474 779 511 Hanc
809 473 929 524 igitur
958 472 1069 511 video
1094 473 1455 524 sapientiflimorum
1487 472 1594 512 fuiss‘e
1613 473 1765 512 senten-

366 542 478 587 tiam,
512 542 658 593 Legem
678 552 799 591 neque
818 537 1027 576 hominum
1059 539 1222 590 ingeniis
1243 540 1510 591 excogitatam,
1536 554 1605 579 nec
1626 540 1766 579 scitum

367 606 526 659 aliquod
544 605 615 643 effe
633 603 885 656 populorum,
912 603 974 640 sed
995 611 1181 641 aeternum
1201 603 1400 655 quiddam,
1421 606 1526 656 quod
1547 606 1766 645 universum

367 672 563 711 mundum
582 678 741 722 regeret,
764 669 992 722 imperandi,
1014 667 1323 722 prohibendique
1342 669 1537 723 sapientia.
1580 673 1638 709 Ita
1656 673 1765 724 prin-

366 738 492 790 cipem
525 737 651 789 legem
681 735 790 772 illam
820 744 858 772 et
889 734 1085 780 ultimam,
1118 743 1292 774 mentem
1321 734 1393 773 effe
1413 736 1603 781 dicebant,
1635 739 1766 776 omnia

366 803 514 842 ratione
533 811 598 840 aut
617 800 804 854 cogentis,
820 809 886 839 aut
905 801 1066 839 vetantis
1087 801 1187 846 Dei;
1220 814 1266 839 ex
1287 815 1362 854 qua
1381 801 1447 839 illa
1466 802 1542 847 lex,
1563 816 1679 855 quam
1696 805 1765 843 Dii

366 867 539 907 humano
557 867 686 920 generi
706 867 906 912 dederunt,
929 868 1027 905 redite
1042 867 1095 905 est
1113 867 1275 906 laudata.
1298 868 1365 906 Est
1379 868 1485 907 enim
1505 869 1615 914 ratio,
1637 870 1762 908 mens-

362 948 442 987 que
460 934 653 987 sapientis,
675 934 721 971 ad
735 933 971 985 jubendum,
993 943 1031 972 et
1050 934 1096 972 acl
1116 933 1385 974 deterrendum
1406 935 1554 974 idonea.

420 1001 658 1053 QnNTUS.
690 1000 909 1052 Aliquoties
921 1001 1004 1052 jam
1024 1000 1090 1038 iste
1118 1001 1225 1039 locus
1245 1014 1266 1038 a
1286 1009 1321 1038 te
1341 1003 1462 1040 tactus
1489 1002 1542 1040 est
1559 1017 1568 1040 :
1600 1002 1662 1043 sed
1680 1010 1764 1040 ante

362 1079 485 1119 quam
504 1065 551 1104 ad
580 1065 780 1118 populares
800 1065 901 1118 leges
928 1066 1069 1111 venias,
1099 1066 1181 1104 vim
1212 1066 1318 1104 istius
1338 1066 1493 1105 caelestis
1517 1067 1610 1121 legis
1630 1067 1763 1120 expla-

363 1146 427 1178 na,
459 1132 485 1170 fi
520 1132 645 1184 placet
660 1150 672 1177 5
704 1145 752 1169 ne
772 1132 878 1170 aestus
905 1145 974 1171 nos
995 1131 1281 1171 consuetudinis
1308 1132 1515 1179 absorbeat,
1546 1143 1584 1171 et
1610 1133 1656 1171 ad
1685 1133 1761 1172 ser-

363 1197 493 1235 monis
514 1209 664 1235 morem
686 1196 811 1234 ufitati
831 1196 968 1235 trahat.
1015 1198 1230 1236 MARCUS.
1255 1199 1291 1236 A
1310 1199 1434 1250 parvis
1454 1199 1575 1243 enim,
1598 1199 1761 1250 Qinte,

361 1263 586 1307 didicimus,
619 1263 669 1300 SI
691 1275 703 1299 1
718 1274 743 1299 N
767 1275 786 1312 J
800 1275 825 1300 U
839 1275 854 1300 s
880 1277 902 1299 v
915 1275 972 1300 oc
985 1275 1066 1306 AT,
1097 1272 1212 1314 atque
1238 1263 1426 1315 ejusmodi
1445 1265 1548 1308 alias,
1570 1264 1670 1316 leges
1690 1278 1762 1302 no-

362 1329 524 1368 minare.
556 1327 629 1367 Sed
661 1340 750 1366 vero
780 1327 948 1381 intelligi
977 1328 1027 1366 stc
1046 1337 1210 1381 oportet,
1241 1337 1279 1367 et
1307 1328 1403 1375 haec,
1434 1338 1471 1368 et
1497 1330 1568 1367 alia
1592 1329 1691 1382 jussa
1721 1344 1763 1368 ac

360 1396 479 1435 vetita
505 1394 759 1449 populorum,
789 1395 871 1433 vim
903 1408 982 1433 non
1001 1394 1140 1434 habere
1161 1394 1207 1433 ad
1238 1397 1336 1434 reste
1362 1394 1460 1434 fasta
1478 1396 1653 1442 vocandi,
1680 1406 1718 1435 et
1743 1411 1763 1434 a

362 1462 530 1513 peccatis
550 1461 731 1500 avocandi
750 1475 759 1499 ε
791 1475 876 1514 quae
895 1462 951 1500 vis
973 1475 1052 1500 non
1072 1460 1190 1500 modo
1210 1461 1331 1501 senior
1350 1462 1416 1508 est,
1445 1476 1563 1516 quam
1584 1472 1669 1502 aetas
1689 1477 1761 1516 po-

363 1526 549 1579 pulorum
578 1535 617 1563 et
646 1527 864 1572 civitatum,
899 1527 960 1565 sed
991 1528 1146 1580 aequalis
1177 1528 1296 1573 illius,
1339 1529 1479 1568 caelurn
1502 1539 1617 1582 atque
1649 1539 1761 1568 terras

362 1592 510 1631 tuentis
540 1601 579 1629 et
597 1592 775 1644 regenti5‚
805 1593 894 1631 Dei.
941 1593 1084 1646 Neque
1113 1593 1219 1632 enim
1239 1594 1310 1632 effe
1330 1608 1440 1633 mens
1461 1595 1589 1633 divina
1608 1595 1684 1633 fine
1702 1609 1761 1632 ra-

362 1657 468 1697 tione
487 1657 624 1710 potest,
657 1670 727 1695 nec
747 1657 842 1695 ratio
861 1657 989 1695 divina
1009 1671 1087 1696 non
1118 1657 1216 1696 hanc
1249 1659 1331 1697 vim
1362 1660 1402 1697 in
1423 1659 1533 1697 rectis
1561 1660 1762 1712 pravisque

362 1722 575 1762 sanciendis
595 1723 733 1761 habere
751 1737 760 1760 ε
792 1736 876 1768 nec,
909 1724 999 1776 quia
1019 1723 1207 1776 nusquam
1237 1734 1316 1762 erat
1336 1724 1536 1777 scriptum,
1566 1734 1609 1763 ut
1629 1735 1762 1764 contra

358 1800 496 1827 omnes
516 1787 686 1825 hostium
707 1788 835 1840 copias
856 1788 895 1826 in
914 1798 1033 1841 ponte
1050 1802 1147 1828 unus
1164 1789 1354 1835 affisteret‚
1368 1803 1388 1828 a
1404 1799 1587 1843 tergoque
1602 1800 1761 1843 pontem

360 1853 584 1893 interscindi
608 1854 776 1906 juberet,
807 1854 952 1892 idcirco
983 1855 1112 1894 minus
1146 1855 1340 1894 Coclitem
1371 1856 1487 1894 illum
1514 1869 1595 1893 rem
1621 1857 1761 1908 gestisse

359 1929 523 1964 tantam,
552 1919 792 1958 fortitudinis
813 1920 896 1972 lege
916 1929 1032 1972 atque
1051 1921 1215 1972 imperio
1239 1921 1488 1973 putabimus:
1521 1933 1604 1966 nec,
1626 1921 1652 1960 fi
1674 1935 1760 1975 reg-

358 1995 474 2026 nante
494 1985 712 2037 Tarquinio
738 1984 844 2023 nulla
870 1995 948 2023 erat
979 1987 1116 2024 Romae
1135 1986 1273 2039 scripta
1303 1987 1366 2025 lex
1397 1987 1442 2025 de
1462 1987 1612 2039 stupris,
1641 1987 1760 2026 idcir-

358 2066 408 2092 co
438 2065 516 2090 non
546 2060 678 2090 contra
707 2051 816 2090 illam
846 2052 972 2105 legem
1004 2052 1276 2105 sempiternam
1304 2055 1389 2091 Sex.
1412 2053 1649 2105 Tarquinius
1679 2055 1761 2092 vim

358 2117 565 2163 Lucretiae,
586 2118 815 2170 Tricipitini
848 2118 950 2163 filiae,
980 2118 1126 2157 attulit.
1172 2120 1266 2157 Erat
1285 2119 1390 2156 enim
1421 2119 1516 2156 ratio
1547 2119 1715 2171 profecta
1740 2133 1761 2158 a

361 2197 491 2222 rerum
511 2193 657 2228 natura,
689 2193 727 2221 et
747 2184 793 2221 ad
813 2186 910 2221 reste
927 2182 1150 2221 faciendum
1170 2184 1389 2236 impellens,
1414 2193 1452 2221 et
1471 2197 1491 2222 a
1510 2184 1649 2222 delicto
1669 2199 1759 2223 avo-

362 2263 480 2295 cans5
503 2264 587 2302 quae
607 2262 684 2288 non
705 2258 791 2287 tum
812 2249 977 2301 denique
997 2249 1136 2301 incipit
1156 2249 1217 2287 lex
1237 2249 1320 2295 effe,
1341 2263 1436 2288 cum
1454 2250 1591 2303 scripta
1610 2251 1676 2296 est,
1699 2251 1760 2289 sed

361 2324 463 2362 turn,
499 2330 593 2354 cum
623 2325 704 2354 orta
734 2315 812 2361 cst3
845 2324 927 2354 orta
958 2324 1086 2353 autem
1118 2315 1230 2354 fimul
1262 2316 1314 2354 est
1344 2330 1437 2355 cum
1468 2327 1598 2355 mente
1617 2317 1758 2357 divina.

365 2381 632 2432 Qamobrem
664 2382 726 2420 lex
745 2394 830 2419 vera
849 2391 963 2434 atque
993 2381 1183 2434 princeps,
1206 2391 1292 2435 apta
1310 2383 1356 2420 ad
1382 2383 1615 2434 jubendum,
1648 2392 1686 2421 et
1714 2383 1759 2421 ad

364 2447 584 2493 vetandum,
606 2448 701 2486 ratio
721 2447 773 2486 est
793 2449 891 2485 reeta
912 2447 1054 2485 summi
1075 2447 1195 2497 Jovis.

420 2511 472 2549 V.
508 2513 739 2563 QmTus.
773 2513 978 2558 Assentior,
999 2512 1127 2557 frater,
1157 2522 1213 2558 ut,
1233 2514 1336 2566 quod
1363 2514 1415 2552 est
1435 2510 1611 2560 rectum:
1627 2528 1760 2552 verum

364 2588 522 2628 quoque
537 2577 596 2623 fit,
614 2591 737 2630 neque
752 2592 844 2618 cum
859 2578 992 2624 literis,
1010 2579 1150 2632 quibus
1167 2578 1258 2618 scita
1273 2580 1504 2626 scribuntur,
1522 2590 1586 2619 aut
1601 2579 1757 2624 oriatur,

1383 2648 1403 2683 S
1438 2659 1457 2684 2
