2223 3003
839 210 944 250 DE
1031 211 1281 251 FATO.
1686 231 1756 259 101

365 308 605 362 quadrigulas
636 308 753 348 vitare
786 309 1044 348 monebatur?
1089 310 1192 363 quafi
1223 323 1312 349 vero
1347 310 1484 364 capulo
1514 313 1559 350 sit
1596 313 1756 353 occisus.

364 376 472 427 Qid
492 385 620 414 autern
641 389 842 428 magnum,
877 384 915 414 et
936 375 1165 429 naufragum
1196 376 1310 415 illum
1330 377 1406 415 sine
1426 378 1584 416 nomine
1612 379 1654 417 in
1674 380 1756 419 rivo

362 439 432 478 effe
451 440 630 494 lapsum?
661 452 884 492 quanquam
903 439 996 478 huic
1015 441 1174 492 quidem
1204 441 1270 479 hic
1300 441 1431 480 scribit
1461 443 1686 495 praedistum
1713 445 1754 483 in

361 519 458 558 aqua
476 506 546 544 effe
565 505 816 559 pereundum.
859 505 922 543 Ne
941 504 1097 542 hercule
1117 506 1236 542 Icadii
1255 507 1414 558 quidem
1437 509 1622 560 praedonis
1642 510 1753 549 video

359 571 486 610 fatum
506 571 631 610 ullum
648 589 662 615 ς
692 569 791 607 nihil
821 569 926 607 enim
960 569 1091 607 scribit
1119 570 1153 607 ei
1183 571 1422 622 praedictum.
1465 574 1573 624 Qid
1603 576 1749 614 mirum

360 637 492 688 igitur,
523 650 570 674 ex
589 634 765 688 spelunca
793 634 926 673 saxum
956 634 998 672 in
1027 647 1136 672 crura
1161 636 1242 687 ejus
1275 636 1478 674 incidisse?
1510 640 1610 676 Puto
1629 642 1748 686 enim,

358 703 475 740 etiam
495 701 522 739 fi
542 701 691 740 Icadius
713 710 798 739 tum
817 700 859 739 in
877 699 1057 753 spelunca
1075 713 1152 739 non
1172 699 1312 746 fuiffet,
1339 701 1471 740 saxum
1493 712 1621 741 tamen
1652 706 1751 744 illud

359 767 533 806 casurum
552 766 674 805 fuiffe.
717 767 825 806 Nam
855 775 921 805 aut
940 765 1041 806 nihil
1059 766 1112 805 est
1142 767 1303 805 omnino
1327 766 1548 813 fortuitum,
1579 779 1644 807 aut
1676 770 1750 809 hoc

357 833 484 885 ipsum
513 833 641 885 potuit
673 833 822 870 evenire
856 832 1024 871 fortuna.
1070 832 1211 883 Qaero
1243 833 1376 886 igitur,
1410 834 1541 886 (atque
1572 833 1646 873 hoc
1678 836 1751 874 late

355 898 517 950 patebit)
550 899 577 936 fi
598 897 668 936 fati
685 899 846 937 omnino
871 899 1027 937 nullum
1047 912 1204 944 nomen,
1239 899 1345 938 nulla
1378 909 1522 945 natura,
1558 901 1664 939 nulla
1694 902 1749 940 vis

355 962 457 1008 effet,
491 973 530 1002 et
547 963 660 1010 forte,
695 973 852 1010 temere,
887 964 987 1009 casu,
1023 974 1088 1003 aut
1117 965 1297 1018 pleraque
1327 965 1474 1011 fierent,
1505 974 1570 1004 aut
1590 968 1747 1012 omnia,

355 1042 454 1066 num
473 1030 595 1075 aliter,
617 1044 659 1068 ac
679 1044 782 1069 nunc
803 1031 998 1076 eveniunt,
1025 1031 1220 1069 evenirent
1237 1031 1250 1068 ?
1294 1032 1402 1083 Qid
1420 1045 1511 1085 ergo
1531 1032 1666 1070 attinet
1686 1033 1748 1070 in-

354 1095 504 1134 culcare
523 1095 663 1142 fatum,
693 1110 787 1135 curn
807 1097 883 1136 fine
901 1096 981 1135 fato
1014 1098 1109 1136 ratio
1138 1097 1318 1136 omnium
1350 1111 1478 1136 rerum
1508 1099 1554 1136 ad
1574 1108 1750 1137 naturam

353 1159 597 1200 fortunamve
616 1161 797 1201 referatur
812 1164 825 1200 ?

408 1227 481 1264 IV.
513 1227 585 1264 Sed
605 1227 866 1272 Posidonium,
900 1227 996 1265 sicut
1015 1240 1171 1278 aequum
1191 1227 1257 1271 est,
1290 1240 1382 1265 cum
1414 1228 1514 1265 bona
1541 1230 1661 1280 gratia
1686 1229 1747 1266 di-

353 1291 554 1331 mittamus
573 1307 582 1331 :
614 1292 661 1330 ad
689 1291 895 1345 Chrysippi
915 1293 1069 1344 laqueos
1090 1300 1335 1330 revertamur.
1368 1293 1445 1330 Cui
1464 1293 1636 1345 primum
1656 1294 1747 1346 qui-

353 1358 442 1397 dem
477 1359 523 1396 de
555 1358 634 1411 ipsa
666 1371 795 1397 rerum
828 1359 1057 1411 contagione
1087 1358 1407 1411 respondeamus:
1450 1359 1595 1411 reliqua
1623 1360 1750 1412 postea

353 1424 634 1477 persequemur.
666 1426 772 1463 Inter
791 1425 966 1463 locorum
985 1436 1134 1464 naturas
1155 1423 1344 1477 quantum
1365 1425 1523 1470 interfit,
1541 1425 1716 1465 videmus
1732 1445 1745 1471 ς

354 1489 446 1528 alios
467 1489 537 1527 effe
552 1490 728 1535 salubres,
750 1491 841 1529 alios
862 1491 1099 1543 pestilentes,
1121 1491 1162 1529 in
1178 1491 1261 1529 aliis
1281 1490 1352 1529 effe
1371 1491 1571 1544 pituitosos
1588 1501 1625 1530 et
1645 1493 1747 1544 quasi

355 1554 619 1600 redundantes,
664 1555 705 1593 in
739 1556 822 1594 aliis
859 1557 1060 1594 exsiccatos
1091 1565 1204 1608 atque
1233 1556 1356 1594 aridos
1373 1575 1385 1601 3
1431 1557 1630 1609 multaque
1660 1557 1746 1595 sunt

353 1620 438 1664 alia,
469 1633 554 1672 quae
584 1621 682 1658 inter
712 1620 843 1658 locum
871 1629 909 1658 et
934 1620 1066 1658 locum
1098 1620 1310 1672 plurimum
1337 1621 1533 1659 differunt.
1578 1621 1744 1660 Athenis

353 1694 466 1722 tenue
482 1686 635 1730 caelum,
668 1698 716 1722 ex
746 1698 824 1737 quo
853 1685 1038 1723 acutiores
1060 1686 1175 1723 etiam
1196 1695 1378 1738 putantur
1398 1686 1522 1724 Attici
1537 1703 1550 1731 ς
1581 1686 1744 1725 craffum

353 1748 517 1795 Thebis,
534 1751 662 1802 itaque
682 1750 841 1802 pingues
863 1750 1043 1788 Thebani
1063 1760 1100 1788 et
1119 1751 1297 1789 valentes.
1330 1752 1482 1790 Tamen
1503 1765 1627 1804 neque
1646 1752 1744 1790 illud

352 1825 465 1854 tenue
483 1815 622 1854 caelum
641 1815 796 1860 efficiet,
829 1825 872 1854 ut
901 1825 967 1853 aut
986 1816 1185 1854 Zenonem
1212 1817 1312 1867 quis,
1343 1826 1406 1854 aut
1427 1817 1649 1862 Arcesilam,
1680 1827 1745 1856 aut

351 1880 662 1934 Theophrastum
682 1881 835 1925 audiat,
868 1893 992 1933 neque
1012 1880 1187 1925 craffum,
1216 1890 1260 1918 ut
1280 1881 1430 1919 Nemea
1451 1882 1592 1934 potius,
1626 1896 1745 1934 quam

349 1945 510 1991 Isthmo,
531 1946 730 1985 victoriam
749 1954 867 1998 petat.

402 2012 594 2065 Disjunge
612 2012 779 2064 longius.
823 2011 932 2063 Qid
951 2011 1058 2050 enim
1079 2012 1155 2050 loci
1176 2021 1308 2051 natura
1327 2012 1457 2050 afferre
1478 2013 1612 2064 potest,
1641 2023 1682 2051 ut
1703 2013 1743 2052 in

347 2077 500 2130 porticu
520 2078 698 2131 Pompeii
716 2078 858 2130 potius,
890 2091 1008 2130 quam
1039 2078 1079 2115 in
1112 2091 1263 2131 campo,
1288 2078 1564 2116 ambulemus?
1596 2088 1740 2124 tecum,

347 2156 465 2195 quam
485 2156 576 2181 cum
595 2143 699 2181 alio?
731 2143 863 2181 Idibus
893 2143 1036 2195 potius,
1067 2156 1183 2194 quam
1215 2143 1428 2181 Kalendis?
1462 2144 1518 2180 Ut
1548 2144 1666 2195 igitur
1695 2145 1741 2182 ad

346 2208 526 2260 quasdam
547 2221 602 2246 res
622 2217 755 2246 natura
775 2207 850 2246 loci
870 2208 1034 2260 pertinet
1053 2208 1213 2259 aliquid,
1244 2208 1289 2245 ad
1321 2207 1500 2260 quasdam
1522 2218 1649 2246 autem
1679 2210 1739 2246 ni-

347 2272 403 2311 hil
419 2292 431 2319 ;
464 2274 514 2312 fic
529 2273 679 2311 affectio
699 2273 882 2312 astrorum
902 2273 1036 2318 valeat,
1067 2273 1093 2311 fi
1114 2273 1184 2318 vis,
1207 2274 1251 2311 ad
1272 2273 1451 2324 quasdam
1472 2287 1526 2311 res
1545 2292 1555 2318 ;
1587 2274 1632 2312 ad
1651 2288 1738 2312 om-

349 2351 412 2377 nes
432 2349 533 2378 certe
552 2353 629 2378 non
659 2340 814 2378 valebit.
859 2341 914 2377 At
941 2339 1047 2377 enim
1067 2339 1250 2391 quoniam
1283 2340 1321 2377 in
1355 2340 1496 2377 naturis
1531 2339 1739 2378 hominum

348 2403 668 2445 dissimilitudines
689 2406 789 2451 sunt,
821 2414 863 2444 ut
889 2405 982 2443 alios
1003 2406 1143 2450 dulcia,
1168 2406 1259 2443 alios
1281 2405 1488 2449 subamara,
1522 2405 1709 2443 delectent
1726 2423 1736 2448 ;

349 2467 414 2504 alii
434 2468 640 2516 libidinofi,
671 2471 735 2509 alii
754 2470 939 2515 iracundi,
970 2480 1034 2508 aut
1064 2471 1249 2514 crudeles,
1281 2480 1344 2508 aut
1372 2470 1522 2522 superbi
1544 2469 1643 2513 sint;
1676 2470 1736 2506 alii

348 2533 487 2574 talibus
507 2534 610 2574 vitiis
629 2535 880 2583 abhorreant,
912 2536 1094 2590 quoniam
1115 2536 1246 2588 igitur,
1269 2536 1410 2588 inquit,
1435 2543 1584 2574 tantum
1608 2544 1737 2572 natura
