2223 3003
673 198 966 240 VARIAE
1053 196 1608 238 LECTIONES.

409 305 471 374 ¹35:92.
496 337 531 364 18
552 333 830 372 fitEKY{‚‡d.

496 383 531 412 19
552 375 592 402 Ea
607 375 630 402 E
645 378 706 412 quia
720 386 751 403 ea

495 423 532 443 20
553 414 640 442 laxati
657 415 679 442 E
694 415 812 452 relaffini

494 464 527 483 21
553 453 576 482 is
591 454 613 481 E
628 454 669 481 his

494 503 531 523 22
552 493 642 521 circus
657 492 681 521 E
695 494 791 522 archus
805 493 822 529 ζ
835 493 942 522 circulm
953 494 977 528 ψ
991 496 1083 522 circum

495 543 530 571 23
554 534 725 570 nuncupatis
742 534 902 571 Ejudicatis

495 583 532 610 24
553 582 594 601 eae
609 573 632 601 Ε
643 573 686 601 bae

495 623 530 652 25
554 613 676 642 vidimus
692 612 708 650 ζ
722 614 839 642 videmus

491 668 536 676 --—
555 662 594 681 eae
611 654 632 681 E
648 653 692 681 hae

494 694 532 722 26
553 693 604 721 illa
618 694 641 722 E
655 693 682 721 K
696 703 728 720 ea

496 743 531 770 27
554 733 652 761 citima
665 733 688 760 E
706 732 734 760 U
749 742 772 760 et
786 735 876 761 citima
889 731 905 771 ζ
919 735 1017 761 extima

495 774 532 801 28
554 773 615 809 Jam
633 773 658 800 Y
673 772 739 807 Jam
754 784 817 801 vero

495 823 510 850 3
518 822 533 850 3
557 812 609 842 tibi
625 813 641 848 ζ
652 812 699 840 ubi

497 862 536 891 34
555 853 604 889 qui
622 853 644 880 E
660 864 708 891 quo

418 902 473 932 393
522 902 531 921 1
557 891 680 920 summus
695 893 712 928 ζ
727 891 899 927 Hic-summus

493 947 535 996 Ξ
554 931 766 1001 Εζῐελύηὸιω
776 975 810 1011 est

516 1023 532 1051 3
554 1012 618 1041 sunt
633 1012 660 1041 K
674 1015 701 1041 α’.

517 1063 532 1090 ς
556 1052 616 1085 illa,
638 1062 722 1090 quam
739 1051 839 1090 §quem

493 1108 535 1115 -—-
556 1091 702 1121 nominant
716 1091 734 1129 ζ
747 1097 902 1122 nominamus

515 1132 534 1161 6
555 1131 702 1170 prosperus
717 1133 738 1161 F,
748 1134 850 1171 prosper

515 1183 532 1211 7
555 1172 679 1200 Martem
695 1172 790 1201 dicitis
805 1173 822 1210 ζ
836 1173 950 1202 Martem
971 1172 1126 1212 appellamus

603 1213 629 1247 ψ
643 1213 775 1241 Martium
789 1214 877 1241 dicitis

517 1262 536 1290 9
558 1252 725 1289 temperatio
739 1253 761 1280 E
776 1256 939 1290 temperatior

500 1300 536 1320 ιο
556 1291 674 1320 illustret
689 1293 711 1320 E
725 1293 753 1320 K
769 1292 798 1321 U
811 1293 836 1321 Y
848 1293 936 1331 lustret

495 1346 536 1355 --
556 1331 698 1368 compleat
713 1332 735 1360 E
749 1332 852 1369 impleat

501 1380 531 1400 11
556 1371 765 1408 consequuntur
778 1372 801 1400 E.
816 1373 846 1401 U
862 1373 887 1400 Y
903 1371 930 1408 ψ
942 1371 1085 1411 stquuntur
1100 1373 1127 1401 K

597 1411 736 1449 fiquenlur

497 1465 540 1474 —
559 1450 630 1479 alter
723 1451 818 1480 cursus
837 1450 855 1488 ζ
873 1455 975 1480 veneris
995 1454 1091 1490 astrum
1105 1461 1129 1480 et

600 1493 654 1527 pqst
669 1490 799 1519 Mercurii
813 1493 898 1528 cursus

496 1546 537 1554 —
558 1531 588 1559 in
600 1530 627 1558 K
642 1531 666 1558 d.

500 1581 512 1601 1
521 1581 536 1600 2
558 1569 732 1601 *convertitur
747 1573 770 1601 E
784 1573 947 1601 conmittitur

503 1611 688 1649 13321111ζᾶ.
712 1612 808 1647 alaeam

503 1660 537 1689 ¹7
556 1652 653 1690 secepi
670 1651 693 1680 E
705 1656 787 1691 recepi
796 1656 842 1692 qui
853 1652 975 1688 causatur
985 1663 1017 1682 ex
1026 1661 1092 1683 motu
1104 1661 1128 1683 et

605 1692 712 1730 impulsu
740 1693 839 1722 orbium
865 1693 998 1732 caelestium
1024 1695 1064 1723 ad
1086 1698 1129 1724 in-

604 1744 689 1761 vicem

497 1787 538 1795 —-
560 1773 640 1811 Qid
655 1773 679 1806 ᾧ
693 1773 763 1811 Quis

502 1823 534 1842 21
560 1813 913 1852 quiEKetquiUYet

500 1863 537 1883 22
560 1853 739 1890 aequabiliter
755 1853 776 1881 E
790 1852 817 1890 ζ,
833 1854 858 1888 ψ
872 1853 1008 1893 aequ-aliter

500 1903 535 1931 25
558 1893 682 1921 stelliferi
697 1893 724 1930 ζ,
737 1894 880 1931 istellfir

497 1948 538 1955 —
558 1933 701 1961 conversio
715 1933 743 1962 K
757 1934 841 1971 versio

497 1988 540 1996 -
559 1981 642 2002 acuto
658 1972 680 2000 E
697 1973 724 2001 K
736 1972 762 2009 ψ
774 1981 847 2002 acute

500 2022 537 2049 27
558 2013 616 2041 ima
629 2012 652 2041 E
669 2013 696 2042 K
710 2025 762 2042 una

501 2061 538 2090 29
559 2052 699 2081 distinssos
726 2053 749 2080 E
774 2054 891 2090 distin&
910 2053 936 2081 Y
959 2054 1092 2091 disjunssos
1113 2053 1130 2092 ζ

607 2093 731 2128 disisam:

502 2141 540 2170 30
561 2131 652 2160 nodus
668 2133 690 2161 E
708 2133 736 2161 K
750 2132 767 2169 ζ
780 2135 864 2162 modus

498 2187 539 2194 ·-
559 2172 596 2200 est
613 2173 641 2201 U
656 2174 682 2201 d.

500 2222 536 2250 33
557 2213 678 2250 oppletae
693 2212 716 2240 E
731 2213 756 2241 Y
770 2213 794 2247 ψ
809 2212 931 2250 completae

423 2263 480 2294 394
524 2262 534 2281 1
561 2252 608 2280 ubi
626 2252 652 2280 K
665 2256 693 2280 in
706 2253 759 2281 illis
768 2253 886 2288 gentibus
899 2253 944 2282 ubi

499 2308 540 2315 —
560 2292 609 2320 illa
626 2293 647 2320 Ε
662 2303 692 2321 ea
707 2293 733 2321 K
749 2293 796 2320 iila
811 2293 866 2321 loca

498 2347 539 2355 —
558 2332 705 2370 Catadupa
721 2335 743 2361 E
759 2332 784 2365 ψ
800 2333 947 2371 catadupla

431 2397 438 2402 .
499 2387 540 2396 -
561 2372 718 2410 praecipitat
730 2373 755 2401 K
768 2373 796 2402 U
803 2377 962 2411 praecipatur
971 2373 998 2402 Y
1002 2377 1127 2412 praecipi-

607 2413 684 2448 falfi
696 2412 713 2450 ζ
728 2417 912 2451 praecipitarur

521 2462 537 2482 2
559 2453 662 2484 accolit
676 2453 705 2483 U
719 2453 805 2483 incolit
820 2454 845 2489 ψ
862 2453 928 2483 tollit

1174 304 1236 372 394
1267 292 1296 371 11³.
1317 333 1504 364 incitatissima
1523 334 1547 363 E
1562 337 1589 364 d.
1613 336 1640 365 K
1664 339 1692 366 in
1713 337 1886 375 incitatr‘ffi'ma

1366 375 1390 401 Y
1406 376 1552 412 incilfflma

1275 414 1294 442 6
1316 414 1439 443 vincitur
1454 415 1476 442 E
1492 419 1636 446 vincuntur

1279 455 1295 481 8
1318 455 1394 482 Tum
1418 455 1438 482 E
1453 455 1480 482 K
1496 455 1566 484 Tunc

1260 502 1294 522 ιο
1316 493 1436 531 ΐρεὲὶαίο
1451 493 1468 530 ζ
1482 496 1643 534 contemplato

1261 543 1270 561 1
1283 542 1290 560 1
1317 534 1509 562 celebritatem
1526 535 1542 572 ζ
1555 537 1742 567 (εΙεόν-αιῐσηεηι

1261 582 1295 600 iz
1318 573 1345 600 in
1363 582 1434 601 terra
1450 574 1477 602 K
1491 574 1509 611 ζ
1521 576 1548 603 d.
1572 576 1600 604 U
1615 581 1643 606 in
1656 581 1733 607 terris

1262 621 1294 649 13
1317 612 1344 640 in
1362 612 1424 650 ipsis
1440 614 1462 641 E
1478 616 1537 652 ipsis

1262 661 1297 688 ¹4
1317 652 1447 680 incolunt
1462 653 1484 680 E
1499 654 1608 683 incolant

1262 701 1295 729 15
1319 702 1430 722 manare
1445 694 1469 726 ψ
1483 705 1583 723 mamre

1263 732 1298 760 16
1318 732 1420 769 partim
1437 734 1543 761 aversos
1562 735 1584 762 E
1601 735 1628 763 K
1642 736 1671 765 U
1686 736 1711 766 d.
1733 736 1761 774 ζ,
1781 737 1808 774 ψ
1820 745 1891 777 par·

1364 775 1411 800 tim
1425 774 1584 809 transversbs

1264 821 1298 848 ¹7
1320 812 1400 839 vobis
1416 812 1442 840 K
1457 812 1526 841 nobis
1537 819 1636 851 partim
1649 817 1808 854 transverybs

1259 865 1300 872 —
1320 853 1467 889 expeftare
1484 854 1505 881 E
1521 853 1549 882 K
1567 856 1584 882 Y
1598 856 1714 894 speciare

1264 892 1298 919 18
1320 892 1488 929 quibusdam
1504 893 1530 928 ζ,
1542 895 1567 928 ψ
1581 897 1607 924 d.

1264 940 1300 969 ¹9
1321 933 1388 959 duos
1406 932 1428 960 Ε
1442 935 1490 960 dno
1504 934 1519 969 ζ
1535 936 1560 962 d.

1258 985 1299 992 —
1318 972 1441 1000 maxime
1455 974 1478 1007 ψ
1493 978 1614 1003 maximos

1263 1019 1301 1039 20
1322 1011 1454 1040 subnixos
1470 1012 1617 1049 {subnixos
1631 1025 1653 1044 tt
1667 1017 1709 1045 ho:

1262 1059 1295 1078 21
1319 1053 1419 1089 pruina
1434 1054 1456 1080 E
1467 1057 1623 1093 primamque

1259 1105 1300 1112 —
1320 1100 1412 1120 autem
1432 1093 1453 1120 E
1465 1095 1493 1120 d.

1262 1140 1296 1167 ²3
1320 1131 1401 1159 vobis
1417 1132 1443 1160 K
1459 1133 1528 1161 nobis

1259 1185 1299 1191 —-
1322 1181 1421 1211 urgent
1438 1173 1460 1200 E
1477 1174 1505 1202 U
1522 1175 1548 1202 Y
1561 1175 1586 1209 ψ
1601 1185 1713 1216 vergunt
1735 1178 1796 1216 (sed
1814 1177 1842 1207 U
1861 1182 1889 1207 in

1368 1224 1451 1250 marg.
1467 1214 1503 1241 al.
1520 1219 1627 1253 urgan)

1260 1265 1301 1272 ·-
1321 1252 1402 1280 Nihi!
1419 1253 1435 1290 ζ
1452 1254 1571 1283 Nihlde
1582 1256 1622 1285 bis

1258 1306 1299 1312 —
1320 1292 1437 1320 vestrum
1454 1293 1480 1321 K
1495 1297 1603 1331 nqstrum

1263 1341 1300 1366 24
1322 1341 1404 1369 quem
1422 1333 1546 1362 incolitis
1561 1335 1578 1371 ξ
1591 1338 1616 1363 d.

1264 1371 1299 1399 26
1321 1373 1435 1409 angusta
1450 1373 1478 1400 K
1492 1379 1630 1412 angustam

1260 1425 1301 1432 —
1322 1412 1450 1448 quaedam
1467 1414 1490 1447 ψ
1506 1417 1604 1451 quidem

1263 1460 1299 1486 27
1323 1451 1499 1480 Atlanticum
1517 1453 1540 1481 E
1557 1455 1780 1485 Aluthalamicum

1263 1492 1298 1518 28
1322 1501 1406 1528 quem
1424 1493 1446 1520 E
1465 1493 1491 1521 K
1507 1494 1535 1521 U
1549 1493 1566 1531 ξ
1579 1497 1646 1532 quod

1263 1540 1300 1568 30
1322 1540 1369 1559 aut
1386 1540 1464 1560 tuum
1480 1534 1502 1561 E
1519 1533 1545 1561 K
1561 1543 1643 1563 autem
1656 1545 1726 1564 tuum

1263 1579 1295 1608 3¹
1322 1570 1396 1599 hunc
1412 1573 1434 1600 E
1449 1576 1523 1611 istum

1263 1620 1300 1648 32
1323 1611 1462 1640 transnare
1475 1613 1492 1650 ζ
1506 1615 1670 1651 traqfrralare
1683 1617 1707 1650 ψ
1718 1625 1824 1645 tranare

1261 1665 1302 1672 -—-
1324 1651 1397 1688 Qis
1414 1652 1441 1680 K
1457 1654 1485 1682 U
1501 1654 1517 1690 ζ
1531 1655 1580 1682 vel
1589 1660 1645 1692 quis

1184 1701 1240 1730 395
1287 1700 1297 1718 1
1323 1691 1435 1720 dilatari
1453 1693 1475 1721 E
1494 1694 1521 1722 U
1537 1694 1650 1724 dilatare

1262 1746 1300 1753 —
1322 1731 1404 1760 vobis
1419 1733 1441 1761 E
1452 1734 1476 1768 ψ
1489 1734 1559 1763 nobis

1283 1781 1298 1808 3
1321 1771 1406 1800 etiam
1422 1772 1440 1809 ζ
1452 1774 1476 1801 d.

1283 1821 1298 1849 ς
1321 1813 1531 1852 exustionesque
1551 1815 1574 1843 E
1587 1816 1782 1856 cxcurfionespue

1282 1851 1300 1879 6
1322 1860 1399 1881 certo
1415 1853 1442 1881 K
1457 1855 1483 1883 d.

1261 1907 1303 1914 --
1323 1902 1378 1920 non
1394 1893 1479 1921 modo
1495 1904 1550 1923 non
1566 1894 1650 1930 {eam
1663 1904 1692 1925 ut

1285 1942 1302 1970 9
1323 1940 1387 1960 ante
1403 1934 1425 1962 E
1440 1943 1523 1962 autem

1263 1987 1304 1995 -
1326 1973 1378 2000 fint
1394 1974 1416 2001 E
1434 1973 1460 2001 U
1467 1977 1532 2010 fimf

1271 2022 1302 2041 11
1330 2013 1448 2040 nostrum
1470 2014 1491 2041 Ε,
1504 2014 1532 2042 U
1549 2015 1574 2042 Y
1587 2015 1612 2049 ψ
1626 2017 1738 2053 vcslrum

1268 2062 1302 2081 12
1322 2053 1500 2090 populariter
1519 2055 1540 2082 E
1564 2057 1637 2092 quasi
1649 2060 1807 2085 immuniter
1822 2057 1890 2096 loqui

1373 2093 1399 2120 K
1415 2093 1548 2131 lcqualtter
1563 2096 1586 2122 Y
1602 2096 1619 2131 ζ
1632 2095 1793 2133 Ιαμιίαήιιν

1268 2141 1301 2170 13
1323 2131 1415 2160 reditu
1432 2134 1458 2168 ζ,
1470 2134 1493 2167 ψ
1509 2137 1618 2163 reditum

1268 2182 1304 2209 14
1327 2172 1387 2200 sunt
1403 2173 1630 2212 Ksunrpuntlum

1263 2227 1303 2234 —-
1323 2212 1499 2250 eandemque
1514 2214 1535 2242 E
1549 2217 1678 2253 eademque

1260 2268 1300 2274 —
1322 2252 1407 2280 totius
1421 2253 1439 2289 ζ
1449 2258 1476 2282 d.

1266 2302 1299 2331 ¹5
1323 2291 1537 2331 descriptionem
1550 2296 1575 2323 Y
1586 2297 1706 2333 regiorum
1717 2295 1810 2334 (supra
1821 2296 1889 2331 lin.)

1368 2331 1395 2365 ψ
1409 2334 1553 2369 discretiont

1261 2387 1302 2394 —
1321 2379 1431 2401 vertens
1447 2375 1468 2402 E
1483 2385 1591 2412 vergem

1266 2414 1299 2441 18
1321 2411 1507 2452 extinguique
1521 2415 1544 2443 E
1558 2422 1581 2444 et
1595 2416 1713 2453 emingui

1261 2466 1301 2489 3—-
1322 2451 1381 2491 ipsa
1394 2452 1421 2490 ψ
1434 2455 1461 2485 d.
