2223 3003
525 249 605 303 326
898 241 1004 282 DE
1075 237 1554 278 AMICITIA.

522 348 795 402 Qamobrem
827 355 916 382 cave
953 341 1095 380 Catoni
1128 349 1334 394 anteponas
1368 352 1417 379 ne
1449 339 1568 378 istum
1600 337 1762 392 quidem
1787 341 1927 394 ipsum,

519 427 644 467 quem
680 410 839 464 Apollo,
877 418 923 447 ut
957 409 1024 454 ais,
1061 406 1379 460 sapientiffimum
1407 406 1599 459 judicavit
1617 421 1626 445 ε
1673 405 1790 459 hujus
1823 408 1929 446 enim

523 479 635 522 facta,
656 476 762 515 illius
783 475 897 520 dieta,
918 474 1135 513 laudantur.
1158 474 1222 512 De
1237 486 1301 512 me
1321 481 1452 512 autem
1475 473 1537 525 (ut
1548 473 1634 525 jam
1653 486 1746 511 curn
1766 481 1932 526 utroque

523 543 674 596 loquar)
697 541 746 580 fic
767 540 961 580 habetote.

578 609 654 647 III.
686 609 788 661 Ego,
820 606 847 645 fi
878 605 1070 660 Scipionis
1091 605 1272 644 defiderio
1303 618 1368 645 me
1389 605 1535 645 moveri
1555 618 1709 659 negem,
1739 602 1860 657 quarn
1890 603 1931 642 id

523 677 623 714 reste
643 673 797 719 faciam,
814 673 981 712 viderint
998 673 1180 726 sapientes
1199 691 1211 718 ;
1234 673 1295 711 sed
1311 681 1414 711 certe
1431 672 1610 711 mentiar.
1641 672 1807 710 Moveor
1826 670 1932 709 enim

522 742 591 780 tali
611 741 738 780 amico
758 740 928 785 orbatus,
950 740 1088 793 qualis»,
1121 748 1164 778 ut
1184 740 1360 784 arbitror,
1393 752 1510 778 nemo
1541 752 1716 792 unquam
1745 737 1818 776 erit
1833 756 1846 783 ³
1877 745 1930 782 et,

524 817 569 846 ut
598 807 826 846 confirmare
855 805 1020 858 poffum,
1052 818 1168 844 nemo
1197 814 1299 843 certe
1327 803 1418 843 fuit.
1469 805 1542 843 Sed
1573 818 1652 844 non
1681 817 1774 858 egeo
1802 802 1931 841 medi-

522 873 637 911 cina:
670 885 734 910 me
754 871 834 924 ipse
854 870 1044 914 consolor,
1076 878 1114 907 et
1142 870 1313 908 maxime
1333 869 1402 907 illo
1422 869 1570 915 solatio,
1601 870 1708 923 quod
1736 883 1783 908 eo
1806 881 1932 907 errore

520 952 645 983 careo,
667 951 760 990 quo,
781 937 999 975 amicorum
1025 935 1188 980 deceffu,
1220 936 1393 988 plerique
1412 936 1501 989 angi
1521 936 1665 975 solent:
1701 935 1802 975 nihil
1823 935 1931 973 enim

523 1005 618 1043 mali
637 1003 814 1042 accidisse
833 1002 1004 1056 Scipioni
1025 1011 1145 1055 puto:
1177 1001 1278 1040 mihi
1309 1002 1463 1047 accidit,
1495 1002 1522 1040 sl
1543 1002 1639 1054 quid
1658 1002 1813 1040 accidit.
1846 1001 1930 1039 Suis

522 1079 654 1108 autem
688 1069 951 1108 incommodis
985 1068 1150 1122 graviter
1184 1068 1287 1121 angi,
1332 1081 1411 1106 non
1446 1067 1633 1113 amicum,
1670 1067 1732 1106 sed
1767 1065 1930 1120 seipsum

520 1137 686 1176 amantis
706 1136 772 1175 est.

578 1204 686 1242 Cum
717 1202 785 1241 illo
813 1216 903 1241 vero
935 1203 1022 1256 quis
1051 1211 1163 1256 neget
1194 1203 1323 1241 aftum
1349 1201 1419 1240 effe
1450 1201 1660 1256 praeclare?
1691 1199 1778 1240 Nifi
1808 1200 1930 1245 enim,

523 1270 650 1322 (quod
670 1269 734 1308 ille
754 1270 919 1308 minime
947 1270 1124 1322 putabat)
1158 1269 1493 1308 immortalitatem
1520 1278 1650 1321 optare
1680 1267 1809 1312 vellet,
1837 1266 1932 1318 quid

522 1349 602 1374 non
628 1335 680 1374 est
701 1336 876 1388 adeptus,
910 1335 1015 1387 quod
1046 1335 1200 1373 homini
1231 1334 1287 1373 fas
1319 1334 1407 1373 effet
1437 1335 1596 1387 optare?
1629 1334 1711 1385 Qi
1738 1333 1930 1372 summam

523 1402 630 1454 spem
651 1401 812 1445 civium,
846 1414 964 1453 quam
985 1401 1031 1438 de
1058 1415 1103 1439 eo
1122 1402 1205 1453 jam
1226 1414 1345 1454 puero
1364 1400 1589 1445 habuerant,
1607 1399 1807 1447 ‚continuo
1837 1398 1929 1437 ado-

520 1467 664 1506 lescens
686 1466 905 1505 incredibili
926 1467 1067 1504 virtute
1089 1467 1276 1519 superavit
1295 1482 1303 1505 :
1321 1467 1390 1519 qui
1411 1467 1654 1505 consulatum
1671 1466 1806 1518 petivit
1827 1478 1930 1503 nun-

522 1547 656 1585 quam,
678 1531 800 1570 fastus
821 1531 873 1569 est
894 1531 1040 1570 Consul
1063 1531 1150 1577 bis;
1173 1531 1346 1584 primum
1367 1542 1454 1570 ante
1474 1541 1658 1585 tempus;
1684 1532 1826 1570 iterum
1847 1531 1930 1576 fibi,

522 1598 589 1637 suo
611 1607 811 1651 tempore;
844 1597 1078 1650 reipublicae,
1101 1611 1198 1649 pene
1219 1598 1299 1635 sero
1317 1613 1326 1635 ε
1359 1599 1442 1649 qui,
1474 1598 1622 1636 duabus
1643 1597 1804 1636 urbibus
1823 1610 1931 1635 ever-

522 1665 582 1710 sis,
605 1663 878 1703 inimiciffimis
900 1661 993 1701 huic
1010 1663 1186 1715 imperio,
1210 1677 1286 1701 non
1304 1663 1422 1701 modo
1437 1663 1646 1716 praesentia,
1664 1677 1797 1702 verum
1815 1664 1934 1702 etiam

521 1730 666 1775 futura,
689 1729 788 1768 bella
807 1728 962 1767 delevit.
986 1728 1096 1781 Qid
1116 1729 1243 1766 dicam
1264 1728 1310 1766 de
1333 1729 1506 1767 moribus
1528 1728 1726 1767 facillimis
1745 1729 1758 1765 ?
1780 1729 1826 1767 de
1846 1730 1931 1783 pie-

521 1806 598 1835 tate
619 1797 659 1835 in
681 1804 845 1834 matrem
865 1796 877 1832 ?
900 1795 1127 1834 liberalitate
1147 1795 1188 1833 in
1208 1795 1348 1834 sorores
1368 1795 1381 1832 ?
1404 1795 1574 1834 bonitate
1595 1796 1634 1834 in
1653 1796 1736 1835 suos
1755 1797 1768 1833 ?
1785 1796 1933 1848 justitia

523 1863 563 1901 in
595 1862 761 1901 omnes?
806 1862 904 1899 Haec
936 1871 1027 1900 nota
1058 1861 1144 1899 sunt
1175 1862 1308 1900 vobis:
1340 1875 1458 1914 quam
1489 1872 1619 1901 autem
1650 1863 1797 1901 civitati
1822 1877 1931 1902 carus

522 1927 653 1973 fuerit,
676 1940 840 1965 moerore
861 1925 1005 1965 funeris
1026 1927 1240 1965 indicatum
1263 1927 1329 1965 est.
1363 1928 1471 1978 Qid
1502 1928 1622 1980 igitur
1652 1928 1930 1980 hunc-pauco-

523 2008 611 2032 rum
632 2007 821 2032 annorum
841 1993 998 2031 acceffio
1011 1994 1146 2045 juvare
1166 1992 1372 2046 potuiffet?
1404 1994 1584 2032 Senectus
1612 1995 1731 2039 enim,
1754 1997 1930 2047 quamvis

523 2074 601 2099 non
617 2060 659 2098 s1t
679 2060 818 2112 gravis,
834 2068 876 2097 ut
898 2060 1060 2098 memini
1082 2061 1287 2105 Catonem,
1303 2073 1403 2099 anno
1422 2070 1509 2099 ante
1531 2075 1647 2113 quam
1669 2072 1845 2100 mortuus
1864 2063 1929 2108 est,

522 2140 682 2166 mecum
702 2135 739 2164 et
759 2139 850 2164 cum
873 2126 1051 2178 Scipione
1071 2126 1256 2172 differere,
1286 2136 1414 2165 tamen
1436 2126 1556 2166 aufert
1577 2141 1659 2166 eam
1681 2128 1928 2174 viriditatem,

521 2195 562 2233 in
584 2207 659 2247 qua
679 2193 794 2231 etiam
817 2202 910 2231 tunc
932 2201 1009 2230 erat
1029 2193 1172 2246 Scipio.

578 2259 847 2311 Qamobrem
880 2258 957 2296 vita
991 2259 1152 2311 quidem
1184 2259 1268 2298 talis
1303 2259 1392 2304 fuit,
1426 2261 1483 2298 vel
1507 2259 1673 2305 fortuna,
1709 2261 1766 2298 vel
1794 2260 1928 2313 gloria,

524 2335 566 2365 ut
595 2324 693 2363 nihil
715 2324 833 2378 poffet
861 2326 1064 2371 accedere-5
1098 2327 1288 2364 moriendi
1320 2335 1448 2364 autem
1471 2326 1619 2365 sensum
1650 2327 1822 2364 celeritas
1844 2327 1929 2364 abs-

524 2391 640 2431 tulit:
673 2405 752 2443 quo
784 2391 830 2428 de
863 2405 1001 2443 genere
1034 2393 1169 2431 mortis
1202 2392 1360 2430 difficile
1390 2392 1494 2429 die‘tu
1528 2393 1603 2437 cst;
1636 2392 1730 2444 quid
1753 2392 1930 2430 homines

524 2457 771 2509 suspicentur,
805 2457 954 2495 videtis.
1001 2459 1089 2497 Hoc
1123 2468 1248 2497 tamen
1280 2472 1364 2496 vere
1387 2458 1476 2496 licet
1499 2458 1639 2503 dicere,
1676 2459 1717 2496 P.
1742 2459 1927 2512 Scipioni,

523 2538 568 2562 cx
593 2522 726 2560 multis
747 2523 896 2567 diebus,
930 2538 1027 2575 quos
1060 2525 1098 2563 in
1130 2525 1208 2563 vita
1227 2524 1495 2563 celeberrimos
1517 2523 1799 2577 l.rtilliniol‘que
1820 2524 1928 2563 vide-

521 2590 586 2634 rit,
610 2588 723 2628 illum
743 2589 847 2628 diem
867 2590 1116 2630 clarissimum
1136 2590 1261 2638 fuiss‘c,
1288 2606 1396 2637 cum,
1429 2591 1556 2632 senatu
1577 2591 1745 2637 dimiss‘o,
1765 2591 1929 2631 domum
