2223 3003
812 306 1086 346 LIBER
1149 308 1511 348 PRIMUS.
1807 324 1855 364 ις

464 405 506 444 in
538 405 659 443 vinea.
711 405 858 457 Itaque,
889 406 950 443 sue
973 407 1137 451 inventa,
1174 408 1220 445 ad
1247 408 1448 446 meridiem
1477 408 1645 461 spetstans
1679 409 1720 447 in
1745 410 1857 448 vinea

464 472 590 509 media
608 471 750 509 dicitur
769 470 997 514 constitisse5
1028 484 1197 522 cumque
1217 473 1257 509 in
1277 483 1439 524 quatuor
1468 484 1589 527 partes
1620 475 1769 513 vineam
1791 476 1854 514 di-

464 537 611 580 vififfet,
642 535 788 586 tresque
819 544 941 587 partes
971 548 1054 572 aves
1085 536 1323 581 afflixissent,
1354 541 1488 588 quarta
1516 551 1634 591 parte,
1665 555 1750 593 quae
1775 551 1855 580 erat

463 601 621 652 reliqua,
651 600 691 637 in
724 599 892 651 regiones
913 599 1126 644 distributa,
1158 601 1327 638 mirabili
1356 603 1622 654 magnitudine
1653 619 1780 653 uvam,
1811 617 1857 646 ut

465 665 648 718 scriptum
668 665 857 709 videmus,
879 665 1041 703 invenit.
1073 666 1161 716 Qa
1179 680 1218 703 re
1238 666 1439 711 celebrata,
1470 681 1561 705 cum
1582 669 1699 707 vicini
1719 685 1853 711 omnes

463 731 508 769 ad
529 745 652 770 unum
672 731 718 769 de
738 731 849 769 rebus
868 731 942 769 suis
962 730 1157 777 referrent,
1187 742 1265 770 erat
1295 734 1336 771 in
1359 747 1502 786 magno
1530 736 1687 773 nomine
1706 746 1744 774 et
1766 739 1853 790 glo-

464 797 529 835 ria.
573 797 634 835 Ex
661 810 739 849 quo
769 795 913 834 factum
943 796 1010 841 est,
1042 806 1084 835 ut
1117 811 1207 836 eum
1234 799 1280 836 ad
1300 798 1336 836 se
1368 813 1433 837 rex
1454 800 1603 838 Priscus
1634 802 1851 841 arcesseret:

462 864 571 915 cujus
591 876 684 901 cum
705 871 866 900 tentaret
884 863 1081 901 scientiam
1100 864 1319 917 auguratus,
1336 865 1435 903 dixit
1452 866 1487 903 ei
1499 866 1535 904 se
1554 867 1721 919 cogitare
1736 869 1852 920 quid-

462 928 574 973 dam;
607 929 647 967 id
669 928 836 982 poffetne
855 928 952 973 fieri,
982 929 1188 969 consuluit.
1249 931 1333 976 Ille,
1364 932 1522 983 augurio
1547 934 1642 977 msto,
1673 934 1774 985 poffe
1794 949 1851 972 re-

461 993 627 1047 spondit.
672 995 907 1046 Tarquinius
936 1005 1065 1033 autem
1096 995 1194 1034 dixit
1223 995 1259 1033 se
1289 997 1480 1049 cogitasse,
1512 1007 1638 1036 cotem
1669 1000 1855 1038 novacula

460 1060 561 1113 poffe
580 1060 734 1113 praecidi
752 1075 761 1098 ε
794 1070 880 1098 tum
899 1061 1055 1099 Attium
1074 1061 1215 1113 juffifi‘e
1234 1062 1411 1115 experiri.
1444 1064 1501 1101 Ita
1519 1073 1647 1102 cotem
1666 1064 1707 1102 in
1726 1067 1852 1103 comi-

460 1125 563 1163 tium
583 1126 749 1170 allatam,
780 1125 1010 1176 inspectante
1029 1135 1066 1164 et
1100 1140 1186 1178 rege
1212 1136 1250 1164 et
1282 1128 1442 1180 populo,
1472 1129 1657 1167 novacula
1686 1130 1756 1167 effe
1776 1131 1853 1168 dis-

459 1191 604 1229 ciffam.
665 1191 727 1228 Ex
760 1204 804 1228 eo
832 1192 972 1236 evenit,
1003 1201 1046 1229 ut
1074 1201 1111 1229 et
1139 1193 1379 1244 Tarquinius
1410 1207 1550 1246 augure
1583 1195 1694 1233 Attio
1726 1197 1854 1236 Navio

458 1266 640 1302 uteretur,
672 1266 709 1294 et
728 1257 893 1309 populus
923 1258 969 1294 de
989 1257 1062 1296 suis
1083 1258 1195 1296 rebus
1215 1259 1262 1296 ad
1291 1272 1382 1297 eum
1408 1259 1574 1299 referret.
1621 1262 1762 1299 Cotem
1782 1276 1851 1301 au-

459 1331 541 1362 tem
559 1323 668 1361 illam
686 1332 724 1360 et
755 1323 981 1362 novaculam
1009 1324 1190 1363 defoffam
1211 1326 1252 1363 in
1282 1326 1459 1371 comitio,
1490 1326 1673 1379 supraque
1695 1328 1853 1380 impofi-

459 1397 546 1427 tum
565 1389 707 1442 puteal,
724 1390 956 1442 accepimus.
989 1390 1190 1443 Negemus
1207 1392 1361 1436 omnia;
1384 1392 1657 1430 comburamus
1674 1394 1824 1432 annales
1837 1413 1850 1439 ;

460 1454 547 1492 fieta
564 1453 647 1493 haec
677 1455 747 1493 effe
767 1455 939 1493 dicamus
956 1474 968 1500 ;
1000 1457 1152 1508 quidvis
1173 1457 1336 1509 denique
1356 1458 1499 1510 potius,
1531 1471 1649 1511 quam
1670 1460 1774 1497 Deos
1795 1473 1852 1497 res

461 1518 646 1559 humanas
667 1534 810 1566 curare,
840 1520 1038 1560 fateamur.

520 1586 658 1637 Qid?
689 1587 792 1639 quod
825 1587 926 1640 apud
957 1597 993 1625 te
1013 1588 1198 1640 scriptum
1232 1589 1283 1627 est
1313 1590 1359 1627 de
1380 1590 1475 1629 Tib.
1500 1589 1693 1636 Graccho,
1724 1603 1854 1628 nonne

462 1659 498 1688 et
527 1663 716 1702 augurum
746 1660 784 1688 et
813 1650 1058 1703 haruspicum
1090 1655 1315 1704 comprobat
1341 1654 1616 1706 disciplinam?
1647 1655 1728 1705 qui,
1759 1668 1851 1693 cum

460 1715 750 1752 tabernaculum
781 1716 875 1751 vitio
908 1717 1061 1767 cepiffet
1089 1718 1327 1770 imprudens,
1372 1718 1479 1769 quod
1511 1718 1746 1771 inauspicato
1779 1733 1851 1772 po-

461 1779 644 1817 moerium
664 1777 904 1830 transgressus
925 1777 1027 1823 esset,
1058 1781 1216 1817 comitia
1237 1781 1468 1819 Consulibus
1495 1783 1670 1835 rogandis
1700 1782 1850 1823 habuit.

461 1845 567 1884 Nota
585 1857 642 1882 res
673 1844 740 1889 est,
769 1853 808 1882 et
840 1857 861 1881 a
885 1853 922 1882 te
955 1843 1035 1897 ipso
1061 1845 1237 1883 mandata
1266 1848 1544 1886 monumentis.
1605 1848 1675 1886 Sed
1705 1858 1742 1886 et
1775 1849 1852 1902 ipse

460 1923 580 1963 augur
598 1909 694 1948 Tib.
717 1908 918 1948 Gracchus
947 1910 1204 1963 auspiciorum
1237 1913 1501 1951 auctoritatem
1531 1912 1761 1952 confeffione
1791 1928 1851 1953 er-

461 1975 530 2014 rati
560 1975 616 2014 sui
645 1975 924 2029 comprobavit,
959 1985 997 2014 et
1027 1975 1271 2030 haruspicum
1306 1978 1513 2031 disciplinae
1539 1993 1676 2031 magna
1705 1981 1852 2019 accesfit

460 2042 675 2087 austoritas,
705 2042 788 2095 qui,
818 2042 1033 2080 recentibus
1052 2043 1222 2081 comitiis
1241 2044 1281 2081 in
1302 2043 1472 2084 senatum
1492 2045 1712 2091 introduCti,
1735 2060 1849 2100 nega-

460 2115 597 2145 verunt
609 2107 759 2160 justum
778 2108 1028 2147 comitiorum
1048 2117 1261 2161 rogatorem
1281 2107 1404 2148 fuiffe.

514 2173 669 2214 XVIII.
699 2173 750 2212 Iis
770 2173 888 2226 igitur
907 2173 1094 2220 assentior,
1124 2175 1194 2226 qui
1224 2175 1300 2213 duo
1319 2188 1454 2227 genera
1479 2175 1760 2214 divinationum
1781 2177 1850 2215 effe

461 2237 639 2277 dixerunt
656 2253 665 2277 :
697 2252 836 2283 unum,
867 2239 970 2290 quod
990 2240 1175 2292 particeps
1195 2239 1283 2278 effet
1302 2240 1390 2279 artis
1405 2259 1417 2286 ς
1449 2240 1626 2286 alterum,
1650 2242 1754 2293 quod
1773 2250 1850 2279 arte

461 2312 616 2342 careret.
675 2302 743 2342 Est
773 2303 878 2342 enim
912 2317 968 2342 ars
989 2304 1029 2342 in
1059 2304 1120 2349 iis,
1151 2305 1219 2357 qui
1249 2318 1363 2344 novas
1394 2319 1450 2343 res
1478 2307 1693 2357 conjeffitura
1725 2305 1848 2358 perse-

461 2379 647 2420 quuntur,
689 2378 831 2409 veteres
865 2369 1120 2409 observatione
1149 2371 1375 2410 didicerunt.
1435 2373 1575 2410 Carent
1610 2381 1738 2410 autem
1773 2382 1849 2410 arte

462 2433 504 2478 ii,
532 2435 601 2487 qui
631 2448 708 2474 non
738 2435 894 2480 ratione,
924 2445 989 2474 aut
1020 2437 1236 2488 conjectura
1254 2437 1471 2482 observatis,
1501 2450 1542 2475 ac
1562 2437 1700 2475 notatis
1721 2437 1847 2488 figni5‚

463 2496 523 2534 sed
559 2500 814 2539 concitatione
847 2500 1013 2554 quadam
1042 2502 1190 2546 animi,
1231 2511 1297 2540 aut
1337 2501 1460 2541 soluto
1498 2502 1697 2554 liberoque
1738 2510 1847 2538 motu

465 2560 593 2600 futura
621 2566 891 2616 praesentiunt:
936 2567 1042 2621 quod
1067 2577 1106 2607 et
1138 2567 1416 2608 somniantibus
1450 2567 1543 2620 saepe
1575 2567 1778 2618 contingit,
1809 2574 1847 2602 et
