2223 3003
683 229 787 271 DE
856 231 1332 273 AMICITIA.

1630 251 1707 292 333

309 331 408 385 quid
437 331 595 375 mirum,
625 330 649 369 fi
669 331 789 369 animi
820 330 1029 369 hominum
1050 334 1288 376 moveantur,
1321 344 1412 370 cum
1435 344 1583 378 eorum,
1615 337 1708 386 qui-

309 398 471 435 buscum
494 397 561 434 usu
592 397 788 448 conjund’ti
808 396 878 434 effe
900 396 1065 448 poss‘unt,
1100 397 1282 435 virtutem
1301 407 1340 435 et
1374 397 1587 437 bonitatem
1619 414 1708 452 per-

309 463 452 515 spicere
486 463 714 500 videantur?
760 463 998 513 Qanquam
1029 462 1280 501 confirmatur
1312 477 1419 502 amor
1451 475 1489 502 et
1523 465 1710 506 beneficio

308 538 481 581 accepto,
514 538 551 566 et
570 527 697 565 studio
729 526 937 579 perspe&0‚
969 536 1006 564 et
1025 527 1300 566 consuetudine
1331 529 1534 580 adjundta:
1566 532 1710 583 quibus

308 594 421 632 rebus
441 595 488 632 ad
517 594 632 631 illum
660 592 833 644 primum
869 600 1025 629 motum
1043 593 1168 629 animi
1196 603 1235 630 et
1252 594 1392 631 amoris
1412 594 1609 642 adhibitis,
1640 598 1708 636 ad-

309 659 496 697 mirabilis
517 657 693 710 quaedam
722 656 931 694 exardescit
962 657 1234 695 benevolentiae
1261 660 1515 711 magnitudo:
1543 675 1661 713 quam
1681 664 1710 702 fi

308 725 376 777 qui
396 733 533 777 putant
564 723 610 760 ab
631 722 898 760 imbecillitate
918 721 1122 774 proficisci,
1154 732 1197 760 ut
1225 723 1270 761 fit
1304 737 1370 775 per
1399 738 1518 776 quem
1548 729 1710 780 quisque

307 790 532 843 assequatur,
554 787 660 841 quod
679 788 874 833 desideret,
904 787 1098 826 humilem
1119 788 1203 826 sane
1223 789 1460 842 relinquunt,
1488 801 1525 829 et
1545 793 1709 832 minime

307 857 548 908 generosum,
570 864 612 892 ut
631 855 688 893 ita
704 855 846 899 dicam,
866 866 998 893 ortum
1017 855 1215 900 amicitiae,
1241 869 1359 908 quam
1379 870 1428 896 ex
1445 857 1576 910 inopia
1593 868 1710 912 atque

305 921 518 973 indigentia
538 930 666 959 natam
686 919 843 959 volunt·v>

361 988 481 1040 Qod
507 988 533 1025 fi
565 988 616 1025 ita
647 986 735 1025 effet
750 1005 762 1032 ς
795 997 838 1026 ut
868 987 1031 1040 quisque
1056 989 1267 1027 minimum
1289 989 1328 1027 in
1350 989 1386 1027 se
1406 987 1476 1028 effe
1506 991 1708 1030 arbitrare-

307 1063 383 1100 tur,
419 1055 472 1092 ita
505 1054 552 1092 ad
582 1054 796 1092 amicitiam
826 1054 913 1093 effet
944 1055 1184 1107 aptiffimus;
1228 1056 1332 1109 quod
1361 1057 1476 1109 longe
1502 1057 1606 1095 secus
1639 1059 1708 1098 est.

307 1122 364 1159 Ut
384 1121 490 1159 enim
511 1120 673 1173 quisque
704 1121 773 1159 fibi
805 1121 1020 1174 plurimum
1049 1123 1225 1167 confidit,
1256 1132 1294 1160 et
1325 1133 1368 1161 ut
1399 1123 1560 1175 quisque
1581 1125 1708 1163 maxi-

306 1199 371 1224 me
400 1187 540 1225 virtute
570 1195 611 1224 et
642 1186 823 1239 sapientia
853 1186 902 1224 s1c
923 1188 1098 1226 munitus
1117 1188 1183 1233 est,
1216 1197 1259 1226 ut
1289 1188 1398 1226 nullo
1417 1198 1538 1242 egeat,
1570 1189 1716 1242 suaque

303 1252 437 1289 omnia
465 1252 505 1289 in
527 1252 563 1289 se
592 1251 674 1304 ipso
699 1252 1012 1304 pofitajudicet;
1044 1254 1097 1291 ita
1124 1254 1163 1291 in
1184 1254 1368 1292 amicitiis
1392 1255 1612 1307 expetendis
1638 1269 1708 1294 co-

303 1317 502 1370 lendisque
522 1317 692 1355 maxime
712 1317 882 1356 excellit.
921 1318 1030 1369 Qid
1050 1319 1156 1357 enim
1177 1318 1383 1357 Africanus
1405 1320 1580 1371 indigens
1602 1321 1707 1358 mei?

303 1384 468 1422 minime
488 1383 640 1421 hercle:
672 1396 716 1421 ac
741 1397 789 1421 ne
809 1397 881 1436 ego
911 1384 1072 1436 quidem
1098 1385 1231 1423 illius:
1264 1384 1326 1422 sed
1354 1398 1426 1438 ego
1457 1386 1710 1424 admiratione

302 1450 472 1502 quadam
497 1449 651 1488 virtutis
684 1450 764 1502 ejus
780 1468 792 1494 ς
824 1450 890 1488 ille
921 1450 1084 1489 viciffim
1111 1452 1295 1503 opinione
1326 1450 1476 1489 fort-affe
1506 1453 1707 1497 nonnulla,

303 1529 421 1568 quam
442 1515 488 1553 de
520 1515 618 1553 meis
638 1516 811 1553 moribus
843 1514 1021 1560 habebat,
1055 1529 1118 1553 me
1139 1517 1273 1554 dilexit
1295 1531 1304 1554 z
1347 1518 1453 1554 auxit
1475 1518 1709 1556 benevolen-

302 1582 397 1618 tiam
418 1580 666 1619 consuetudo.
690 1580 783 1624 Sed,
797 1593 1017 1631 quanquam
1033 1581 1214 1618 utilitates
1232 1581 1366 1618 multae
1386 1590 1424 1618 et
1444 1595 1590 1634 magnae
1610 1596 1708 1622 con-2

302 1647 438 1685 secutae
469 1646 570 1691 sunt,
601 1657 678 1684 non
699 1645 789 1684 sunt
814 1654 942 1683 tamen
963 1646 1010 1684 ab
1030 1658 1162 1684 earum
1189 1645 1251 1699 spe
1271 1647 1388 1685 causae
1410 1647 1594 1700 diligendi
1615 1663 1708 1702 pro-

304 1712 424 1752 sedtae.

358 1780 415 1817 Ut
446 1779 551 1817 enim
586 1778 749 1817 benefici
777 1779 1024 1832 liberalesque
1057 1779 1202 1824 sumus,
1231 1793 1308 1818 non
1329 1789 1372 1818 ut
1393 1780 1591 1833 exigamus
1618 1795 1708 1834 gra·-

302 1845 409 1889 tiam‚
449 1847 591 1897 (neque
620 1845 725 1883 enim
746 1845 980 1883 beneficium
1004 1844 1256 1897 foeneramur)
1290 1846 1352 1883 sed
1371 1847 1505 1883 natura
1530 1846 1711 1898 propensi.

302 1910 345 1948 ad
369 1910 638 1948 liberalitatem
654 1909 783 1949 sumus
799 1929 811 1956 ς
836 1911 886 1948 fic
906 1911 1133 1955 amicitiam,
1155 1924 1232 1948 non
1250 1911 1312 1963 spe
1331 1912 1516 1949 mercedis
1537 1911 1706 1957 adducti,

301 1976 363 2014 sed
384 1977 489 2029 quod
510 1976 637 2015 omnis
657 1977 736 2029 ejus
753 1976 899 2016 frud'rus
920 1978 960 2015 in
981 1976 1062 2030 ipso
1082 1990 1210 2016 amore
1230 1977 1338 2023 inest,
1356 1977 1609 2030 expetendam
1629 1991 1708 2031 pu-

303 2052 443 2081 tamus.

358 2109 422 2146 Ab
454 2109 514 2153 iis,
545 2110 615 2162 qui
650 2110 844 2162 pecudum
885 2111 962 2148 ritu
995 2110 1041 2147 ad
1080 2110 1320 2161 voluptatem
1355 2109 1485 2147 omnia
1520 2107 1707 2155 referunt,

303 2174 416 2226 longe
437 2173 676 2212 diffentimus
692 2192 705 2218 ς
737 2188 806 2212 nec
827 2176 997 2212 mirum:
1030 2173 1128 2211 nihil
1149 2174 1253 2210 enirn
1271 2173 1409 2218 altum,
1431 2173 1530 2211 nihil
1551 2177 1706 2227 magni—-

303 2240 424 2278 ficum
458 2254 501 2278 ac
531 2240 708 2277 divinum
744 2239 928 2292 suspicere
963 2239 1138 2291 possunt,
1174 2239 1242 2291 qui
1276 2239 1356 2277 suas
1388 2253 1522 2278 ornnes
1555 2242 1704 2293 cogita-

300 2305 422 2344 tiones
456 2306 675 2358 abjecerunt
705 2306 745 2343 in
779 2320 861 2344 rem
894 2315 971 2343 tam
1004 2304 1211 2350 humilem,
1243 2314 1399 2358 tamque
1421 2315 1702 2359 contemptam.

305 2371 568 2422 Qamobrem
609 2370 681 2409 hos
712 2372 870 2424 quidem
904 2372 950 2409 ab
985 2370 1059 2409 hoc
1092 2370 1263 2409 sermone
1299 2385 1588 2411 removeamus:
1636 2373 1705 2426 ipfi

302 2446 431 2473 autem
452 2437 728 2489 intelligamus,
761 2438 894 2476 natur-21
923 2437 1031 2490 gigni
1058 2436 1207 2474 sensum
1228 2437 1429 2490 diligendi,
1465 2448 1502 2476 et
1537 2439 1703 2476 benevo-

303 2500 428 2538 lentiae
447 2502 658 2546 caritatem,
687 2501 785 2541 fasta
803 2502 1078 2556 significatione
1099 2502 1300 2554 probitatis
1316 2520 1327 2547 5
1360 2516 1477 2555 quarn
1499 2503 1565 2555 qui
1586 2517 1704 2555 appe-

301 2566 482 2611 tiverunt,
514 2567 708 2620 applicant
738 2567 810 2607 sese
840 2578 877 2607 et
911 2569 1066 2621 propius
1102 2567 1324 2613 admovent,
1360 2578 1403 2606 ut
1437 2577 1475 2607 et
1509 2567 1576 2605 usu
1606 2569 1714 2620 ejus,
