2223 3003
709 283 986 324 LIBER
1042 284 1467 327 TERTIUS.
1713 304 1786 345 271

389 393 616 424 mercatores
650 385 882 425 Alexandri-a
919 385 1077 431 solviss‘e,
1123 386 1308 439 navesque
1346 387 1387 425 in
1425 386 1550 433 cursu,
1592 386 1792 429 frumento

386 451 553 497 onustas,
583 461 755 504 petentes
776 451 979 496 Rhodum,
1011 451 1175 497 viderit,
1208 452 1425 491 dicturusne
1459 454 1504 492 s1t
1537 454 1576 492 id
1607 454 1790 502 Rhodiis,

387 530 436 554 an
457 517 605 556 filentio
621 518 733 556 suum
753 530 868 569 quam
883 517 1054 570 plurimo
1074 517 1296 555 venditurus
1313 519 1326 555 ?
1349 520 1565 571 Sapientem
1585 530 1624 560 et
1642 521 1791 560 bonum

388 582 518 621 virum
553 583 765 635 fingimus:
797 582 844 619 de
876 583 958 633 ejus
978 581 1250 621 deliberatione
1280 591 1318 620 et
1338 584 1617 625 consultatione
1649 588 1789 640 quaeri-

389 661 492 692 muS,
514 648 582 699 qui
602 647 792 684 celaturus
813 645 990 684 Rhodios
1011 659 1089 683 non
1110 646 1169 691 s1t,
1191 647 1218 685 fi
1237 646 1278 685 id
1297 656 1410 700 turpe
1424 650 1601 701 judicet,
1634 652 1696 693 sed
1716 653 1790 692 du-

389 712 499 757 bitet,
529 725 576 750 an
597 720 706 764 turpe
727 725 804 750 non
824 711 882 749 fit.

444 779 490 816 In
528 776 752 830 hujusmodi
784 777 901 816 caufis
936 777 1041 816 aliud
1074 778 1246 832 Diogeni
1278 780 1492 832 Babylonio
1525 783 1645 822 videri
1684 785 1791 831 solet,

387 857 531 896 magno
559 852 597 881 et
615 843 720 896 gravi
755 844 883 882 Stoico
899 861 912 889 ς
943 843 1048 882 aliud
1068 845 1290 897 Antipatro,
1322 846 1512 900 discipulo
1531 850 1627 901 ejus,
1658 849 1792 889 horni-

387 909 428 947 ni
449 909 677 948 acutiffimo.
737 910 958 963 Antipatro,
988 910 1121 949 omnia
1148 910 1422 964 patefacienda,
1452 923 1495 953 ut
1520 928 1568 953 ne
1589 916 1684 968 quid
1703 930 1792 955 om·-

387 975 496 1021 nino,
527 976 633 1029 quod
653 976 829 1015 venditor
858 977 974 1022 norit,
1005 986 1158 1030 emptor
1182 977 1362 1031 ignoret;
1394 979 1578 1033 Diogeni,
1613 982 1793 1021 vendito·

387 1054 485 1086 rem,
516 1051 704 1094 quatenus
733 1043 820 1094 jure
850 1042 957 1081 civili
977 1043 1232 1082 constitutum
1265 1044 1324 1090 fit,
1355 1044 1480 1084 dicere
1510 1047 1602 1085 vitia
1636 1058 1792 1101 oporte-

387 1120 441 1152 re,
472 1116 606 1146 caetera
638 1108 715 1146 fine
744 1108 888 1147 infidiis
909 1122 1016 1162 agere
1032 1127 1044 1154 ς
1075 1118 1114 1147 et
1148 1111 1333 1162 quoniam
1366 1112 1518 1157 vendat,
1549 1113 1647 1151 velle
1674 1127 1793 1166 quam

387 1174 537 1227 optime
572 1174 748 1213 vendere.
808 1175 983 1220 Advexi;
1015 1175 1202 1228 exposui3
1235 1177 1359 1215 vendo
1381 1192 1516 1217 meum
1539 1193 1617 1218 non
1655 1182 1792 1233 pluris,

387 1253 506 1292 quam
527 1241 652 1279 caeteri
667 1258 679 1285 3
711 1239 861 1278 fortasse
880 1240 997 1278 etiam
1018 1241 1192 1286 minoris,
1224 1255 1317 1280 cum
1337 1244 1458 1295 major
1476 1244 1528 1282 est
1547 1245 1671 1297 copia.
1715 1247 1793 1284 Cui

387 1305 432 1357 fit
452 1306 591 1358 injuria
609 1306 622 1343 ?
668 1306 853 1344 Exoritur
871 1306 1068 1359 Antipatri
1088 1307 1184 1345 ratio
1204 1321 1251 1345 ex
1268 1308 1381 1347 altera
1401 1318 1531 1362 parte,-
1565 1311 1674 1362 Qid
1707 1311 1758 1350 ais
1777 1312 1791 1350 ?

386 1382 444 1418 tu,
475 1370 568 1411 curn
587 1371 815 1411 hominibus
835 1373 1033 1411 consulere
1053 1373 1203 1419 debeas,
1234 1383 1273 1412 et
1303 1374 1437 1414 servire
1467 1375 1648 1415 humanae
1672 1377 1793 1416 socie-

386 1438 471 1484 tati,
501 1452 621 1492 eaque
654 1438 739 1491 lege
772 1448 882 1478 natus
916 1439 976 1485 fis,
1006 1448 1045 1477 et
1075 1453 1116 1478 ea
1135 1438 1272 1479 habeas
1302 1441 1494 1495 principia
1514 1452 1669 1489 naturae‚
1700 1445 1793 1497 qui-

386 1503 458 1542 bus
489 1517 630 1557 parere,
671 1513 710 1541 et
748 1518 833 1556 quae
863 1504 969 1557 sequi
1007 1505 1158 1550 debeas,
1189 1514 1233 1544 ut
1264 1506 1410 1545 utilitas
1450 1517 1529 1553 tua,
1569 1511 1792 1549 communis

388 1570 534 1609 utilitas
555 1569 613 1615 fit,
644 1568 885 1622 viciffimque
920 1571 1143 1609 communis
1168 1571 1329 1617 utilitas,
1361 1582 1426 1611 tua
1455 1574 1528 1618 s1t;
1555 1574 1695 1613 celabis
1716 1574 1791 1614 ho-

388 1637 529 1681 mines,
579 1635 673 1689 quid
710 1635 757 1674 iis
801 1635 894 1674 adsit
934 1637 1222 1675 commoditatis
1257 1646 1295 1675 et
1332 1638 1483 1691 copiae?
1528 1640 1793 1693 Respondebit

388 1703 582 1756 Diogenes
602 1701 752 1741 fortaffe
776 1701 840 1747 fic,
871 1701 994 1740 Aliud
1022 1701 1075 1740 est
1108 1702 1242 1747 celare,
1273 1702 1377 1741 aliud
1398 1713 1544 1744 tacere:
1576 1719 1701 1758 neque
1720 1720 1793 1760 ego

388 1782 492 1808 nunc
514 1778 551 1807 te
569 1769 668 1813 celo,
699 1768 725 1807 fi
746 1768 820 1806 tibi
839 1781 918 1807 non
949 1768 1050 1814 dico,
1081 1782 1166 1821 quae
1197 1778 1330 1807 natura
1350 1770 1525 1809 Deorum
1546 1771 1604 1817 fit,
1635 1774 1722 1825 quis
1745 1775 1792 1812 s1t

388 1836 475 1875 finis
497 1836 689 1874 bonorum
704 1853 716 1881 3
749 1849 834 1888 quae
865 1835 937 1873 tibi
971 1835 1058 1888 plus
1086 1835 1299 1888 prodessent
1318 1838 1486 1890 cognita,
1523 1852 1639 1890 quam
1671 1840 1792 1878 tritici

386 1903 532 1941 utilitas
551 1917 560 1940 ε
593 1902 655 1940 sed
675 1915 767 1947 non,
795 1901 987 1954 quidquid
1008 1901 1081 1939 tibi
1101 1901 1230 1939 audire
1250 1901 1345 1939 utile
1374 1902 1441 1948 est,
1473 1904 1512 1941 id
1533 1904 1634 1942 mihi
1665 1905 1792 1945 dicere

387 1968 530 2007 necesse
549 1967 615 2006 est.
659 1968 789 2006 Immo
809 1981 911 2013 vero,
933 1967 1084 2019 inquiet
1103 1966 1182 2012 ille,
1214 1967 1357 2005 necesse
1382 1968 1448 2014 est,
1480 1969 1505 2007 fi
1526 1970 1684 2022 quidem
1706 1986 1791 2010 rne⁴

388 2034 548 2080 ministi,
579 2033 649 2072 effe
668 2034 768 2072 inter
785 2032 964 2072 homines
991 2032 1125 2071 natura
1152 2033 1398 2084 conjunctam
1420 2035 1650 2075 societatem.
1697 2038 1791 2075 Me—

389 2099 502 2145 mini,
533 2100 683 2153 inquIet
703 2100 783 2145 ille,
815 2099 876 2138 sed
896 2113 992 2137 num
1023 2099 1091 2137 ista
1110 2098 1263 2137 societas
1286 2099 1370 2136 talis
1397 2100 1463 2144 est,
1495 2110 1537 2138 ut
1558 2100 1654 2138 nihil
1678 2101 1791 2141 suum

388 2164 573 2218 cujusque
592 2165 636 2203 fit
657 2165 669 2202 ?
702 2167 821 2217 Qod
840 2165 865 2203 fi
893 2166 946 2204 ita
965 2164 1031 2210 est,
1065 2177 1111 2203 ne
1131 2162 1374 2202 vendendum
1395 2165 1555 2217 quidem
1575 2167 1792 2221 quidquam

387 2231 453 2276 est,
476 2231 537 2269 sed
557 2230 793 2269 donandum.

442 2297 556 2335 XIII.
590 2296 708 2334 Vides
729 2297 770 2335 in
790 2295 861 2335 hac
883 2305 960 2335 tota
979 2297 1251 2351 disceptatione
1271 2313 1347 2339 non
1368 2299 1464 2338 illud
1485 2301 1576 2346 dici,
1599 2301 1789 2353 Qamvis

388 2361 462 2402 hoc
495 2372 606 2416 turpe
641 2364 698 2408 fit,
730 2372 873 2408 tamen,
910 2365 1094 2416 quoniam
1129 2368 1297 2419 expedit,
1329 2366 1495 2412 faciam;
1542 2368 1603 2406 sed
1634 2369 1686 2406 ita
1718 2383 1788 2407 ex-

391 2429 530 2479 pedire,
562 2439 605 2467 ut
637 2439 747 2482 turpe
780 2444 857 2468 non
889 2431 946 2469 s1t.
993 2431 1054 2469 Ex
1082 2431 1196 2470 altera
1226 2443 1354 2471 autem
1379 2442 1512 2486 parte;
1544 2433 1586 2471 eei
1616 2448 1667 2479 re,
1699 2435 1789 2486 quia

390 2502 499 2545 turpe
518 2493 576 2538 fit,
607 2509 684 2534 non
719 2495 789 2533 esse
815 2495 1050 2535 faciendum.
1084 2497 1234 2536 Vendat
1263 2498 1357 2537 aedes
1388 2499 1445 2536 vir
1476 2499 1599 2537 bonus
1632 2509 1788 2552 propter

389 2558 516 2610 aliqua
535 2559 640 2605 vitia,
667 2575 752 2612 quae
773 2562 849 2614 ipse
869 2564 984 2607 norit,
1016 2564 1139 2601 caeteri
1160 2564 1337 2616 ignorent
1356 2579 1365 2603 ε
1397 2565 1612 2617 pestilentes
1643 2565 1727 2609 fint,
1749 2574 1788 2604 et

390 2622 600 2663 habeantur
634 2625 829 2673 salubres,
861 2628 1070 2681 ignoretur,
1101 2629 1141 2667 in
1174 2629 1357 2669 omnibus
1386 2630 1578 2669 cubiculis
1613 2643 1787 2684 apparere
