2223 3003
787 271 1307 311 PARADOXA.
1671 278 1751 330 365⁹

347 378 499 409 metum
517 376 637 422 paret,
659 368 721 408 sed
740 382 799 409 eas
821 370 990 423 sequitur
1009 381 1123 424 atque
1143 372 1251 417 colit,
1274 372 1364 425 quia
1385 372 1423 411 id
1445 372 1601 412 salutare
1621 375 1748 413 maxi-

348 449 412 474 me
431 435 689 487 efl‘ejudicat3
721 437 790 488 qui
809 435 908 474 nihil
940 437 1048 482 dicit,
1077 437 1176 476 nihil
1197 437 1304 483 facit,
1334 438 1432 477 nihil
1463 439 1607 492 cogitat
1638 441 1748 479 deni-

347 514 436 553 que,
458 501 526 539 nifi
548 501 711 539 libenter
730 514 772 538 ac
792 500 911 538 libere
926 520 938 546 ,ς
971 503 1079 554 eujus
1100 503 1231 541 omnia
1258 504 1425 549 confina,
1448 504 1578 557 resque
1598 519 1747 551 omnes,

347 580 440 619 quas
461 568 573 620 gerit,
605 567 652 604 ab
672 565 754 618 ipso
784 565 1091 618 proficiscuntur,
1123 568 1335 620 eodemque
1365 569 1541 608 feruntur
1558 589 1569 615 ;
1602 585 1671 609 nec
1697 572 1749 610 est

347 633 426 671 ulla
444 646 515 677 res,
537 646 622 684 quae
642 631 728 684 plus
748 631 850 683 apud
870 645 960 669 eum
980 632 1136 684 polleat,
1166 647 1283 685 quam
1303 634 1417 686 ipsius
1439 636 1612 675 voluntas
1635 647 1748 689 atque

339 698 561 751 judicium5
592 697 656 734 cui
677 697 837 748 quidem
858 697 977 734 etiam
1010 698 1112 749 (quae
1143 699 1224 736 vim
1244 698 1383 737 habere
1404 702 1615 740 maximam
1648 704 1747 741 dici-

344 766 425 817 tur)
449 765 620 803 Fortuna
639 762 718 815 ipsa
737 762 854 808 cedit,
887 762 983 801 ficut
1016 763 1161 816 sapiens
1183 774 1293 817 poeta
1313 765 1426 810 dixit,
1459 768 1540 804 Suis
1570 782 1609 805 m
1627 769 1749 821 cuique³

329 830 496 883 fingitur
515 829 682 868 moribus.
715 828 794 866 Soli
811 829 931 881 igitur
951 828 1027 867 hoc
1048 830 1241 883 contingit
1259 831 1431 884 sapienti,
1454 841 1496 870 ut
1516 832 1614 871 nihil
1636 833 1748 872 faciat

343 897 501 941 invitus,
523 895 624 934 nihil
645 895 790 940 dolens,
822 894 922 933 nihil
953 898 1121 935 coactus.
1163 898 1281 948 Qod
1302 898 1367 936 ets1
1399 899 1450 937 ita
1470 899 1540 937 effe
1570 899 1747 953 pluribus

343 962 467 1000 verbis
489 961 744 1000 differendum
765 961 831 1006 est,
866 961 964 1000 illud
986 973 1113 1000 tamen
1134 972 1172 1001 et
1193 964 1305 1001 breve
1325 973 1363 1001 et
1383 964 1649 1004 confitendum
1681 967 1746 1011 est,

344 1029 413 1068 nisi
432 1029 501 1082 qui
519 1029 572 1067 ita
592 1028 636 1066 fit
655 1027 828 1074 affectus,
847 1028 918 1066 effe
938 1029 1105 1067 liberum
1128 1030 1339 1069 neminem.
1388 1033 1490 1069 Servi
1520 1033 1638 1084 igitur
1658 1046 1747 1071 om-

343 1109 408 1134 nes
430 1095 625 1148 improbi:
657 1108 728 1132 nec
749 1093 823 1132 hoc
844 1104 921 1133 tam
943 1108 982 1132 re
1001 1095 1067 1140 est,
1089 1109 1207 1148 quam
1227 1096 1346 1142 diem,
1368 1097 1614 1150 inopinatum
1634 1108 1749 1151 atque

343 1160 534 1200 mirabile.
557 1160 653 1198 Non
673 1160 779 1198 enim
798 1160 850 1198 ita
869 1160 1019 1206 dicunt,
1040 1174 1103 1199 eos
1123 1160 1194 1199 effe
1213 1161 1350 1207 servos,
1372 1172 1416 1200 ut
1435 1163 1640 1216 mancipia,
1663 1178 1748 1215 quae

344 1226 431 1264 sunt
451 1226 701 1264 dominorum
720 1224 819 1263 faeta
839 1239 955 1271 nexu,
977 1235 1042 1264 aut
1063 1226 1192 1279 aliquo
1206 1228 1292 1279 jure
1315 1227 1421 1265 civili
1437 1246 1449 1272 ;
1482 1228 1557 1273 sed,
1584 1229 1611 1266 fi
1632 1228 1746 1267 servi-

342 1301 404 1330 tus
424 1291 483 1336 fit,
505 1292 601 1330 ficut
620 1291 685 1335 est,
707 1291 926 1329 obedientia
945 1291 1053 1329 fracti
1075 1293 1209 1337 animi,
1227 1301 1265 1330 et
1285 1293 1434 1344 abjecti,
1453 1303 1489 1331 et
1505 1293 1661 1331 arbitrio
1682 1307 1747 1331 ca-

342 1358 461 1397 rentis
481 1357 562 1403 suo,
583 1357 670 1410 quis
690 1366 818 1410 neget,
840 1371 973 1396 omnes
994 1357 1110 1403 leves,
1131 1370 1265 1396 omnes
1286 1358 1461 1411 cupidos,
1483 1372 1617 1398 omnes
1637 1359 1748 1397 deni-

342 1437 416 1477 que
436 1423 650 1477 improb08‚
670 1423 742 1462 esse
761 1423 883 1462 servos
902 1423 916 1461 ?
1058 1429 1062 1432 ’

388 1490 444 1527 11.
475 1491 540 1526 An
560 1488 627 1526 ille
647 1488 746 1526 mihi
766 1489 878 1534 liber,
897 1490 961 1527 cui
981 1490 1121 1528 mulier
1141 1491 1305 1543 imperat
1324 1492 1337 1528 ?
1359 1491 1423 1530 cui
1442 1491 1542 1545 leges
1563 1493 1748 1545 imponit,

343 1554 566 1609 praescribit‚
594 1554 723 1606 jubet,
758 1563 859 1594 vetat
880 1555 985 1607 quod
1005 1556 1185 1594 videtur?
1217 1558 1285 1609 qui
1315 1557 1414 1596 nihil
1441 1558 1646 1611 imperanti
1678 1573 1748 1597 ne-

343 1635 431 1675 gare
452 1621 588 1674 potest,
621 1620 721 1659 nihil
742 1622 908 1660 recusare
928 1623 1041 1660 audet
1059 1623 1072 1659 ?
1108 1623 1236 1661 Poscit
1255 1624 1267 1660 ?
1299 1624 1469 1662 dandum
1497 1624 1548 1662 est
1567 1640 1575 1663 :
1607 1626 1746 1663 vocat?

342 1687 576 1728 veniendum
596 1702 605 1725 :
627 1687 764 1740 ejicit?
795 1688 1039 1727 abeundum:
1065 1689 1264 1727 minatur?
1295 1689 1637 1728 extimescendum.
1662 1691 1748 1743 Ego

341 1768 431 1793 vero
450 1754 566 1792 istum
586 1767 664 1793 non
684 1754 802 1793 modo
822 1754 985 1800 servum,
1007 1755 1069 1794 sed
1089 1755 1366 1808 nequiffimum
1388 1756 1551 1801 servum,
1584 1756 1700 1794 etiam
1721 1757 1747 1794 si

341 1820 384 1859 in
405 1819 635 1874 ampliffima
653 1818 802 1858 familia
821 1830 930 1859 natus
951 1821 1009 1866 fit,
1045 1821 1317 1874 appellandum
1339 1831 1447 1874 puto.
1480 1823 1612 1873 Atque
1643 1831 1685 1859 ut
1706 1822 1747 1859 in

342 1899 482 1938 magna
496 1886 701 1924 stultorum
720 1885 868 1924 familia
883 1886 970 1925 sunt
985 1887 1050 1924 alii
1068 1886 1260 1931 lautiores,
1282 1895 1325 1924 ut
1342 1887 1411 1924 fibi
1427 1887 1618 1932 videntur,
1640 1887 1747 1931 servi,

342 1951 403 1990 sed
433 1960 563 1990 tamen
582 1951 690 1997 servi,
721 1951 898 1990 atrienses
923 1965 965 1990 ac
997 1952 1173 2005 topiarii,
1217 1953 1297 2005 pari
1330 1951 1490 1990 stultitia
1518 1952 1617 1997 sunt,
1651 1965 1746 2004 quos

342 2017 458 2070 figna,
491 2030 588 2071 quos
624 2017 776 2063 tabulae‚
812 2032 910 2070 quos
943 2018 1123 2056 caelatum
1154 2027 1372 2070 argentum,
1413 2032 1507 2069 quos
1544 2017 1747 2055 Corinthia

341 2096 469 2136 opera,
490 2097 587 2136 quos
609 2083 768 2122 aedificia
787 2084 993 2137 magnifica
1012 2084 1136 2122 nimio
1156 2097 1269 2136 opere
1290 2084 1491 2121 delectant.

397 2150 452 2187 At
483 2149 628 2194 sumus,
664 2151 863 2202 inquiunt,
899 2151 1064 2188 civitatis
1095 2149 1301 2201 principes.
1346 2149 1426 2186 Vos
1454 2161 1542 2186 vcro
1573 2161 1620 2185 ne
1651 2162 1746 2186 con-

343 2215 534 2254 servorum
557 2215 716 2268 quidem
737 2215 947 2252 vestrorum
969 2215 1161 2266 principes
1188 2214 1288 2252 estis.
1337 2214 1407 2252 Sed
1440 2223 1481 2252 ut
1513 2214 1550 2251 in
1583 2213 1745 2259 familia,

342 2282 411 2334 qui
447 2283 607 2319 tractant
637 2280 718 2325 ista,
763 2281 830 2332 qui
864 2289 1031 2333 tergunt,
1064 2280 1131 2332 qui
1165 2288 1331 2332 ungunt,
1375 2280 1442 2332 qui
1474 2290 1642 2324 verrunt,
1679 2281 1749 2332 qui

344 2348 538 2400 spargunt,
569 2361 647 2386 non
677 2346 982 2385 honestiffimum
1005 2347 1135 2384 locum
1157 2345 1346 2385 servitutis
1369 2356 1526 2390 tenent;
1558 2347 1606 2384 sic
1628 2347 1666 2383 in
1687 2347 1744 2384 ci-

344 2413 480 2458 vitate,
516 2413 583 2465 qui
611 2413 646 2452 se
677 2412 834 2451 istarum
869 2426 996 2450 rerum
1031 2412 1307 2464 cupiditatibus
1342 2412 1594 2455 dediderunt,
1632 2412 1747 2464 ipsius

346 2477 532 2516 servitutis
554 2479 686 2516 locum
721 2493 816 2531 pene
837 2479 1019 2516 infimum
1039 2477 1230 2515 obtinent.
1278 2478 1438 2530 NIagna,
1472 2478 1614 2529 inquis,
1649 2477 1752 2514 bella

345 2542 462 2595 geffi3
485 2544 634 2596 magnis
655 2545 826 2597 imperiis
843 2554 878 2582 et
899 2544 1105 2597 provinciis
1126 2541 1276 2596 praefui.
1309 2544 1411 2581 Gere
1433 2543 1550 2595 igitur
1569 2542 1752 2580 animum.
