<?xml version="1.0" encoding="UTF-8"?>
<!DOCTYPE html PUBLIC "-//W3C//DTD XHTML 1.0 Transitional//EN"
    "http://www.w3.org/TR/xhtml1/DTD/xhtml1-transitional.dtd">
<html xmlns="http://www.w3.org/1999/xhtml" xml:lang="en" lang="en">
 <head>
  <title>
</title>
<meta http-equiv="Content-Type" content="text/html;charset=utf-8" />
  <meta name='ocr-system' content='tesseract 3.04.00' />
  <meta name='ocr-capabilities' content='ocr_page ocr_carea ocr_par ocr_line ocrx_word'/>
</head>
<body>
  <div class='ocr_page' id='page_1' title='image "./operacumindicibu03ciceuoft_0360.png"; bbox 0 0 2223 3003; ppageno 0'>
   <div class='ocr_carea' id='block_1_1' title="bbox 459 212 1487 269">
    <p class='ocr_par' dir='ltr' id='par_1_1' title="bbox 459 212 1487 269">
     <span class='ocr_line' id='line_1_1' title="bbox 459 212 1487 269; baseline -0.019 0"><span class='ocrx_word' id='word_1_1' title='bbox 459 230 538 269; x_wconf 79' lang='lat'>354</span> <span class='ocrx_word' id='word_1_2' title='bbox 833 212 1487 254; x_wconf 74' lang='lat' dir='ltr'>DEAM1C1T1A;</span> 
     </span>
    </p>
   </div>
   <div class='ocr_carea' id='block_1_2' title="bbox 454 309 1871 2419">
    <p class='ocr_par' dir='ltr' id='par_1_2' title="bbox 454 309 1868 1094">
     <span class='ocr_line' id='line_1_2' title="bbox 455 309 1861 364; baseline -0.004 -8"><span class='ocrx_word' id='word_1_3' title='bbox 455 317 602 362; x_wconf 68' lang='lat' dir='ltr'>nostrae,</span> <span class='ocrx_word' id='word_1_4' title='bbox 634 326 675 354; x_wconf 89' lang='lat' dir='ltr'>ut</span> <span class='ocrx_word' id='word_1_5' title='bbox 696 316 766 353; x_wconf 81' lang='lat' dir='ltr'>alia</span> <span class='ocrx_word' id='word_1_6' title='bbox 785 323 871 352; x_wconf 84' lang='lat' dir='ltr'>aetas</span> <span class='ocrx_word' id='word_1_7' title='bbox 891 313 1033 352; x_wconf 87' lang='lat' dir='ltr'>oriatur</span> <span class='ocrx_word' id='word_1_8' title='bbox 1048 331 1060 357; x_wconf 82' lang='lat'>;</span> <span class='ocrx_word' id='word_1_9' title='bbox 1093 311 1262 351; x_wconf 84' lang='lat' dir='ltr'>maxime</span> <span class='ocrx_word' id='word_1_10' title='bbox 1292 311 1453 364; x_wconf 86' lang='lat' dir='ltr'>quidem</span> <span class='ocrx_word' id='word_1_11' title='bbox 1484 309 1698 363; x_wconf 88' lang='lat' dir='ltr'>optandum</span> <span class='ocrx_word' id='word_1_12' title='bbox 1717 312 1784 357; x_wconf 86' lang='lat' dir='ltr'>est,</span> <span class='ocrx_word' id='word_1_13' title='bbox 1814 322 1861 351; x_wconf 90' lang='lat' dir='ltr'>ut</span> 
     </span>
     <span class='ocr_line' id='line_1_3' title="bbox 455 376 1858 433; baseline -0.004 -13"><span class='ocrx_word' id='word_1_14' title='bbox 455 395 548 420; x_wconf 89' lang='lat' dir='ltr'>cum</span> <span class='ocrx_word' id='word_1_15' title='bbox 570 382 778 433; x_wconf 76' lang='lat' dir='ltr'><strong>:equalibus</strong></span> <span class='ocrx_word' id='word_1_16' title='bbox 799 379 925 431; x_wconf 84' lang='lat' dir='ltr'>poffis,</span> <span class='ocrx_word' id='word_1_17' title='bbox 959 378 1191 431; x_wconf 88' lang='lat' dir='ltr'>quibuscum</span> <span class='ocrx_word' id='word_1_18' title='bbox 1212 387 1397 430; x_wconf 87' lang='lat' dir='ltr'>tanquam</span> <span class='ocrx_word' id='word_1_19' title='bbox 1425 390 1446 415; x_wconf 87' lang='lat' dir='ltr'>e</span> <span class='ocrx_word' id='word_1_20' title='bbox 1471 376 1684 415; x_wconf 87' lang='lat' dir='ltr'>carceribus</span> <span class='ocrx_word' id='word_1_21' title='bbox 1705 377 1858 415; x_wconf 80' lang='lat' dir='ltr'>emiss‘us</span> 
     </span>
     <span class='ocr_line' id='line_1_4' title="bbox 456 443 1861 497; baseline -0.004 -12"><span class='ocrx_word' id='word_1_22' title='bbox 456 447 516 492; x_wconf 87' lang='lat' dir='ltr'>fis,</span> <span class='ocrx_word' id='word_1_23' title='bbox 538 461 627 485; x_wconf 89' lang='lat' dir='ltr'>cum</span> <span class='ocrx_word' id='word_1_24' title='bbox 649 446 784 483; x_wconf 89' lang='lat' dir='ltr'>iisdem</span> <span class='ocrx_word' id='word_1_25' title='bbox 805 446 851 482; x_wconf 85' lang='lat' dir='ltr'>ad</span> <span class='ocrx_word' id='word_1_26' title='bbox 871 445 1032 489; x_wconf 87' lang='lat' dir='ltr'>calcem,</span> <span class='ocrx_word' id='word_1_27' title='bbox 1064 453 1107 482; x_wconf 91' lang='lat' dir='ltr'>ut</span> <span class='ocrx_word' id='word_1_28' title='bbox 1127 444 1283 489; x_wconf 89' lang='lat' dir='ltr'>dicitur,</span> <span class='ocrx_word' id='word_1_29' title='bbox 1311 443 1519 497; x_wconf 88' lang='lat' dir='ltr'>pervenire.</span> <span class='ocrx_word' id='word_1_30' title='bbox 1566 443 1652 487; x_wconf 93' lang='lat' dir='ltr'>Sed,</span> <span class='ocrx_word' id='word_1_31' title='bbox 1673 443 1861 494; x_wconf 89' lang='lat' dir='ltr'>quoniam</span> 
     </span>
     <span class='ocr_line' id='line_1_5' title="bbox 456 509 1862 564; baseline -0.003 -14"><span class='ocrx_word' id='word_1_32' title='bbox 456 526 512 550; x_wconf 87' lang='lat' dir='ltr'>res</span> <span class='ocrx_word' id='word_1_33' title='bbox 534 512 712 550; x_wconf 85' lang='lat' dir='ltr'>humanae</span> <span class='ocrx_word' id='word_1_34' title='bbox 732 510 884 564; x_wconf 84' lang='lat' dir='ltr'>fragiles</span> <span class='ocrx_word' id='word_1_35' title='bbox 915 511 1145 563; x_wconf 88' lang='lat' dir='ltr'>caducaeque</span> <span class='ocrx_word' id='word_1_36' title='bbox 1171 510 1273 556; x_wconf 90' lang='lat' dir='ltr'>sunt,</span> <span class='ocrx_word' id='word_1_37' title='bbox 1305 510 1453 562; x_wconf 89' lang='lat' dir='ltr'>semper</span> <span class='ocrx_word' id='word_1_38' title='bbox 1483 509 1604 561; x_wconf 87' lang='lat' dir='ltr'>aliqui</span> <span class='ocrx_word' id='word_1_39' title='bbox 1635 509 1862 560; x_wconf 86' lang='lat' dir='ltr'>anquirendi</span> 
     </span>
     <span class='ocr_line' id='line_1_6' title="bbox 456 574 1863 630; baseline -0.003 -14"><span class='ocrx_word' id='word_1_40' title='bbox 456 578 555 623; x_wconf 86' lang='lat' dir='ltr'>sunt,</span> <span class='ocrx_word' id='word_1_41' title='bbox 578 591 674 630; x_wconf 91' lang='lat' dir='ltr'>quos</span> <span class='ocrx_word' id='word_1_42' title='bbox 695 578 918 630; x_wconf 83' lang='lat' dir='ltr'>diligamus,</span> <span class='ocrx_word' id='word_1_43' title='bbox 945 587 983 615; x_wconf 93' lang='lat' dir='ltr'>et</span> <span class='ocrx_word' id='word_1_44' title='bbox 1003 590 1023 614; x_wconf 94' lang='lat' dir='ltr'>a</span> <span class='ocrx_word' id='word_1_45' title='bbox 1038 578 1179 630; x_wconf 90' lang='lat' dir='ltr'>quibus</span> <span class='ocrx_word' id='word_1_46' title='bbox 1200 577 1409 629; x_wconf 77' lang='lat' dir='ltr'>diligamur</span> <span class='ocrx_word' id='word_1_47' title='bbox 1427 591 1435 614; x_wconf 93' lang='lat'><strong>:</strong></span> <span class='ocrx_word' id='word_1_48' title='bbox 1468 576 1623 614; x_wconf 89' lang='lat' dir='ltr'>caritate</span> <span class='ocrx_word' id='word_1_49' title='bbox 1643 575 1764 619; x_wconf 87' lang='lat' dir='ltr'>enim,</span> <span class='ocrx_word' id='word_1_50' title='bbox 1793 574 1863 612; x_wconf 80' lang='lat' dir='ltr'>be·</span> 
     </span>
     <span class='ocr_line' id='line_1_7' title="bbox 455 639 1867 697; baseline -0.003 -14"><span class='ocrx_word' id='word_1_51' title='bbox 455 644 746 697; x_wconf 89' lang='lat' dir='ltr'>nevolentiaque</span> <span class='ocrx_word' id='word_1_52' title='bbox 767 644 912 683; x_wconf 89' lang='lat' dir='ltr'>sublata</span> <span class='ocrx_word' id='word_1_53' title='bbox 940 645 1068 682; x_wconf 82' lang='lat' dir='ltr'>omnis</span> <span class='ocrx_word' id='word_1_54' title='bbox 1089 643 1141 681; x_wconf 91' lang='lat' dir='ltr'>est</span> <span class='ocrx_word' id='word_1_55' title='bbox 1171 657 1194 681; x_wconf 89' lang='lat' dir='ltr'>e</span> <span class='ocrx_word' id='word_1_56' title='bbox 1215 643 1293 681; x_wconf 90' lang='lat' dir='ltr'>vita</span> <span class='ocrx_word' id='word_1_57' title='bbox 1312 643 1458 681; x_wconf 82' lang='lat' dir='ltr'>sublata</span> <span class='ocrx_word' id='word_1_58' title='bbox 1482 641 1722 694; x_wconf 81' lang='lat' dir='ltr'>jucunditas.</span> <span class='ocrx_word' id='word_1_59' title='bbox 1753 639 1867 680; x_wconf 74' lang='lat' dir='ltr'>Mihi</span> 
     </span>
     <span class='ocr_line' id='line_1_8' title="bbox 456 707 1862 764; baseline -0.002 -16"><span class='ocrx_word' id='word_1_60' title='bbox 456 711 616 762; x_wconf 89' lang='lat' dir='ltr'>quidem</span> <span class='ocrx_word' id='word_1_61' title='bbox 638 711 780 764; x_wconf 89' lang='lat' dir='ltr'>Scipio,</span> <span class='ocrx_word' id='word_1_62' title='bbox 803 724 1025 763; x_wconf 84' lang='lat' dir='ltr'>quanquam</span> <span class='ocrx_word' id='word_1_63' title='bbox 1053 710 1105 748; x_wconf 90' lang='lat' dir='ltr'>est</span> <span class='ocrx_word' id='word_1_64' title='bbox 1125 709 1250 748; x_wconf 90' lang='lat' dir='ltr'>subito</span> <span class='ocrx_word' id='word_1_65' title='bbox 1270 718 1437 762; x_wconf 86' lang='lat' dir='ltr'>ereptus,</span> <span class='ocrx_word' id='word_1_66' title='bbox 1467 709 1563 746; x_wconf 89' lang='lat' dir='ltr'>vivit</span> <span class='ocrx_word' id='word_1_67' title='bbox 1584 717 1727 753; x_wconf 87' lang='lat' dir='ltr'>tamen,</span> <span class='ocrx_word' id='word_1_68' title='bbox 1759 707 1862 746; x_wconf 89' lang='lat' dir='ltr'>sem-</span> 
     </span>
     <span class='ocr_line' id='line_1_9' title="bbox 455 774 1863 830; baseline -0.001 -17"><span class='ocrx_word' id='word_1_69' title='bbox 455 791 600 830; x_wconf 87' lang='lat' dir='ltr'>perque</span> <span class='ocrx_word' id='word_1_70' title='bbox 620 779 719 815; x_wconf 87' lang='lat' dir='ltr'>vivet</span> <span class='ocrx_word' id='word_1_71' title='bbox 739 792 746 815; x_wconf 93' lang='lat'>:</span> <span class='ocrx_word' id='word_1_72' title='bbox 779 777 963 815; x_wconf 89' lang='lat' dir='ltr'>virtutem</span> <span class='ocrx_word' id='word_1_73' title='bbox 983 777 1088 814; x_wconf 90' lang='lat' dir='ltr'>enim</span> <span class='ocrx_word' id='word_1_74' title='bbox 1110 776 1234 814; x_wconf 89' lang='lat' dir='ltr'>amavi</span> <span class='ocrx_word' id='word_1_75' title='bbox 1255 776 1359 814; x_wconf 90' lang='lat' dir='ltr'>illius</span> <span class='ocrx_word' id='word_1_76' title='bbox 1381 775 1467 820; x_wconf 86' lang='lat' dir='ltr'>viri,</span> <span class='ocrx_word' id='word_1_77' title='bbox 1492 789 1577 828; x_wconf 85' lang='lat' dir='ltr'>quae</span> <span class='ocrx_word' id='word_1_78' title='bbox 1597 774 1765 813; x_wconf 65' lang='lat' dir='ltr'>extineta</span> <span class='ocrx_word' id='word_1_79' title='bbox 1784 787 1863 813; x_wconf 91' lang='lat' dir='ltr'>non</span> 
     </span>
     <span class='ocr_line' id='line_1_10' title="bbox 454 840 1862 893; baseline -0.003 -12"><span class='ocrx_word' id='word_1_80' title='bbox 454 843 520 881; x_wconf 87' lang='lat' dir='ltr'>est.</span> <span class='ocrx_word' id='word_1_81' title='bbox 554 843 640 881; x_wconf 91' lang='lat' dir='ltr'>Nec</span> <span class='ocrx_word' id='word_1_82' title='bbox 660 842 761 881; x_wconf 89' lang='lat' dir='ltr'>mihi</span> <span class='ocrx_word' id='word_1_83' title='bbox 781 842 849 880; x_wconf 92' lang='lat' dir='ltr'>soli</span> <span class='ocrx_word' id='word_1_84' title='bbox 871 842 1035 880; x_wconf 85' lang='lat' dir='ltr'>versatur</span> <span class='ocrx_word' id='word_1_85' title='bbox 1054 850 1141 879; x_wconf 89' lang='lat' dir='ltr'>ante</span> <span class='ocrx_word' id='word_1_86' title='bbox 1161 841 1310 886; x_wconf 88' lang='lat' dir='ltr'>oculos,</span> <span class='ocrx_word' id='word_1_87' title='bbox 1331 841 1399 893; x_wconf 89' lang='lat' dir='ltr'>qui</span> <span class='ocrx_word' id='word_1_88' title='bbox 1419 841 1527 878; x_wconf 89' lang='lat' dir='ltr'>illam</span> <span class='ocrx_word' id='word_1_89' title='bbox 1548 840 1696 893; x_wconf 89' lang='lat' dir='ltr'>semper</span> <span class='ocrx_word' id='word_1_90' title='bbox 1717 840 1755 878; x_wconf 91' lang='lat' dir='ltr'>in</span> <span class='ocrx_word' id='word_1_91' title='bbox 1778 853 1862 878; x_wconf 91' lang='lat' dir='ltr'>ma-</span> 
     </span>
     <span class='ocr_line' id='line_1_11' title="bbox 456 905 1864 960; baseline -0.002 -13"><span class='ocrx_word' id='word_1_92' title='bbox 456 909 569 947; x_wconf 87' lang='lat' dir='ltr'>nibus</span> <span class='ocrx_word' id='word_1_93' title='bbox 590 909 723 953; x_wconf 86' lang='lat' dir='ltr'>habui,</span> <span class='ocrx_word' id='word_1_94' title='bbox 756 908 817 946; x_wconf 86' lang='lat' dir='ltr'>sed</span> <span class='ocrx_word' id='word_1_95' title='bbox 837 908 953 945; x_wconf 88' lang='lat' dir='ltr'>etiam</span> <span class='ocrx_word' id='word_1_96' title='bbox 975 907 1130 960; x_wconf 86' lang='lat' dir='ltr'>posteris</span> <span class='ocrx_word' id='word_1_97' title='bbox 1160 907 1232 944; x_wconf 78' lang='lat' dir='ltr'>erit</span> <span class='ocrx_word' id='word_1_98' title='bbox 1252 907 1352 944; x_wconf 89' lang='lat' dir='ltr'>clara</span> <span class='ocrx_word' id='word_1_99' title='bbox 1371 915 1409 945; x_wconf 89' lang='lat' dir='ltr'>et</span> <span class='ocrx_word' id='word_1_100' title='bbox 1428 905 1601 958; x_wconf 79' lang='lat' dir='ltr'>infigniS.</span> <span class='ocrx_word' id='word_1_101' title='bbox 1633 907 1765 945; x_wconf 87' lang='lat' dir='ltr'>Nemo</span> <span class='ocrx_word' id='word_1_102' title='bbox 1785 920 1864 944; x_wconf 87' lang='lat' dir='ltr'>un-</span> 
     </span>
     <span class='ocr_line' id='line_1_12' title="bbox 454 970 1868 1027; baseline -0.001 -15"><span class='ocrx_word' id='word_1_103' title='bbox 454 988 572 1027; x_wconf 78' lang='lat' dir='ltr'>quam</span> <span class='ocrx_word' id='word_1_104' title='bbox 593 975 737 1019; x_wconf 88' lang='lat' dir='ltr'>animo,</span> <span class='ocrx_word' id='word_1_105' title='bbox 758 982 823 1011; x_wconf 86' lang='lat' dir='ltr'>aut</span> <span class='ocrx_word' id='word_1_106' title='bbox 843 973 906 1026; x_wconf 87' lang='lat' dir='ltr'>spe</span> <span class='ocrx_word' id='word_1_107' title='bbox 926 974 1071 1025; x_wconf 87' lang='lat' dir='ltr'>majora</span> <span class='ocrx_word' id='word_1_108' title='bbox 1091 972 1282 1026; x_wconf 89' lang='lat' dir='ltr'>suscipiet,</span> <span class='ocrx_word' id='word_1_109' title='bbox 1304 972 1374 1025; x_wconf 89' lang='lat' dir='ltr'>qui</span> <span class='ocrx_word' id='word_1_110' title='bbox 1394 971 1464 1010; x_wconf 91' lang='lat' dir='ltr'>fibi</span> <span class='ocrx_word' id='word_1_111' title='bbox 1484 983 1564 1010; x_wconf 88' lang='lat' dir='ltr'>non</span> <span class='ocrx_word' id='word_1_112' title='bbox 1584 970 1688 1010; x_wconf 87' lang='lat' dir='ltr'>illius</span> <span class='ocrx_word' id='word_1_113' title='bbox 1708 984 1868 1010; x_wconf 75' lang='lat' dir='ltr'>memo-</span> 
     </span>
     <span class='ocr_line' id='line_1_13' title="bbox 455 1039 1371 1094; baseline -0.002 -15"><span class='ocrx_word' id='word_1_114' title='bbox 455 1043 550 1079; x_wconf 88' lang='lat' dir='ltr'>riam</span> <span class='ocrx_word' id='word_1_115' title='bbox 571 1050 686 1094; x_wconf 88' lang='lat' dir='ltr'>atque</span> <span class='ocrx_word' id='word_1_116' title='bbox 707 1040 917 1094; x_wconf 82' lang='lat' dir='ltr'>imaginem</span> <span class='ocrx_word' id='word_1_117' title='bbox 937 1039 1226 1093; x_wconf 85' lang='lat' dir='ltr'>proponendam</span> <span class='ocrx_word' id='word_1_118' title='bbox 1245 1048 1371 1092; x_wconf 89' lang='lat' dir='ltr'>putet.</span> 
     </span>
    </p>

    <p class='ocr_par' dir='ltr' id='par_1_3' title="bbox 454 1104 1871 2217">
     <span class='ocr_line' id='line_1_14' title="bbox 512 1104 1867 1161; baseline -0.001 -15"><span class='ocrx_word' id='word_1_119' title='bbox 512 1108 708 1161; x_wconf 83' lang='lat' dir='ltr'>Equidem</span> <span class='ocrx_word' id='word_1_120' title='bbox 728 1120 775 1145; x_wconf 85' lang='lat' dir='ltr'>ex</span> <span class='ocrx_word' id='word_1_121' title='bbox 807 1107 989 1145; x_wconf 83' lang='lat' dir='ltr'>omnibus</span> <span class='ocrx_word' id='word_1_122' title='bbox 1011 1106 1138 1152; x_wconf 90' lang='lat' dir='ltr'>rebus,</span> <span class='ocrx_word' id='word_1_123' title='bbox 1169 1120 1262 1160; x_wconf 89' lang='lat' dir='ltr'>quas</span> <span class='ocrx_word' id='word_1_124' title='bbox 1284 1105 1385 1145; x_wconf 91' lang='lat' dir='ltr'>mihi</span> <span class='ocrx_word' id='word_1_125' title='bbox 1415 1115 1480 1145; x_wconf 91' lang='lat' dir='ltr'>aut</span> <span class='ocrx_word' id='word_1_126' title='bbox 1500 1104 1668 1151; x_wconf 76' lang='lat' dir='ltr'>fortuna,</span> <span class='ocrx_word' id='word_1_127' title='bbox 1699 1114 1766 1144; x_wconf 87' lang='lat' dir='ltr'>aut</span> <span class='ocrx_word' id='word_1_128' title='bbox 1792 1119 1867 1145; x_wconf 81' lang='lat' dir='ltr'>na-</span> 
     </span>
     <span class='ocr_line' id='line_1_15' title="bbox 456 1172 1871 1226; baseline 0 -15"><span class='ocrx_word' id='word_1_129' title='bbox 456 1185 538 1212; x_wconf 83' lang='lat' dir='ltr'>tura</span> <span class='ocrx_word' id='word_1_130' title='bbox 573 1175 725 1219; x_wconf 89' lang='lat' dir='ltr'>tribuit,</span> <span class='ocrx_word' id='word_1_131' title='bbox 760 1173 860 1212; x_wconf 90' lang='lat' dir='ltr'>nihil</span> <span class='ocrx_word' id='word_1_132' title='bbox 894 1172 1032 1218; x_wconf 76' lang='lat' dir='ltr'>habeo,</span> <span class='ocrx_word' id='word_1_133' title='bbox 1068 1174 1173 1226; x_wconf 91' lang='lat' dir='ltr'>quod</span> <span class='ocrx_word' id='word_1_134' title='bbox 1207 1187 1300 1212; x_wconf 89' lang='lat' dir='ltr'>cum</span> <span class='ocrx_word' id='word_1_135' title='bbox 1325 1173 1495 1212; x_wconf 85' lang='lat' dir='ltr'>amicitia</span> <span class='ocrx_word' id='word_1_136' title='bbox 1515 1172 1706 1226; x_wconf 89' lang='lat' dir='ltr'>Scipionis</span> <span class='ocrx_word' id='word_1_137' title='bbox 1727 1172 1871 1226; x_wconf 83' lang='lat' dir='ltr'>poflim·</span> 
     </span>
     <span class='ocr_line' id='line_1_16' title="bbox 455 1237 1869 1294; baseline -0.001 -16"><span class='ocrx_word' id='word_1_138' title='bbox 455 1254 686 1294; x_wconf 82' lang='lat' dir='ltr'>comparare.</span> <span class='ocrx_word' id='word_1_139' title='bbox 734 1241 778 1278; x_wconf 85' lang='lat' dir='ltr'>In</span> <span class='ocrx_word' id='word_1_140' title='bbox 800 1239 872 1278; x_wconf 82' lang='lat' dir='ltr'>hac</span> <span class='ocrx_word' id='word_1_141' title='bbox 903 1239 1004 1278; x_wconf 90' lang='lat' dir='ltr'>mihi</span> <span class='ocrx_word' id='word_1_142' title='bbox 1026 1240 1071 1278; x_wconf 90' lang='lat' dir='ltr'>de</span> <span class='ocrx_word' id='word_1_143' title='bbox 1092 1240 1290 1293; x_wconf 89' lang='lat' dir='ltr'>republica</span> <span class='ocrx_word' id='word_1_144' title='bbox 1319 1239 1534 1284; x_wconf 89' lang='lat' dir='ltr'>consensus,</span> <span class='ocrx_word' id='word_1_145' title='bbox 1566 1240 1605 1277; x_wconf 89' lang='lat' dir='ltr'>in</span> <span class='ocrx_word' id='word_1_146' title='bbox 1635 1237 1707 1276; x_wconf 89' lang='lat' dir='ltr'>hac</span> <span class='ocrx_word' id='word_1_147' title='bbox 1738 1251 1869 1276; x_wconf 88' lang='lat' dir='ltr'>rerum-</span> 
     </span>
     <span class='ocr_line' id='line_1_17' title="bbox 455 1303 1867 1360; baseline -0.003 -14"><span class='ocrx_word' id='word_1_148' title='bbox 455 1309 689 1360; x_wconf 84' lang='lat' dir='ltr'>privatarum</span> <span class='ocrx_word' id='word_1_149' title='bbox 710 1306 931 1351; x_wconf 85' lang='lat' dir='ltr'>confilium,</span> <span class='ocrx_word' id='word_1_150' title='bbox 963 1307 1002 1344; x_wconf 85' lang='lat' dir='ltr'>in</span> <span class='ocrx_word' id='word_1_151' title='bbox 1023 1306 1156 1344; x_wconf 85' lang='lat' dir='ltr'>eadem</span> <span class='ocrx_word' id='word_1_152' title='bbox 1178 1307 1327 1358; x_wconf 85' lang='lat' dir='ltr'>requies</span> <span class='ocrx_word' id='word_1_153' title='bbox 1352 1306 1465 1358; x_wconf 89' lang='lat' dir='ltr'>plena</span> <span class='ocrx_word' id='word_1_154' title='bbox 1484 1305 1751 1344; x_wconf 59' lang='lat' dir='ltr'>oblectationis</span> <span class='ocrx_word' id='word_1_155' title='bbox 1772 1303 1867 1343; x_wconf 89' lang='lat' dir='ltr'>fuit.</span> 
     </span>
     <span class='ocr_line' id='line_1_18' title="bbox 455 1371 1864 1427; baseline -0.003 -14"><span class='ocrx_word' id='word_1_156' title='bbox 455 1375 675 1427; x_wconf 78' lang='lat' dir='ltr'>Nunquam</span> <span class='ocrx_word' id='word_1_157' title='bbox 710 1373 825 1411; x_wconf 91' lang='lat' dir='ltr'>illum</span> <span class='ocrx_word' id='word_1_158' title='bbox 859 1385 906 1410; x_wconf 89' lang='lat' dir='ltr'>ne</span> <span class='ocrx_word' id='word_1_159' title='bbox 940 1373 1104 1410; x_wconf 88' lang='lat' dir='ltr'>minima</span> <span class='ocrx_word' id='word_1_160' title='bbox 1124 1373 1284 1425; x_wconf 88' lang='lat' dir='ltr'>quidem</span> <span class='ocrx_word' id='word_1_161' title='bbox 1315 1386 1353 1410; x_wconf 85' lang='lat' dir='ltr'>re</span> <span class='ocrx_word' id='word_1_162' title='bbox 1383 1371 1544 1417; x_wconf 85' lang='lat' dir='ltr'>offendi,</span> <span class='ocrx_word' id='word_1_163' title='bbox 1577 1371 1682 1423; x_wconf 90' lang='lat' dir='ltr'>quod</span> <span class='ocrx_word' id='word_1_164' title='bbox 1703 1371 1864 1423; x_wconf 84' lang='lat' dir='ltr'>quidem</span> 
     </span>
     <span class='ocr_line' id='line_1_19' title="bbox 455 1437 1868 1491; baseline -0.004 -11"><span class='ocrx_word' id='word_1_165' title='bbox 455 1441 657 1486; x_wconf 81' lang='lat' dir='ltr'>senserim;</span> <span class='ocrx_word' id='word_1_166' title='bbox 681 1438 780 1478; x_wconf 88' lang='lat' dir='ltr'>nihil</span> <span class='ocrx_word' id='word_1_167' title='bbox 801 1438 928 1477; x_wconf 91' lang='lat' dir='ltr'>audivi</span> <span class='ocrx_word' id='word_1_168' title='bbox 949 1452 997 1476; x_wconf 85' lang='lat' dir='ltr'>ex</span> <span class='ocrx_word' id='word_1_169' title='bbox 1017 1452 1062 1477; x_wconf 91' lang='lat' dir='ltr'>eo</span> <span class='ocrx_word' id='word_1_170' title='bbox 1082 1438 1174 1491; x_wconf 89' lang='lat' dir='ltr'>ipse,</span> <span class='ocrx_word' id='word_1_171' title='bbox 1192 1439 1298 1490; x_wconf 92' lang='lat' dir='ltr'>quod</span> <span class='ocrx_word' id='word_1_172' title='bbox 1319 1439 1477 1476; x_wconf 89' lang='lat' dir='ltr'>nollem.</span> <span class='ocrx_word' id='word_1_173' title='bbox 1502 1439 1592 1475; x_wconf 89' lang='lat' dir='ltr'>Una</span> <span class='ocrx_word' id='word_1_174' title='bbox 1611 1437 1750 1475; x_wconf 88' lang='lat' dir='ltr'>domus</span> <span class='ocrx_word' id='word_1_175' title='bbox 1771 1446 1868 1481; x_wconf 80' lang='lat' dir='ltr'>erat,</span> 
     </span>
     <span class='ocr_line' id='line_1_20' title="bbox 454 1502 1869 1558; baseline -0.004 -12"><span class='ocrx_word' id='word_1_176' title='bbox 454 1509 559 1546; x_wconf 89' lang='lat' dir='ltr'>idem</span> <span class='ocrx_word' id='word_1_177' title='bbox 579 1507 717 1551; x_wconf 61' lang='lat' dir='ltr'>vidtus,</span> <span class='ocrx_word' id='word_1_178' title='bbox 750 1505 857 1558; x_wconf 92' lang='lat' dir='ltr'>isque</span> <span class='ocrx_word' id='word_1_179' title='bbox 887 1504 1111 1543; x_wconf 90' lang='lat' dir='ltr'>communis</span> <span class='ocrx_word' id='word_1_180' title='bbox 1127 1522 1139 1549; x_wconf 68' lang='grc' dir='ltr'>ς</span> <span class='ocrx_word' id='word_1_181' title='bbox 1172 1517 1297 1555; x_wconf 90' lang='lat' dir='ltr'>neque</span> <span class='ocrx_word' id='word_1_182' title='bbox 1323 1504 1449 1541; x_wconf 76' lang='lat' dir='ltr'>solum</span> <span class='ocrx_word' id='word_1_183' title='bbox 1480 1503 1635 1547; x_wconf 89' lang='lat' dir='ltr'>militia,</span> <span class='ocrx_word' id='word_1_184' title='bbox 1669 1502 1730 1540; x_wconf 90' lang='lat' dir='ltr'>sed</span> <span class='ocrx_word' id='word_1_185' title='bbox 1750 1503 1869 1541; x_wconf 90' lang='lat' dir='ltr'>etiam</span> 
     </span>
     <span class='ocr_line' id='line_1_21' title="bbox 455 1568 1868 1627; baseline -0.003 -15"><span class='ocrx_word' id='word_1_186' title='bbox 455 1572 791 1627; x_wconf 85' lang='lat' dir='ltr'>peregrinationes,</span> <span class='ocrx_word' id='word_1_187' title='bbox 813 1569 1151 1623; x_wconf 85' lang='lat' dir='ltr'>rusticationesque</span> <span class='ocrx_word' id='word_1_188' title='bbox 1171 1582 1417 1609; x_wconf 86' lang='lat' dir='ltr'>communes.</span> <span class='ocrx_word' id='word_1_189' title='bbox 1463 1569 1570 1608; x_wconf 90' lang='lat' dir='ltr'>Nam</span> <span class='ocrx_word' id='word_1_190' title='bbox 1591 1568 1687 1621; x_wconf 88' lang='lat' dir='ltr'>quid</span> <span class='ocrx_word' id='word_1_191' title='bbox 1717 1582 1791 1622; x_wconf 87' lang='lat' dir='ltr'>ego</span> <span class='ocrx_word' id='word_1_192' title='bbox 1821 1569 1868 1608; x_wconf 90' lang='lat' dir='ltr'>de</span> 
     </span>
     <span class='ocr_line' id='line_1_22' title="bbox 455 1635 1868 1691; baseline -0.003 -13"><span class='ocrx_word' id='word_1_193' title='bbox 455 1641 588 1678; x_wconf 86' lang='lat' dir='ltr'>studiis</span> <span class='ocrx_word' id='word_1_194' title='bbox 608 1639 735 1678; x_wconf 89' lang='lat' dir='ltr'>dicam</span> <span class='ocrx_word' id='word_1_195' title='bbox 756 1637 1014 1691; x_wconf 87' lang='lat' dir='ltr'>cognoscendi</span> <span class='ocrx_word' id='word_1_196' title='bbox 1033 1637 1181 1690; x_wconf 89' lang='lat' dir='ltr'>semper</span> <span class='ocrx_word' id='word_1_197' title='bbox 1201 1636 1363 1689; x_wconf 89' lang='lat' dir='ltr'>aliquid,</span> <span class='ocrx_word' id='word_1_198' title='bbox 1380 1645 1496 1689; x_wconf 89' lang='lat' dir='ltr'>atque</span> <span class='ocrx_word' id='word_1_199' title='bbox 1515 1635 1700 1680; x_wconf 89' lang='lat' dir='ltr'>discendi,</span> <span class='ocrx_word' id='word_1_200' title='bbox 1719 1635 1759 1673; x_wconf 92' lang='lat' dir='ltr'>in</span> <span class='ocrx_word' id='word_1_201' title='bbox 1775 1636 1868 1688; x_wconf 87' lang='lat' dir='ltr'>qui-</span> 
     </span>
     <span class='ocr_line' id='line_1_23' title="bbox 454 1702 1868 1757; baseline -0.004 -12"><span class='ocrx_word' id='word_1_202' title='bbox 454 1707 540 1752; x_wconf 84' lang='lat' dir='ltr'>bus,</span> <span class='ocrx_word' id='word_1_203' title='bbox 574 1706 713 1745; x_wconf 89' lang='lat' dir='ltr'>remoti</span> <span class='ocrx_word' id='word_1_204' title='bbox 744 1705 792 1744; x_wconf 86' lang='lat' dir='ltr'>ab</span> <span class='ocrx_word' id='word_1_205' title='bbox 823 1704 947 1743; x_wconf 86' lang='lat' dir='ltr'>oculis</span> <span class='ocrx_word' id='word_1_206' title='bbox 977 1703 1127 1757; x_wconf 93' lang='lat' dir='ltr'>populi,</span> <span class='ocrx_word' id='word_1_207' title='bbox 1159 1717 1276 1742; x_wconf 89' lang='lat' dir='ltr'>omne</span> <span class='ocrx_word' id='word_1_208' title='bbox 1306 1702 1475 1742; x_wconf 88' lang='lat' dir='ltr'>otiosum</span> <span class='ocrx_word' id='word_1_209' title='bbox 1501 1710 1657 1755; x_wconf 87' lang='lat' dir='ltr'>tempus</span> <span class='ocrx_word' id='word_1_210' title='bbox 1678 1703 1868 1740; x_wconf 90' lang='lat' dir='ltr'>contrivi-</span> 
     </span>
     <span class='ocr_line' id='line_1_24' title="bbox 456 1768 1867 1824; baseline -0.004 -12"><span class='ocrx_word' id='word_1_211' title='bbox 456 1788 543 1812; x_wconf 85' lang='lat' dir='ltr'>mus</span> <span class='ocrx_word' id='word_1_212' title='bbox 560 1774 571 1810; x_wconf 91' lang='lat'>?</span> <span class='ocrx_word' id='word_1_213' title='bbox 595 1775 774 1824; x_wconf 84' lang='lat' dir='ltr'>Qarum</span> <span class='ocrx_word' id='word_1_214' title='bbox 796 1785 923 1810; x_wconf 87' lang='lat' dir='ltr'>rerum</span> <span class='ocrx_word' id='word_1_215' title='bbox 945 1771 1156 1810; x_wconf 85' lang='lat' dir='ltr'>recordatio</span> <span class='ocrx_word' id='word_1_216' title='bbox 1175 1780 1212 1809; x_wconf 90' lang='lat' dir='ltr'>et</span> <span class='ocrx_word' id='word_1_217' title='bbox 1233 1769 1434 1815; x_wconf 90' lang='lat' dir='ltr'>memoria,</span> <span class='ocrx_word' id='word_1_218' title='bbox 1452 1769 1478 1807; x_wconf 88' lang='lat' dir='ltr'>fi</span> <span class='ocrx_word' id='word_1_219' title='bbox 1499 1782 1575 1807; x_wconf 85' lang='lat' dir='ltr'>una</span> <span class='ocrx_word' id='word_1_220' title='bbox 1594 1782 1687 1807; x_wconf 86' lang='lat' dir='ltr'>cum</span> <span class='ocrx_word' id='word_1_221' title='bbox 1709 1768 1778 1807; x_wconf 87' lang='lat' dir='ltr'>illo</span> <span class='ocrx_word' id='word_1_222' title='bbox 1797 1782 1867 1807; x_wconf 92' lang='lat' dir='ltr'>oc-</span> 
     </span>
     <span class='ocr_line' id='line_1_25' title="bbox 455 1834 1868 1889; baseline -0.004 -12"><span class='ocrx_word' id='word_1_223' title='bbox 455 1839 615 1883; x_wconf 83' lang='lat' dir='ltr'>cidisset,</span> <span class='ocrx_word' id='word_1_224' title='bbox 649 1838 877 1876; x_wconf 81' lang='lat' dir='ltr'>defiderium</span> <span class='ocrx_word' id='word_1_225' title='bbox 913 1837 1214 1889; x_wconf 64' lang='lat' dir='ltr'>conjunctissimi</span> <span class='ocrx_word' id='word_1_226' title='bbox 1246 1846 1359 1889; x_wconf 88' lang='lat' dir='ltr'>atque</span> <span class='ocrx_word' id='word_1_227' title='bbox 1389 1834 1636 1874; x_wconf 85' lang='lat' dir='ltr'>amantiffimi</span> <span class='ocrx_word' id='word_1_228' title='bbox 1668 1835 1738 1873; x_wconf 81' lang='lat' dir='ltr'>viri</span> <span class='ocrx_word' id='word_1_229' title='bbox 1769 1834 1868 1873; x_wconf 89' lang='lat' dir='ltr'>ferre</span> 
     </span>
     <span class='ocr_line' id='line_1_26' title="bbox 458 1901 1868 1955; baseline -0.003 -13"><span class='ocrx_word' id='word_1_230' title='bbox 458 1904 569 1943; x_wconf 84' lang='lat' dir='ltr'>nullo</span> <span class='ocrx_word' id='word_1_231' title='bbox 590 1903 707 1941; x_wconf 88' lang='lat' dir='ltr'>modo</span> <span class='ocrx_word' id='word_1_232' title='bbox 727 1902 896 1955; x_wconf 75' lang='lat' dir='ltr'>possem:</span> <span class='ocrx_word' id='word_1_233' title='bbox 923 1902 982 1939; x_wconf 86' lang='lat' dir='ltr'>sed</span> <span class='ocrx_word' id='word_1_234' title='bbox 1005 1915 1073 1938; x_wconf 86' lang='lat' dir='ltr'>nec</span> <span class='ocrx_word' id='word_1_235' title='bbox 1095 1901 1162 1938; x_wconf 83' lang='lat' dir='ltr'>illa</span> <span class='ocrx_word' id='word_1_236' title='bbox 1182 1902 1351 1940; x_wconf 67' lang='lat' dir='ltr'>extinCta</span> <span class='ocrx_word' id='word_1_237' title='bbox 1370 1901 1471 1945; x_wconf 88' lang='lat' dir='ltr'>sunt,</span> <span class='ocrx_word' id='word_1_238' title='bbox 1493 1901 1724 1951; x_wconf 85' lang='lat' dir='ltr'>alunturque</span> <span class='ocrx_word' id='word_1_239' title='bbox 1739 1901 1868 1953; x_wconf 90' lang='lat' dir='ltr'>potius</span> 
     </span>
     <span class='ocr_line' id='line_1_27' title="bbox 455 1966 1867 2022; baseline -0.004 -14"><span class='ocrx_word' id='word_1_240' title='bbox 455 1980 493 2009; x_wconf 88' lang='lat' dir='ltr'>et</span> <span class='ocrx_word' id='word_1_241' title='bbox 525 1978 713 2022; x_wconf 88' lang='lat' dir='ltr'>augentur</span> <span class='ocrx_word' id='word_1_242' title='bbox 744 1967 978 2020; x_wconf 84' lang='lat' dir='ltr'>cogitatione</span> <span class='ocrx_word' id='word_1_243' title='bbox 1009 1976 1047 2004; x_wconf 92' lang='lat' dir='ltr'>et</span> <span class='ocrx_word' id='word_1_244' title='bbox 1068 1968 1266 2005; x_wconf 88' lang='lat' dir='ltr'>memoria.</span> <span class='ocrx_word' id='word_1_245' title='bbox 1318 1967 1385 2011; x_wconf 83' lang='lat' dir='ltr'>Et,</span> <span class='ocrx_word' id='word_1_246' title='bbox 1418 1966 1443 2003; x_wconf 85' lang='lat' dir='ltr'>fi</span> <span class='ocrx_word' id='word_1_247' title='bbox 1465 1966 1541 2003; x_wconf 92' lang='lat' dir='ltr'>illis</span> <span class='ocrx_word' id='word_1_248' title='bbox 1573 1966 1684 2018; x_wconf 85' lang='lat' dir='ltr'>plane</span> <span class='ocrx_word' id='word_1_249' title='bbox 1711 1966 1867 2003; x_wconf 81' lang='lat' dir='ltr'>orbatus</span> 
     </span>
     <span class='ocr_line' id='line_1_28' title="bbox 456 2031 1867 2086; baseline -0.004 -12"><span class='ocrx_word' id='word_1_250' title='bbox 456 2036 585 2080; x_wconf 78' lang='lat' dir='ltr'>ess‘em,</span> <span class='ocrx_word' id='word_1_251' title='bbox 616 2047 805 2086; x_wconf 86' lang='lat' dir='ltr'>magnum</span> <span class='ocrx_word' id='word_1_252' title='bbox 829 2042 956 2071; x_wconf 83' lang='lat' dir='ltr'>tamen</span> <span class='ocrx_word' id='word_1_253' title='bbox 979 2031 1127 2071; x_wconf 84' lang='lat' dir='ltr'>afferret</span> <span class='ocrx_word' id='word_1_254' title='bbox 1149 2032 1248 2070; x_wconf 83' lang='lat' dir='ltr'>mihi</span> <span class='ocrx_word' id='word_1_255' title='bbox 1271 2042 1355 2070; x_wconf 70' lang='lat' dir='ltr'>:etas</span> <span class='ocrx_word' id='word_1_256' title='bbox 1384 2031 1460 2084; x_wconf 73' lang='lat' dir='ltr'>ipfa</span> <span class='ocrx_word' id='word_1_257' title='bbox 1481 2031 1658 2069; x_wconf 82' lang='lat' dir='ltr'>solatium</span> <span class='ocrx_word' id='word_1_258' title='bbox 1679 2045 1687 2068; x_wconf 95' lang='lat'><strong>:</strong></span> <span class='ocrx_word' id='word_1_259' title='bbox 1721 2031 1867 2069; x_wconf 86' lang='lat' dir='ltr'>diutius</span> 
     </span>
     <span class='ocr_line' id='line_1_29' title="bbox 456 2097 1869 2152; baseline -0.004 -12"><span class='ocrx_word' id='word_1_260' title='bbox 456 2103 560 2141; x_wconf 88' lang='lat' dir='ltr'>enim</span> <span class='ocrx_word' id='word_1_261' title='bbox 577 2102 659 2152; x_wconf 87' lang='lat' dir='ltr'>jam</span> <span class='ocrx_word' id='word_1_262' title='bbox 682 2101 720 2138; x_wconf 84' lang='lat' dir='ltr'>in</span> <span class='ocrx_word' id='word_1_263' title='bbox 742 2099 816 2137; x_wconf 92' lang='lat' dir='ltr'>hoc</span> <span class='ocrx_word' id='word_1_264' title='bbox 838 2099 1019 2137; x_wconf 83' lang='lat' dir='ltr'>defiderio</span> <span class='ocrx_word' id='word_1_265' title='bbox 1038 2098 1108 2137; x_wconf 74' lang='lat' dir='ltr'>css‘e</span> <span class='ocrx_word' id='word_1_266' title='bbox 1130 2112 1207 2137; x_wconf 87' lang='lat' dir='ltr'>non</span> <span class='ocrx_word' id='word_1_267' title='bbox 1227 2097 1377 2152; x_wconf 88' lang='lat' dir='ltr'>possum</span> <span class='ocrx_word' id='word_1_268' title='bbox 1396 2112 1405 2137; x_wconf 88' lang='lat'><strong>:</strong></span> <span class='ocrx_word' id='word_1_269' title='bbox 1438 2098 1570 2136; x_wconf 89' lang='lat' dir='ltr'>omnia</span> <span class='ocrx_word' id='word_1_270' title='bbox 1590 2107 1718 2135; x_wconf 85' lang='lat' dir='ltr'>autem</span> <span class='ocrx_word' id='word_1_271' title='bbox 1741 2097 1869 2135; x_wconf 88' lang='lat' dir='ltr'>brevia</span> 
     </span>
     <span class='ocr_line' id='line_1_30' title="bbox 457 2165 1390 2217; baseline -0.004 -10"><span class='ocrx_word' id='word_1_272' title='bbox 457 2167 670 2207; x_wconf 87' lang='lat' dir='ltr'>tolerabilia</span> <span class='ocrx_word' id='word_1_273' title='bbox 690 2166 761 2204; x_wconf 73' lang='lat' dir='ltr'>ess&#39;e</span> <span class='ocrx_word' id='word_1_274' title='bbox 781 2165 936 2209; x_wconf 89' lang='lat' dir='ltr'>debent,</span> <span class='ocrx_word' id='word_1_275' title='bbox 958 2165 1075 2203; x_wconf 87' lang='lat' dir='ltr'>etiam</span> <span class='ocrx_word' id='word_1_276' title='bbox 1097 2165 1121 2203; x_wconf 74' lang='lat' dir='ltr'>si</span> <span class='ocrx_word' id='word_1_277' title='bbox 1144 2179 1284 2217; x_wconf 81' lang='lat' dir='ltr'>magna</span> <span class='ocrx_word' id='word_1_278' title='bbox 1304 2165 1390 2203; x_wconf 70' lang='lat' dir='ltr'>sint.</span> 
     </span>
    </p>

    <p class='ocr_par' dir='ltr' id='par_1_4' title="bbox 457 2227 1870 2419">
     <span class='ocr_line' id='line_1_31' title="bbox 514 2227 1868 2283; baseline -0.004 -11"><span class='ocrx_word' id='word_1_279' title='bbox 514 2234 610 2272; x_wconf 73' lang='lat' dir='ltr'>Haec</span> <span class='ocrx_word' id='word_1_280' title='bbox 643 2231 780 2276; x_wconf 83' lang='lat' dir='ltr'>habui,</span> <span class='ocrx_word' id='word_1_281' title='bbox 814 2231 860 2269; x_wconf 88' lang='lat' dir='ltr'>dc</span> <span class='ocrx_word' id='word_1_282' title='bbox 892 2231 1061 2269; x_wconf 85' lang='lat' dir='ltr'>amicitia</span> <span class='ocrx_word' id='word_1_283' title='bbox 1096 2244 1180 2283; x_wconf 79' lang='lat' dir='ltr'>quae</span> <span class='ocrx_word' id='word_1_284' title='bbox 1214 2231 1398 2269; x_wconf 87' lang='lat' dir='ltr'>dicerem.</span> <span class='ocrx_word' id='word_1_285' title='bbox 1443 2229 1523 2268; x_wconf 91' lang='lat' dir='ltr'>Vos</span> <span class='ocrx_word' id='word_1_286' title='bbox 1555 2237 1683 2267; x_wconf 87' lang='lat' dir='ltr'>autem</span> <span class='ocrx_word' id='word_1_287' title='bbox 1715 2227 1868 2273; x_wconf 87' lang='lat' dir='ltr'>hortor,</span> 
     </span>
     <span class='ocr_line' id='line_1_32' title="bbox 458 2294 1870 2349; baseline -0.003 -12"><span class='ocrx_word' id='word_1_288' title='bbox 458 2310 499 2338; x_wconf 93' lang='lat' dir='ltr'>ut</span> <span class='ocrx_word' id='word_1_289' title='bbox 532 2301 582 2337; x_wconf 86' lang='lat' dir='ltr'>ita</span> <span class='ocrx_word' id='word_1_290' title='bbox 614 2299 796 2336; x_wconf 86' lang='lat' dir='ltr'>virtutem</span> <span class='ocrx_word' id='word_1_291' title='bbox 832 2297 980 2341; x_wconf 84' lang='lat' dir='ltr'>locetis,</span> <span class='ocrx_word' id='word_1_292' title='bbox 1017 2296 1091 2335; x_wconf 83' lang='lat' dir='ltr'>fine</span> <span class='ocrx_word' id='word_1_293' title='bbox 1111 2311 1187 2349; x_wconf 81' lang='lat' dir='ltr'>qua</span> <span class='ocrx_word' id='word_1_294' title='bbox 1206 2296 1378 2335; x_wconf 83' lang='lat' dir='ltr'>amicitia</span> <span class='ocrx_word' id='word_1_295' title='bbox 1403 2295 1474 2334; x_wconf 76' lang='lat' dir='ltr'>effe</span> <span class='ocrx_word' id='word_1_296' title='bbox 1495 2309 1571 2335; x_wconf 89' lang='lat' dir='ltr'>non</span> <span class='ocrx_word' id='word_1_297' title='bbox 1593 2294 1728 2348; x_wconf 89' lang='lat' dir='ltr'>potest,</span> <span class='ocrx_word' id='word_1_298' title='bbox 1758 2304 1801 2334; x_wconf 86' lang='lat' dir='ltr'>ut</span> <span class='ocrx_word' id='word_1_299' title='bbox 1827 2308 1870 2333; x_wconf 83' lang='lat' dir='ltr'>ea</span> 
     </span>
     <span class='ocr_line' id='line_1_33' title="bbox 457 2361 1388 2419; baseline -0.004 -15"><span class='ocrx_word' id='word_1_300' title='bbox 457 2374 628 2419; x_wconf 85' lang='lat' dir='ltr'>excepta,</span> <span class='ocrx_word' id='word_1_301' title='bbox 651 2363 750 2403; x_wconf 86' lang='lat' dir='ltr'>nihil</span> <span class='ocrx_word' id='word_1_302' title='bbox 774 2363 942 2402; x_wconf 84' lang='lat' dir='ltr'>amicitia</span> <span class='ocrx_word' id='word_1_303' title='bbox 964 2363 1210 2415; x_wconf 75' lang='lat' dir='ltr'>praestabilius</span> <span class='ocrx_word' id='word_1_304' title='bbox 1230 2361 1388 2416; x_wconf 88' lang='lat' dir='ltr'>putetis.</span> 
     </span>
    </p>
   </div>
  </div>
 </body>
</html>
