2223 3003
406 240 484 267 210
804 226 907 264 DE
977 223 1404 263 OFFICIIS

403 338 527 367 tuam.
573 328 629 365 Ut
649 324 754 363 enim
775 324 947 362 sermone
976 336 1022 361 eo
1051 323 1236 361 debemus
1268 323 1338 367 uti,
1371 321 1439 374 qui
1462 329 1575 360 notus
1605 321 1657 360 est
1678 323 1804 369 nobis,

404 408 466 439 ne,
484 403 526 431 ut
545 392 718 444 quidam,
733 390 866 427 Graeca
887 388 998 426 verba
1017 388 1268 433 inculcantes,
1280 388 1367 440 jure
1386 388 1538 440 optimo
1553 387 1778 426 irrideamur
1790 406 1804 433 ς

405 460 455 497 fic
475 459 515 496 in
535 457 713 500 actiones,
741 467 980 507 omnemque
1000 454 1120 493 vitam
1147 453 1294 492 nullam
1314 453 1608 506 discrepantiam
1634 452 1807 492 conferre

404 524 604 563 debemus.

459 590 591 640 Atque
620 586 703 626 haec
734 587 949 626 differentia
968 596 1188 626 naturarum
1210 597 1356 626 tantam
1383 586 1497 626 habet
1516 587 1610 631 vim,
1640 594 1685 624 ut
1705 598 1805 624 non-

405 667 608 706 nunquam
641 662 810 691 mortem
841 653 910 691 fibi
945 654 1022 706 ipse
1052 653 1281 692 consciscere
1311 653 1408 691 alius
1443 653 1590 696 debeat,
1634 651 1730 689 alius
1764 650 1808 688 in

404 719 537 757 eadem
571 718 679 756 causa
711 731 789 756 non
824 719 972 757 debeat.
1023 718 1135 756 Num
1167 719 1272 757 enim
1303 719 1375 756 alia
1405 719 1445 756 in
1473 717 1581 756 causa
1610 717 1674 756 M.
1708 717 1809 755 Cato

404 785 496 831 fuit,
527 785 599 823 alia
631 785 771 830 caeteri‚
802 785 871 837 qui
902 784 938 822 se
972 786 1012 822 in
1039 784 1173 823 Africa
1203 785 1339 823 Caesari
1373 783 1639 822 tradiderunt?
1681 783 1808 835 Atqui

404 851 548 890 caeteris
580 849 734 889 forsitan
765 850 860 888 vitio
888 850 1023 887 datum
1053 850 1155 894 effet,
1187 850 1211 888 si
1233 850 1269 888 se
1288 849 1579 895 interemissent,
1609 858 1810 903 propterea

405 917 510 970 quod
543 929 678 954 eorum
709 915 787 953 vita
819 915 954 960 lenior,
990 924 1029 953 et
1063 928 1187 953 mores
1220 914 1371 954 fuerant
1399 915 1590 954 faciliores
1609 934 1622 961 ς
1666 915 1808 954 Catoni

405 992 535 1021 autem
565 994 657 1020 cum
687 980 957 1018 incredibilem
990 980 1178 1019 tribuiffet
1207 990 1341 1020 natura
1373 983 1614 1035 gravitatem,
1644 993 1810 1033 eamque

404 1049 484 1102 ipse
522 1047 704 1102 perpetua
735 1046 947 1085 constantia
984 1047 1239 1093 roboravisset,
1280 1047 1505 1101 semperque
1542 1049 1583 1086 in
1616 1047 1811 1100 proposito

406 1115 656 1167 susceptoque
693 1112 853 1151 consilio
889 1112 1160 1165 permansisset,
1208 1113 1455 1152 moriendum
1498 1113 1640 1166 potius,
1689 1125 1809 1165 quam

407 1181 557 1233 tyranni
578 1179 706 1219 vultus
727 1179 991 1232 adspiciendus
1010 1178 1100 1219 fuit.
1147 1181 1279 1232 Qam
1300 1181 1424 1219 multa
1443 1180 1565 1233 paffus
1586 1179 1638 1218 est
1658 1178 1808 1231 Ulyffes

406 1247 447 1284 in
478 1245 546 1283 illo
576 1258 699 1282 errore
719 1244 916 1289 diuturno,
949 1258 1041 1282 cum
1061 1253 1099 1282 et
1130 1245 1358 1283 mulieribus
1390 1245 1434 1296 (si
1455 1245 1568 1283 Circe
1587 1253 1624 1282 et
1645 1244 1811 1295 Calypso

408 1311 589 1350 mulieres
620 1310 852 1363 appellandae
882 1310 987 1362 sunt)
1019 1310 1228 1357 inserviret,
1260 1320 1298 1349 et
1329 1311 1369 1349 in
1395 1311 1505 1349 omni
1526 1311 1697 1348 sermone
1717 1324 1807 1348 om-

406 1378 520 1415 nibus
552 1375 746 1415 affabilem
781 1385 819 1413 et
843 1376 1067 1428 jucundum
1098 1376 1132 1414 se
1163 1376 1234 1415 effe
1265 1376 1412 1414 vellet?
1443 1376 1551 1414 domi
1581 1390 1668 1414 vero
1690 1377 1807 1414 etiam

406 1443 662 1483 contumelias
682 1442 875 1480 servorum
894 1442 1200 1496 ancillarumque
1221 1443 1396 1496 pertulit,
1426 1453 1469 1481 ut
1499 1443 1544 1480 ad
1573 1443 1612 1480 id
1631 1443 1809 1495 aliquan-

407 1510 470 1554 do,
508 1509 614 1562 quod
647 1508 842 1561 cupiebat,
874 1509 1100 1561 perveniret.
1160 1511 1216 1547 At
1238 1510 1354 1561 Ajax,
1383 1522 1462 1561 quo
1481 1509 1612 1546 animo
1632 1509 1808 1554 traditur,

406 1575 548 1613 millies
568 1584 747 1627 oppetere
768 1584 950 1619 mortem,
973 1588 1090 1627 quam
1111 1575 1177 1613 illa
1195 1575 1357 1628 perpeti,
1379 1575 1581 1614 maluiffet.

462 1642 560 1693 Qae
594 1640 900 1693 contemplantes
931 1637 1143 1694 expendere
1173 1641 1381 1694 oportebit,
1417 1642 1513 1695 quid
1544 1642 1704 1695 quisque
1738 1641 1809 1681 ha-

405 1709 492 1746 beat
513 1707 568 1745 sui
586 1726 598 1752 3
629 1720 746 1759 eaque
767 1707 969 1753 moderari,
991 1721 1060 1746 nec
1081 1708 1178 1746 velle
1198 1709 1377 1762 experiri,
1405 1723 1523 1761 quam
1544 1709 1578 1747 se
1599 1709 1721 1748 aliena
1740 1710 1809 1747 de-

407 1782 529 1811 ceant.
563 1772 606 1810 Id
626 1773 731 1811 enim
753 1773 922 1811 maxime
938 1787 1136 1826 quemque
1155 1774 1275 1819 decet,
1294 1775 1399 1827 quod
1425 1774 1477 1812 est
1495 1774 1680 1827 cujusque
1695 1774 1809 1813 suum

407 1839 591 1877 maxime.
634 1840 756 1876 Suum
778 1839 896 1890 igitur
915 1840 1076 1892 quisque
1096 1841 1223 1879 noscat
1243 1842 1461 1894 ingenium,
1492 1854 1697 1894 acremque
1718 1841 1752 1880 se
1771 1851 1810 1879 et

407 1905 600 1942 bonorum
621 1912 658 1940 et
678 1903 861 1942 vitiorum
883 1904 1039 1942 suorum
1060 1906 1235 1956 judicem
1256 1907 1447 1958 prcebeat5
1480 1920 1527 1944 ne
1548 1907 1684 1944 scenici
1705 1907 1808 1959 plus,

407 1983 525 2022 quam
554 1981 636 2013 nQS,
667 1968 867 2007 videantur
887 1968 1024 2008 habere
1045 1971 1254 2023 prudentia„¹
1273 1986 1281 2009 :
1315 1971 1372 2009 illi
1401 1972 1507 2010 enim
1528 1986 1604 2010 non
1625 1973 1808 2025 optimas,

408 2035 467 2073 sed
491 2035 557 2073 sibi
579 2034 1004 2081 accommodatissimas,
1026 2035 1173 2075 fabulas
1192 2038 1354 2090 eligunt.
1388 2039 1469 2090 Qi
1488 2052 1579 2077 voce
1600 2037 1685 2076 freti
1707 2038 1808 2083 sunt,

408 2101 621 2154 Epigonos,
653 2099 927 2153 Medumque,
973 2103 1040 2154 qui
1074 2103 1194 2155 gestu,
1240 2103 1523 2157 Menalippam,
1555 2104 1808 2155 Clytaemnes-

407 2177 534 2205 tram:
569 2166 715 2218 semper
747 2166 945 2219 Rupilius‚
977 2181 1095 2219 quem
1127 2182 1198 2221 ego
1232 2170 1410 2214 memini,
1443 2171 1686 2222 Antiopam5
1733 2184 1809 2208 non

409 2234 500 2284 saepe
522 2231 687 2284 AEsopus
708 2232 883 2284 Ajacem.
931 2234 1036 2286 Ergo
1056 2232 1188 2273 histrio
1209 2233 1284 2273 hoc
1306 2235 1449 2274 videbit
1479 2236 1518 2274 in
1551 2236 1671 2281 scena,
1705 2236 1810 2288 quod

407 2312 485 2336 non
508 2298 652 2335 videbit
675 2297 817 2350 sapiens
838 2298 877 2335 in
898 2299 1002 2336 vita?
1035 2300 1097 2338 Ad
1118 2314 1211 2353 quas
1232 2301 1351 2354 igitur
1371 2314 1427 2339 res
1447 2301 1626 2354 aptissimi
1647 2302 1806 2346 erimus,

408 2364 447 2401 in
481 2363 526 2401 iis
563 2363 801 2415 potissimum
835 2364 1144 2405 elaborabimus:
1191 2367 1244 2404 sin
1275 2367 1480 2420 aliquando
1516 2367 1707 2405 necessitas
1741 2382 1808 2406 nos

408 2429 454 2468 ad
473 2443 515 2466 ea
536 2428 748 2473 detruserit,
771 2443 855 2481 quse
877 2431 989 2469 nostri
1012 2432 1155 2485 ingenii
1175 2446 1251 2471 non
1271 2442 1382 2471 erunt
1404 2451 1415 2478 ς
1446 2434 1573 2471 omnis
1595 2432 1811 2472 adhibenda

407 2495 477 2533 erit
497 2509 600 2539 cura,
637 2495 849 2540 meditatio,
888 2497 1100 2550 diligentia,
1137 2508 1178 2536 ut
1211 2512 1265 2544 ea,
1300 2499 1324 2537 si
1352 2513 1428 2537 non
1449 2499 1598 2544 decore,
1635 2510 1670 2538 at
1691 2514 1809 2552 quam

408 2562 620 2615 minimum
653 2561 828 2601 indecore
859 2561 979 2603 facere
1013 2564 1212 2618 possimus.
1272 2566 1358 2605 Nec
1391 2575 1468 2606 tani
1494 2567 1546 2606 cst
1565 2567 1808 2612 enitendum,
