2223 3003
660 284 937 324 LIBER
994 285 1420 326 TERTIUS.
1666 301 1743 342 273

340 391 416 420 nec
443 381 524 421 laus
544 395 684 436 magna
713 384 930 431 tribuenda,
960 398 1031 424 nec
1065 385 1185 439 gratia
1217 386 1283 424 est.
1342 385 1428 431 Sed,
1459 385 1531 424 five
1552 385 1745 425 simulatio

343 457 382 486 et
414 448 663 488 diffimulatio
692 450 803 489 dolus
834 451 959 490 malus
989 451 1056 497 est,
1086 465 1284 505 perpaucae
1315 465 1370 491 res
1397 452 1499 498 sunt,
1530 453 1569 491 in
1601 453 1743 506 quibus

341 514 454 554 dolus
474 515 542 554 iste
562 516 686 555 malus
705 529 785 554 non
799 516 991 556 versetur:
1022 517 1097 556 five
1123 518 1181 556 vir
1201 519 1324 557 bonus
1345 519 1396 556 est
1422 519 1467 564 is,
1490 519 1558 572 qui
1579 519 1742 572 prodest,

343 582 486 633 quibus
504 583 640 636 potest,
667 591 781 621 nocet
810 583 973 628 nemini,
1003 592 1106 621 certe
1125 584 1242 622 istum
1261 584 1390 622 virum
1411 585 1558 623 bonurn
1580 600 1657 623 non
1684 584 1742 623 fa-

343 646 417 685 cile
437 648 660 700 reperimus.
692 647 909 699 Nunquam
938 648 1059 700 igitur
1088 648 1140 686 est
1161 648 1256 685 utile
1276 662 1444 701 peccare,
1479 651 1569 701 quia
1598 650 1744 703 semper

342 712 396 751 est
426 720 562 765 turpe;
605 722 657 758 et,
689 712 782 765 quia
813 712 962 766 semper
992 713 1045 752 est
1074 712 1295 759 honestum,
1326 715 1454 753 virum
1485 716 1632 754 bonum
1659 717 1742 761 effe,

341 777 489 830 semper
507 777 559 816 est
579 777 688 817 utile.

396 844 509 882 XVI.
541 846 602 882 Ac
633 844 680 882 de
709 845 795 897 jure
814 844 974 898 quidem
1003 846 1236 899 praediorum
1257 845 1446 885 sancitum
1472 846 1525 885 est
1544 846 1646 900 apud
1675 860 1744 885 nos

335 911 423 963 jure
442 910 563 956 civili,
597 920 640 949 ut
670 910 711 949 in
730 909 792 950 his
813 911 1020 950 vendendis
1041 913 1134 951 vitia
1152 912 1382 958 dicerentur,
1413 927 1498 966 quae
1519 923 1609 952 nota
1628 913 1746 951 essent

341 976 545 1015 venditori.
597 977 718 1023 Nam,
747 990 841 1016 cum
860 992 907 1017 ex
929 992 995 1017 XII
1019 979 1160 1017 tabulis
1181 980 1266 1018 satis
1287 979 1375 1018 esset
1394 993 1437 1017 ea
1455 980 1631 1033 praestari,
1659 993 1745 1032 quae

339 1042 458 1081 essent
488 1043 621 1097 lingua
651 1054 884 1098 nuncupata,
916 1059 1000 1098 quae
1031 1047 1100 1099 qui
1119 1047 1311 1085 inficiatus
1331 1046 1433 1092 effet,
1458 1046 1567 1100 dupli
1587 1059 1744 1099 poenam

341 1107 511 1154 subiret,
544 1123 564 1147 a
591 1111 864 1162 jureconsultis
904 1112 1021 1150 etiam
1057 1113 1266 1151 reticentiae
1296 1127 1409 1166 poena
1428 1114 1480 1152 est
1513 1115 1744 1155 constituta:

340 1175 534 1228 quidquid
564 1177 671 1214 enim
704 1176 792 1215 effet
826 1178 866 1216 in
898 1178 1042 1231 praedio
1074 1179 1172 1224 vitii,
1214 1180 1255 1217 id
1292 1180 1515 1226 statuerunt,
1546 1182 1572 1219 fi
1608 1183 1743 1221 vendi-

340 1250 402 1278 tor
435 1242 573 1287 sciret,
622 1242 691 1280 nifi
725 1244 962 1282 nominatim
997 1246 1147 1283 dictum
1192 1246 1309 1291 efl‘et,
1354 1248 1516 1300 praestari
1554 1259 1741 1301 oportere.

340 1307 411 1352 Ut,
443 1320 535 1345 cum
570 1308 611 1346 in
646 1321 729 1346 arce
761 1309 968 1362 augurium
989 1323 1149 1363 augures
1180 1312 1301 1349 acturi
1327 1312 1456 1358 essent,
1482 1314 1746 1367 jufiiffentque

339 1373 482 1412 Titum
505 1374 716 1412 Claudium
738 1376 1033 1422 Centumalum,
1065 1377 1133 1429 qui
1154 1377 1248 1416 aedes
1280 1378 1321 1416 in
1342 1379 1472 1417 Coelio
1506 1390 1639 1419 monte
1673 1381 1744 1420 ha-

338 1438 467 1485 bebat,
497 1440 677 1479 demoliri
710 1455 765 1487 ea,
797 1456 966 1495 quorum
1000 1443 1166 1481 altitudo
1186 1444 1356 1482 officeret
1387 1445 1562 1498 auspiciis
1578 1465 1590 1492 ;
1624 1448 1745 1486 Clau-

339 1506 426 1544 dius
448 1507 661 1559 proscripsit
681 1508 866 1547 insulam:
882 1502 1078 1547 vendidit:
1101 1510 1198 1547 emit
1220 1511 1264 1548 P.
1281 1511 1514 1564 Calpurnius
1537 1514 1742 1552 Lanarius:

339 1572 434 1611 huic
453 1573 500 1611 ab
521 1573 743 1626 auguribus
761 1573 859 1612 illud
879 1575 983 1612 idem
1015 1575 1287 1614 denuntiatum
1307 1577 1373 1615 est.
1420 1579 1555 1630 Itaque
1577 1580 1744 1632 Calpur-

340 1640 442 1685 nius,
473 1653 567 1678 cum
589 1639 796 1678 demolitus
821 1640 924 1685 esset,
954 1641 1237 1693 cognossetque,
1271 1642 1482 1680 Claudium
1503 1644 1598 1682 aedes
1619 1645 1745 1698 postea

338 1706 599 1759 proscripfiffe,
632 1720 749 1759 quam
770 1706 857 1744 effet
887 1707 933 1744 ab
953 1707 1162 1759 auguribus
1194 1707 1371 1746 demoliri
1385 1709 1522 1761 jussus,
1554 1711 1743 1751 arbitrum

338 1773 455 1812 illum
490 1773 630 1826 adegit,
661 1773 854 1825 quidquid
883 1773 952 1811 fibi
978 1773 1078 1819 dare,
1109 1773 1231 1812 facere
1251 1784 1442 1827 oporteret
1471 1791 1514 1814 ex
1527 1776 1606 1828 fide
1639 1778 1741 1818 bona.

339 1840 403 1878 M.
427 1841 526 1878 Cato
559 1840 787 1877 sententiam
807 1840 920 1885 dixit,
950 1838 1066 1892 hujus
1088 1840 1205 1878 nostri
1227 1842 1367 1879 Catoni
1393 1851 1525 1894 pater:
1559 1852 1602 1880 ut
1637 1845 1742 1882 enim

337 1907 465 1944 caeteri
495 1920 543 1945 ex
562 1906 750 1958 patribus,
781 1906 845 1951 fic,
881 1906 950 1958 qui
970 1906 1103 1944 lumen
1124 1906 1222 1944 illud
1251 1908 1472 1959 progenuit,
1503 1922 1550 1946 ex
1577 1908 1659 1947 filio
1692 1910 1745 1947 est

339 1972 612 2011 nominandus.
658 1973 696 2010 Is
716 1972 835 2025 igitur
859 1973 981 2025 judex
1013 1973 1065 2011 ita
1084 1973 1372 2026 pronuntiavit;
1405 1988 1497 2012 cum
1528 1975 1568 2012 in
1595 1989 1743 2014 venun-

340 2039 465 2077 dando
498 2053 580 2077 rem
610 2052 695 2077 eam
725 2038 859 2084 sciffet,
891 2048 929 2077 et
948 2052 1027 2077 non
1047 2038 1337 2092 pronuntiasset,
1368 2041 1536 2093 emptori
1557 2041 1743 2080 damnum

337 2105 501 2159 praestari
521 2115 707 2158 oportere.
730 2105 855 2157 Igitur
873 2105 920 2143 ad
935 2104 1054 2143 fidem
1074 2105 1217 2143 bonam
1238 2105 1367 2143 statuit
1386 2106 1587 2158 pertinere,
1606 2116 1743 2146 notum

338 2171 409 2210 effe
429 2173 596 2225 emptori
614 2172 771 2216 vitium,
792 2172 898 2223 quod
919 2171 1038 2209 nosset
1056 2171 1244 2209 venditor.

394 2239 514 2292 Qod
548 2239 573 2276 fi
604 2239 703 2276 reste
731 2237 939 2290 judicavit,
985 2251 1062 2275 non
1098 2239 1197 2275 recte
1222 2236 1496 2277 frumentarius
1527 2238 1618 2284 ille,
1665 2254 1743 2279 non

340 2307 437 2343 recte
458 2305 599 2343 aedium
631 2303 894 2358 pestilentium
914 2303 1103 2348 venditor,
1125 2303 1258 2342 tacuit.
1305 2304 1376 2342 Sed
1397 2303 1620 2357 hujusmodi
1650 2307 1744 2345 reti-

341 2371 474 2409 centiae
487 2373 575 2424 jure
594 2371 701 2409 civili
732 2383 867 2409 omnes
885 2368 1161 2422 comprehendi
1192 2383 1267 2408 non
1290 2370 1467 2423 possunt5
1499 2386 1584 2425 quae
1615 2382 1744 2412 autem

342 2435 507 2487 pofl‘unt,
527 2438 734 2491 diligenter
754 2445 944 2476 tenentur.
968 2437 1031 2474 M.
1052 2436 1202 2475 Marius
1220 2437 1484 2483 Gratidianus,
1502 2440 1744 2492 propinquus

342 2501 478 2546 noster,
510 2504 558 2541 C.
581 2504 712 2556 Sergio
747 2505 874 2542 Oratae
908 2503 1126 2541 vendiderat
1160 2503 1256 2541 aedes
1291 2517 1363 2548 eas,
1402 2518 1494 2556 quas
1529 2506 1576 2544 ab
1607 2505 1744 2542 eodem

343 2567 420 2620 ipse
439 2568 569 2620 paucis
599 2579 684 2607 ante
705 2571 812 2609 annis
833 2579 989 2608 emerat.
1049 2570 1123 2608 Hae
1155 2569 1285 2623 Sergio
1312 2570 1545 2616 serviebant5
1577 2571 1639 2609 sed
1668 2569 1744 2607 hoc

342 2633 383 2674 in
404 2635 600 2689 mancipio
630 2635 782 2675 Marius
803 2650 880 2676 non
901 2637 1060 2676 dixerat.
1106 2636 1284 2676 Adducta
1305 2651 1360 2675 res
1382 2638 1419 2675 in
1443 2637 1640 2689 judicium
1675 2636 1742 2675 est.

1287 2703 1333 2742 M
1356 2717 1396 2742 m
1420 2716 1440 2742 2
