2223 3003
749 193 1028 233 LIBER
1083 191 1447 232 PRIMUS.
1744 206 1795 247 23

402 294 526 334 nostra
544 294 745 333 dele-stant.
790 295 938 332 Omnes
958 293 1034 332 hoc
1054 292 1238 339 historici,
1267 293 1393 338 Fabii,
1425 292 1561 339 Gellii,
1583 292 1644 331 sed
1663 294 1797 346 proxi-

401 374 465 399 me
485 360 640 399 Caelius.
684 360 789 397 Cum
809 359 912 397 bello
933 359 1074 397 Latino
1093 359 1175 397 ludi
1195 358 1313 397 votivi
1334 358 1496 397 maximi
1530 358 1704 411 primum
1725 358 1796 396 fie-

402 434 500 470 rent,
531 426 664 464 civitas
695 425 741 462 ad
775 437 879 461 arma
908 434 1061 475 repente
1085 424 1138 461 est
1157 424 1344 462 excitata:
1376 424 1519 476 itaque,
1554 424 1656 462 ludis
1676 409 1795 462 inser-

402 492 534 536 miffis‚
570 489 802 528 instaurativi
829 489 1028 525 constituti
1047 488 1146 525 sunt.
1184 490 1267 538 Qi
1286 498 1492 540 antequam
1511 489 1660 535 fierent,
1681 504 1795 528 cum-

402 570 478 609 que
511 557 595 607 jam
627 553 794 607 populus
825 550 1059 597 consedisset,
1092 551 1215 590 servus
1247 565 1312 604 per
1341 553 1506 598 circum,
1556 553 1647 592 cum
1680 557 1796 609 virgis

401 622 620 665 caederetur,
651 618 808 657 furcum
828 617 952 656 ferens
973 618 1109 656 duetus
1136 618 1201 656 est.
1240 618 1344 655 Exin
1377 619 1532 656 cuidam
1553 620 1693 658 rustico
1714 622 1796 660 Ro-

402 700 518 726 mano
551 685 759 724 dormienti
785 684 885 723 visus
915 684 969 721 est
996 684 1138 729 venire,
1169 684 1238 736 qui
1264 684 1420 729 diceret,
1442 684 1702 737 praesultorem
1730 687 1798 725 fibi

401 766 479 791 non
508 751 687 805 placuiss‘e
720 750 836 795 ludis,
871 751 989 802 idque
1022 750 1068 788 ab
1098 750 1233 788 eodem
1262 750 1408 802 juffum
1440 750 1512 799 effe
1530 764 1622 789 eum
1653 751 1798 791 senatui

399 819 576 857 nuntiare
587 836 599 863 3
622 817 737 855 illum
757 830 834 855 non
855 816 924 854 effe
945 816 1091 854 ausum.
1115 817 1261 855 Iterum
1281 816 1352 855 effe
1372 816 1476 855 idem
1497 817 1635 862 visum,
1652 827 1689 856 et
1709 832 1797 857 mo-

400 885 544 929 nitum,
577 897 626 922 ne
655 883 737 921 vim
768 882 875 920 suam
905 883 1067 935 experiri
1096 882 1235 928 vellet3
1268 896 1316 920 ne
1338 891 1423 921 tum
1445 883 1604 936 quidem
1624 883 1695 922 effe
1728 898 1798 922 au-

399 950 483 988 sum
502 965 511 988 :
530 950 619 988 exin
639 949 768 987 filium
788 950 868 1000 ejus
889 948 959 986 effe
979 957 1194 987 mortuum.
1227 949 1401 987 Eandem
1422 949 1462 987 in
1483 949 1641 988 somniis
1661 950 1798 990 admo-

399 1017 590 1055 nitionem
609 1014 720 1054 fuisse
740 1016 906 1053 tertiam.
944 1016 1054 1053 Tum
1072 1015 1187 1053 illum
1207 1015 1324 1054 etiam
1344 1015 1514 1054 debilem
1533 1015 1695 1062 fastum,
1717 1031 1798 1057 rem

400 1083 446 1121 ad
480 1083 625 1121 amicos
660 1080 847 1126 detuliffe,
883 1094 1052 1134 quorum
1083 1082 1130 1119 de
1161 1082 1346 1120 sententia
1374 1082 1551 1120 lefficula
1580 1083 1620 1121 in
1651 1084 1799 1122 curiam

399 1148 470 1187 effe
491 1149 661 1187 delatum
677 1166 689 1192 ς
712 1161 883 1200 cumque
903 1148 1044 1185 senatui
1062 1147 1256 1186 somnium
1276 1148 1526 1193 enarraviffet,
1547 1149 1708 1201 pedibus
1724 1150 1798 1188 suis

398 1215 546 1254 salvum
577 1214 741 1252 domum
761 1213 960 1252 revertiffe.
1003 1214 1138 1266 Itaque
1158 1213 1309 1252 somnio
1337 1215 1590 1267 comprobato
1614 1229 1636 1253 a
1654 1217 1797 1261 senatu,

398 1281 510 1319 ludos
541 1280 627 1319 illos
659 1281 802 1318 iterum
833 1279 1054 1318 instauratos
1089 1279 1285 1318 memoriae
1304 1279 1505 1332 proditum
1523 1280 1589 1319 est.
1640 1283 1688 1320 C.
1711 1295 1799 1320 vero

400 1345 601 1385 Gracchus
635 1345 770 1384 multis
791 1346 904 1391 dixit,
929 1353 973 1383 ut
1004 1344 1190 1398 scriptum
1223 1345 1325 1398 apud
1344 1345 1512 1384 eundem
1533 1346 1701 1385 Caelium
1730 1347 1798 1394 est,

399 1412 469 1450 fibi
487 1412 528 1450 in
549 1411 707 1450 somniis
727 1410 954 1464 quaesturam
969 1410 1117 1463 petenti
1133 1410 1229 1448 Tib.
1247 1409 1405 1448 fratrem
1425 1410 1548 1449 visum
1567 1411 1639 1449 effe
1658 1411 1798 1458 dicere,

402 1491 520 1529 quam
539 1478 655 1516 vellet
675 1479 928 1522 cunitaretun
950 1486 1079 1515 tamen
1099 1476 1236 1515 eodem
1256 1477 1324 1514 fibi
1345 1477 1436 1522 leto,
1456 1490 1534 1529 quo
1554 1477 1631 1530 ipse
1648 1478 1798 1517 interis-

401 1542 467 1587 set,
485 1542 555 1580 effe
573 1543 825 1595 pereundum.
859 1544 965 1588 Hoc,
982 1552 1186 1595 antequam
1207 1542 1383 1580 tribunus
1403 1542 1507 1595 plebi
1529 1544 1576 1581 C.
1597 1542 1797 1581 Gracchus

400 1606 522 1645 fastus
543 1607 645 1652 effet,
678 1618 716 1644 et
736 1608 771 1644 se
790 1608 929 1645 audiffe
960 1608 1090 1645 scribit
1113 1609 1270 1653 Caelius,
1299 1616 1337 1645 et
1368 1607 1500 1645 dixiffe
1519 1608 1679 1646 multis:
1719 1621 1799 1659 quo

401 1672 550 1710 somnio
571 1672 666 1723 quid
685 1672 849 1708 inveniri
868 1672 990 1723 potest
1009 1672 1149 1710 certius
1166 1673 1179 1709 ?

453 1737 626 1775 XXVII.
660 1735 796 1786 Qid?
828 1735 894 1772 illa
913 1735 990 1772 duo
1009 1737 1169 1778 somnia,
1191 1750 1275 1788 quae
1302 1737 1532 1775 creberrime
1551 1750 1796 1776 commemo-

402 1812 532 1842 rantur
551 1816 572 1840 a
592 1801 745 1845 Stoicis,
768 1801 854 1852 quis
876 1801 1029 1838 tandem
1060 1800 1182 1854 potest
1201 1809 1447 1840 contemnere
1465 1803 1478 1840 ?
1511 1804 1649 1841 Unum
1670 1803 1716 1842 de
1736 1805 1797 1842 Si-

401 1868 585 1908 monide:
617 1867 700 1920 qui,
733 1880 825 1904 cum
857 1868 1037 1919 ignotum
1059 1867 1251 1919 quendam
1275 1869 1490 1921 projec'tum
1517 1879 1718 1908 mortuum
1737 1871 1797 1908 vi-

400 1935 521 1980 disset,
543 1947 711 1986 eumque
731 1933 973 1978 humavisset,
994 1933 1229 1987 haberetque
1247 1935 1288 1972 in
1308 1935 1438 1973 animo
1458 1949 1594 1974 navem
1613 1936 1797 1975 conscen-

401 2000 501 2045 dere,
538 1999 687 2038 moneri
721 1999 820 2037 visus
854 1999 920 2044 est,
953 2012 1000 2037 ne
1030 1999 1070 2037 id
1090 1998 1244 2044 faceret,
1276 2000 1324 2037 ab
1359 2014 1417 2045 eo,
1455 2014 1572 2053 quem
1607 2001 1799 2054 sepultura

400 2064 575 2104 affecerat
589 2084 602 2111 5
634 2065 660 2103 fi
693 2064 909 2117 navigasset,
939 2079 1030 2104 eum
1064 2064 1262 2118 naufragio
1296 2065 1367 2104 effe
1396 2067 1637 2119 periturum:
1668 2067 1798 2120 itaque

401 2131 642 2170 Simonidem
663 2131 793 2169 rediffe
809 2150 819 2176 ;
852 2132 984 2184 periffe
1004 2142 1172 2176 caeteros,
1194 2133 1263 2183 qui
1285 2142 1370 2170 tum
1390 2133 1631 2186 navigassent.

453 2198 638 2236 Alterum
658 2198 710 2236 ita
730 2198 928 2242 traditum,
950 2199 1098 2236 clarum
1118 2198 1329 2236 admodum
1350 2199 1559 2238 somnium.
1597 2201 1702 2238 Cum
1717 2199 1795 2239 duo

399 2264 558 2317 quidam
578 2265 744 2303 Arcades
765 2263 971 2303 familiares
1005 2265 1077 2303 iter
1107 2278 1183 2302 una
1215 2264 1396 2310 facerent,
1429 2274 1467 2303 et
1496 2267 1699 2319 Megaram
1729 2279 1797 2304 ve-

401 2330 550 2376 niffent‚
580 2331 744 2369 alterum
764 2330 809 2368 ad
833 2344 1046 2384 cauponem
1065 2330 1283 2376 devertiffe;
1319 2331 1364 2369 ad
1384 2330 1588 2384 hospitem,
1618 2332 1796 2371 alterum.

404 2395 486 2446 Qi
505 2406 548 2435 ut
567 2397 708 2436 coenati
734 2396 986 2450 quiescerent,
1013 2396 1203 2436 concubia
1227 2398 1339 2435 nocte
1368 2397 1490 2436 visum
1521 2397 1593 2436 effe
1623 2398 1663 2435 in
1692 2397 1796 2436 som-

404 2460 478 2498 niis
497 2462 546 2505 ei,
567 2464 635 2514 qui
653 2473 731 2501 erat
760 2464 802 2502 in
821 2462 1002 2516 hospitio,
1032 2463 1147 2502 illum
1165 2463 1329 2502 alterum
1358 2477 1474 2509 orare,
1504 2474 1548 2502 ut
1567 2463 1795 2508 subveniret,

404 2525 509 2578 quod
525 2525 594 2565 fibi
613 2539 634 2564 a
651 2541 821 2581 caupone
841 2529 1017 2569 interitus
1038 2539 1241 2582 pararetur.
1275 2530 1379 2568 Eum
1399 2530 1527 2582 primo
1552 2529 1796 2582 perterritum
