2223 3003
827 205 1104 245 LIBER
1162 206 1523 245 PRIMUS.
1826 222 1872 262 17

475 305 660 351 stultitiae,
690 314 757 343 aut
786 305 977 350 vanitatis,
1008 314 1073 343 aut
1103 305 1386 358 imprudentiae,
1417 305 1486 358 qui
1520 317 1721 343 ccccrxx
1752 307 1875 345 millia

476 385 680 416 annorum,
712 380 755 409 ut
781 371 850 423 ipsi
879 370 1029 415 dicunt,
1059 372 1323 409 monumentis
1354 370 1630 424 comprehensa
1658 371 1871 417 continent,

476 446 514 474 et
534 437 688 475 mentiri
702 435 941 488 judicemus,
958 448 1028 472 nec
1050 435 1266 473 seculorum
1285 437 1524 488 reliquorum
1538 437 1750 489 judicium,
1772 438 1875 490 quod

477 502 524 540 de
544 503 631 554 ipsis
652 501 830 539 futurum
851 500 910 543 fit,
941 499 1223 550 pertimescere.

530 569 630 619 Age,
661 565 816 604 Barbari
845 564 933 602 vani
953 572 1068 616 atque
1088 562 1267 602 fallaces:
1300 577 1396 602 num
1415 566 1531 603 etiam
1558 568 1766 607 Graiorum
1796 568 1875 607 his-

476 632 573 670 toria
603 631 765 670 mentita
784 629 863 668 est?
895 631 994 681 Qae
1019 628 1152 668 Croeso
1180 628 1343 681 Pythius
1375 631 1536 683 Apollo,
1567 641 1610 669 ut
1643 634 1690 670 de
1717 636 1876 673 naturali

476 698 710 736 divinatione
745 697 893 741 dicam,
942 710 1028 748 quae
1065 694 1389 741 Athenienfibus,
1437 710 1524 748 quae
1559 698 1876 746 Lacedaemoniis,

477 778 562 817 quae
597 765 790 817 Tegeatis,
821 777 906 816 quae
940 763 1110 816 Argivis,
1147 777 1233 816 quae
1266 761 1484 802 Corinthiis
1515 763 1761 816 responderit,
1792 768 1876 818 quis

476 831 654 884 ignorat?
687 830 858 883 Collegit
876 830 1174 869 innumerabilia
1199 830 1352 869 oracula
1371 829 1623 884 Chrysippus,
1654 844 1725 869 nec
1752 832 1878 871 ullum

476 896 553 934 fine
573 896 766 949 locuplete
784 896 935 934 auctore
955 905 1069 948 atque
1096 895 1186 935 teste
1201 914 1214 941 ς
1246 909 1345 948 quae,
1375 896 1467 949 quia
1486 906 1577 934 nota
1597 896 1670 935 tibi
1689 896 1791 942 sunt,
1819 912 1877 936 re-

475 963 626 1016 linquo.
672 962 852 1002 Defendo
872 976 997 1001 unum
1015 961 1105 1002 hoc.
1165 963 1386 1016 Nunquam
1417 963 1519 1001 illud
1548 963 1749 1002 oraculum
1778 964 1878 1002 Del-

476 1029 565 1083 phis
587 1039 667 1068 tam
687 1030 837 1068 celebre
856 1038 895 1066 et
915 1037 994 1068 tam
1014 1029 1163 1068 clarum
1180 1028 1321 1075 fuiffet,
1351 1042 1477 1082 neque
1493 1030 1608 1068 tantis
1629 1029 1740 1068 donis
1761 1030 1878 1069 refer-

476 1105 564 1134 tum
583 1095 763 1133 omnium
793 1094 1030 1147 populorum
1049 1103 1164 1146 atque
1194 1108 1345 1147 regum,
1376 1095 1447 1133 nisi
1464 1095 1594 1134 omnis
1615 1104 1701 1133 aetas
1721 1095 1881 1135 illorum

475 1161 720 1199 oraculorum
739 1160 940 1197 veritatem
959 1159 1049 1197 esset
1067 1168 1235 1211 experta.
1273 1160 1433 1210 Jamdiu
1451 1161 1558 1199 idem
1577 1174 1655 1199 non
1671 1160 1778 1200 facit.
1821 1163 1879 1200 Ut

475 1227 596 1279 igitur
628 1239 733 1264 nunc
766 1225 918 1264 minore
947 1225 1069 1278 gloria
1097 1224 1164 1270 est,
1196 1224 1286 1277 quia
1315 1225 1446 1264 minus
1477 1227 1724 1265 oraculorum
1743 1228 1879 1266 veritas

475 1292 633 1332 excellit
648 1311 660 1338 3
693 1292 743 1331 fic
763 1301 864 1337 tum,
893 1291 963 1330 nifi
983 1291 1135 1330 summa
1153 1291 1324 1338 veritate,
1354 1291 1397 1330 in
1422 1299 1527 1330 tanta
1545 1292 1668 1344 gloria
1686 1305 1763 1331 non
1783 1292 1880 1331 fuis-

477 1359 544 1398 set.
594 1358 722 1397 Potest
752 1367 883 1396 autem
912 1357 969 1396 vis
1001 1357 1068 1396 illa
1100 1366 1219 1403 terrae,
1251 1371 1337 1410 quae
1368 1367 1542 1396 mentem
1568 1356 1718 1410 Pythiae
1749 1359 1881 1398 divino

475 1423 607 1463 afflatu
626 1424 859 1470 concitabat,
889 1423 1077 1463 evanuisse
1096 1423 1293 1470 vetustate,
1324 1434 1369 1463 ut
1389 1423 1574 1477 quosdam
1594 1423 1775 1462 exaruiffe
1793 1438 1879 1463 am-

476 1503 558 1535 nes,
588 1499 654 1529 aut
686 1491 728 1529 in
747 1490 870 1529 alium
889 1490 1045 1529 cursum
1064 1499 1262 1530 contortos
1283 1499 1322 1529 et
1340 1490 1522 1537 deflexos,
1553 1490 1742 1530 videmus.
1793 1490 1879 1536 Sed,

476 1564 522 1594 ut
554 1556 626 1602 vis,
656 1556 864 1602 acciderit;
904 1570 1045 1610 magna
1075 1557 1180 1596 enim
1203 1556 1360 1610 quaestio
1387 1557 1440 1595 est
1454 1575 1467 1602 3
1498 1556 1617 1596 modo
1646 1564 1797 1595 maneat
1823 1556 1879 1602 id,

475 1621 584 1673 quod
614 1622 743 1673 negari
768 1635 848 1659 non
881 1623 1017 1673 potest,
1047 1622 1118 1660 nis1
1147 1635 1309 1660 omnem
1341 1621 1540 1661 historiam
1569 1621 1878 1673 pervenerimus,

476 1687 613 1724 multis
634 1687 769 1724 seculis
786 1699 896 1724 verax
915 1685 1026 1725 fuiffe
1045 1687 1086 1726 id
1105 1687 1321 1726 oraculum.

532 1752 626 1789 XX.
658 1750 730 1789 Sed
749 1750 976 1788 omittamus
1014 1751 1192 1787 oracula:
1224 1751 1422 1788 veniamus
1442 1751 1489 1788 ad
1509 1750 1668 1789 somnia.
1706 1753 1768 1790 De
1787 1753 1878 1805 qui-

476 1817 549 1856 bus
570 1816 764 1869 disputans
785 1814 1036 1868 Chrysippus,
1067 1814 1204 1853 multis
1223 1823 1262 1853 et
1281 1815 1445 1853 minutis
1465 1815 1623 1855 somniis
1650 1817 1878 1871 colligendis

476 1883 572 1922 facit
605 1882 725 1927 idem,
757 1882 863 1934 quod
893 1881 1110 1935 Antipater,
1141 1895 1185 1919 ea
1217 1881 1464 1934 conquirens,
1495 1895 1593 1935 quae,
1622 1883 1878 1936 Antiphontis

478 1949 792 2002 interpretatione
812 1947 1014 2001 explicata,
1035 1947 1227 1986 declarant
1249 1947 1316 1986 illa
1335 1948 1495 2001 quidem
1510 1962 1674 1988 acumen
1689 1950 1877 2004 interpre-

477 2017 527 2054 tis
544 2034 555 2061 ;
588 2015 650 2054 sed
668 2015 856 2068 exemplis
882 2015 1148 2068 grandioribus
1169 2014 1298 2053 decuit
1319 2015 1390 2053 uti.
1423 2015 1599 2067 Dionylii
1620 2026 1754 2063 mater,
1781 2019 1877 2070 ejus,

476 2082 548 2136 qui
568 2082 848 2134 Syracufiorum
870 2090 1050 2133 tyrannus
1071 2081 1162 2127 fuit,
1193 2091 1236 2120 ut
1256 2081 1442 2134 scriptum
1463 2083 1564 2135 apud
1584 2081 1791 2122 Philistum
1811 2084 1876 2129 est,

476 2158 516 2187 et
535 2148 693 2187 doctum
712 2147 930 2194 hominem,
951 2158 990 2188 et
1009 2149 1251 2202 diligentem,
1278 2157 1316 2186 et
1336 2148 1523 2200 aequalem
1543 2158 1766 2202 temporum
1786 2151 1877 2188 illo-

478 2228 580 2260 rum,
622 2228 715 2253 cum
736 2228 933 2268 praegnans
967 2213 1072 2252 hunc
1104 2215 1231 2269 ipsum
1266 2214 1498 2265 Dionysium
1533 2215 1618 2253 alvo
1648 2216 1876 2262 conflueret,

478 2279 681 2319 somniavit
700 2279 735 2318 se
755 2279 935 2333 peperisse
955 2280 1200 2332 Satyriscum.
1233 2281 1342 2319 Huic
1355 2280 1578 2333 interpretes
1594 2290 1876 2333 portentorum,

478 2346 547 2398 qui
568 2346 741 2385 Galeotae
761 2355 847 2385 tum
880 2346 920 2384 in
943 2345 1071 2386 Sicilia
1091 2347 1403 2391 nominabantur,
1434 2347 1722 2401 responderunt,
1745 2349 1805 2399 (ut
1826 2347 1877 2384 ait

479 2409 681 2464 Philistus)
714 2425 820 2457 eum,
856 2426 976 2465 quem
1006 2413 1073 2452 illa
1090 2413 1303 2468 peperisset,
1332 2412 1584 2452 clariffimum
1605 2413 1763 2452 Graeciae
1788 2412 1874 2450 diu-

480 2483 592 2514 tuma
609 2490 702 2516 curn
721 2476 877 2517 fortuna
895 2477 990 2519 fore.

579 2542 658 2581 To
673 2555 727 2584 M.
758 2545 834 2586 111.
1539 2546 1574 2584 C
