2223 3003
536 211 832 254 VARIAE
917 206 1484 248 LECTIONES.

276 325 336 393 ¹;95
364 361 400 392 19
422 352 579 391 penetravit
594 353 791 390 Ypenetratum

358 409 400 417 —
420 394 460 421 ita
481 393 650 429 quandoque
672 392 694 419 E
711 392 738 419 K
753 389 780 426 ψ
794 389 942 429 quandoque
963 389 993 417 U

469 433 581 470 Cumque
594 433 620 459 Y
635 433 735 470 quando

360 489 401 498 ..-
420 472 520 501 eadem
544 471 569 499 E
591 471 619 500 K
646 472 673 500 U
695 472 720 500 Y
749 469 785 499 ab
811 470 897 498 eadem
918 469 944 505 ψ
965 471 994 497 in

467 513 553 539 eadem

363 563 400 582 20
420 553 522 581 iterum
539 551 562 578 E
578 554 607 579 in
621 559 693 579 terra

358 609 400 616 —
421 593 495 621 idem
513 592 535 619 E
553 591 582 620 U
597 591 614 628 ζ
629 592 655 620 d.

363 643 396 663 21
422 641 525 661 annum
540 630 557 668 ζ
570 632 596 659 d.

362 683 399 702 22
421 672 490 701 sciro
502 672 589 708 «lasciv

362 723 399 751 23
424 713 442 741 fi
459 713 487 741 U
504 713 531 739 d.

360 768 402 775 —
422 752 518 781 omnia
531 752 554 781 E
564 759 666 791 parata
676 755 760 780 omnia

365 803 404 831 ²4
423 801 452 821 et
468 794 490 822 E
504 804 536 820 ac

361 849 403 855 —
423 833 490 862 viris
505 832 522 869 ζ
535 834 608 860 viris
620 833 743 869 instituta

362 888 405 896 —
423 872 523 912 quanti
536 873 559 900 E
574 879 673 910 quanta

365 923 402 952 25
426 913 566 951 pertinere
579 911 596 949 ζ
606 913 746 949 pervenire

362 968 404 976 —-
426 952 474 981 vix
489 953 514 986 ᾧ
525 954 552 980 d.

363 1006 405 1015 —-
427 993 510 1021 unius
526 993 549 1020 E
565 992 592 1020 d.

365 1033 404 1062 26
427 1033 498 1061 hanc
515 1033 540 1060 Y
555 1033 594 1060 ad
607 1032 674 1060 hanc

366 1082 403 1109 27
425 1072 536 1101 dederis
550 1072 577 1107 ψ
590 1071 668 1100 deleri

364 1114 403 1142 28
426 1121 454 1143 te
470 1114 492 1141 E
508 1114 536 1141 d.

366 1163 404 1191 29
426 1153 580 1192 loquantur
594 1153 617 1181 E
633 1151 748 1180 locuntur

367 1202 406 1231 30
427 1193 581 1232 loquentur
595 1191 622 1229 ζ,
637 1191 664 1227 ψ
677 1192 814 1229 Icquantur

364 1248 405 1255 —
428 1234 637 1262 Sermo—et
651 1231 668 1269 ζ
684 1235 765 1260 Sermo
777 1234 841 1259 enim
854 1233 931 1260 omnis

368 1283 401 1312 3¹
427 1273 561 1312 angustiis
574 1274 598 1301 E
612 1274 734 1310 angustus

363 1328 406 1336 -
424 1313 552 1352 cingitur
566 1313 589 1341 E
603 1316 711 1350 angitur

365 1369 410 1378 —-
429 1355 464 1382 iis
479 1353 627 1392 regionum
644 1354 666 1381 E
685 1353 727 1380 his
739 1349 882 1390 regionibus

370 1406 408 1434 34
429 1394 458 1422 O
480 1394 503 1422 E
517 1394 547 1422 U
562 1393 578 1429 ζ
592 1393 619 1421 d.

367 1451 408 1459 —
431 1433 569 1463 Africane
582 1432 600 1471 ζ
613 1434 640 1462 d.

290 1476 348 1516 396
392 1485 404 1505 1
429 1474 491 1503 caeli
507 1473 614 1502 aditum
631 1471 658 1506 ψ
671 1471 759 1500 calum
778 1471 865 1499 aditus

363 1532 406 1539 —
424 1522 503 1554 patet
517 1514 540 1542 E
552 1514 581 1542 U
593 1521 685 1550 pateat

391 1566 407 1585 2
429 1555 527 1594 patriis
543 1554 566 1582 E
582 1553 609 1581 K
625 1552 654 1581 U
669 1551 695 1588 ψ
706 1553 795 1589 patris

393 1608 406 1635 ς
431 1605 458 1625 te
473 1595 501 1624 U
521 1596 548 1623 d.

369 1652 410 1660 —
430 1637 452 1665 is
467 1635 496 1664 U
511 1636 538 1663 d.

391 1687 408 1714 7
431 1673 613 1705 demonstrari
628 1672 790 1711 §monstrari

369 1732 410 1739 —
431 1717 526 1745 Deum
542 1716 565 1743 E
583 1715 690 1743 Demum

392 1767 410 1794 9
432 1765 488 1785 tam
507 1755 532 1784 K
547 1757 636 1783 vitam
649 1753 666 1790 ζ
681 1755 706 1783 d.

376 1806 412 1825 ιο
433 1805 517 1835 quam
534 1795 561 1823 K
576 1795 649 1833 quast
662 1795 675 1830 ζ
688 1796 793 1832 inquam

371 1852 411 1859 —-
433 1844 463 1865 ut
479 1835 616 1864 mundum
633 1834 659 1862 K
677 1835 692 1870 ζ
710 1843 736 1862 ut
753 1834 804 1870 iffi
816 1835 922 1863 mundus

377 1887 407 1905 ιι
435 1876 581 1905 mortalem
600 1875 625 1902 K
641 1876 656 1910 ζ
671 1874 787 1903 mortula

375 1927 409 1956 13
433 1916 567 1956 quodque
581 1915 607 1943 K
623 1917 689 1954 qued
699 1923 722 1943 tt

1051 345 1108 385 396
1133 353 1170 381 14
1189 344 1304 373 aliunde
1324 345 1346 373 E
1362 347 1388 374 Y
1403 345 1522 373 alicunde

1133 394 1167 422 ¹7
1190 393 1350 420 moventur,
1379 385 1428 413 hic
1452 383 1470 422 ζ
1496 390 1630 414 moventur
1651 383 1763 422 prebet.

1240 426 1308 454 Hmc

1134 475 1143 493 ι
1153 467 1169 492 8
1190 475 1224 493 ex
1241 464 1268 492 K
1282 475 1305 494 et
1319 478 1338 494 a

1134 514 1168 542 19
1191 505 1264 533 nasci
1284 505 1371 543 §fieri
1385 506 1491 543 nastive

1133 553 1170 574 20
1191 545 1356 584 gigneretur
1370 547 1395 581 ψ
1410 548 1556 584 nasceretur

1133 593 1164 614 21
1192 595 1226 612 nc
1242 586 1263 613 E
1279 585 1350 622 ζηετ

1134 633 1169 652 22
1192 625 1348 654 renascetur
1364 626 1391 654 K
1407 627 1549 663 renascitur

1130 679 1176 689 ·—
1193 675 1227 694 ex
1243 666 1267 693 se
1282 666 1360 694 aliud
1376 667 1398 695 Ε
1417 677 1448 694 ex
1462 665 1567 704 aliquid
1585 663 1615 692 K
1637 662 1666 692 U
1687 673 1719 693 ex
1732 663 1764 699 se

1238 706 1347 744 aliquid

1133 756 1168 784 23
1190 747 1233 774 Ita
1248 746 1271 774 E
1286 747 1323 774 Id

1133 797 1171 822 24
1192 787 1223 814 fit
1240 786 1306 824 Efit

1130 841 1172 848 —
1191 827 1282 864 ipsum
1294 825 1311 863 ζ
1325 828 1353 855 d.

1131 881 1173 889 —
1193 876 1210 894 a
1226 865 1251 893 se
1266 866 1289 893 E
1304 865 1372 900 exse

1135 906 1172 935 26
1195 906 1283 934 ullam
1298 905 1400 943 ζίΙΙαηι

1132 961 1174 969 -
1194 945 1372 975 nanciscatur
1385 945 1408 974 E
1415 949 1538 984 patiatur
1552 944 1579 981 ψ
1593 947 1734 984 nancifitur

1135 1001 1172 1009 -
1194 994 1224 1014 ut
1237 986 1253 1022 ζ
1268 998 1286 1014 a

1195 1026 1317 1064 impulsa
1331 1027 1354 1055 E
1371 1026 1399 1055 K
1414 1025 1444 1055 U
1459 1026 1486 1054 Y
1500 1025 1516 1062 ζ
1529 1025 1638 1065 impulsu

1156 1075 1174 1095 0
1196 1066 1357 1095 Inanimum
1374 1067 1397 1095 E
1411 1068 1526 1096 inanimo

1135 1122 1176 1128 —
1197 1106 1278 1144 pulsu
1294 1107 1318 1134 E
1333 1106 1441 1144 impulsu

1138 1156 1170 1185 3¹
1196 1147 1301 1174 animal
1317 1147 1341 1180 ᾧ
1357 1149 1448 1175 anima

1138 1196 1175 1226 32
1197 1186 1335 1215 animaeE
1351 1187 1378 1215 K
1394 1186 1424 1215 U
1439 1187 1464 1214 Y
1478 1186 1597 1220 {faniau

1139 1236 1175 1264 33
1199 1235 1312 1255 moveat
1328 1227 1350 1255 E
1362 1236 1483 1255 movtant

1135 1281 1178 1289 —
1197 1275 1225 1295 et
1241 1267 1262 1295 E
1277 1270 1340 1306 quia

1139 1317 1178 1345 34
1198 1314 1292 1335 autem
1306 1305 1323 1343 ζ
1337 1315 1420 1335 autem
1434 1307 1477 1335 hae

1136 1361 1179 1369 —-
1197 1347 1234 1375 de
1262 1346 1349 1375 salute
1377 1347 1475 1385 patriae
1504 1345 1533 1375 U
1559 1347 1585 1374 d.
1619 1346 1691 1382 (sed
1714 1357 1768 1375 cua

1234 1388 1343 1424 spatio)

1059 1438 1115 1467 397
1162 1436 1172 1455 1
1197 1426 1226 1455 in
1240 1427 1265 1460 ψ
1279 1428 1319 1454 ad

1161 1476 1176 1496 2
1200 1466 1274 1494 suam
1293 1466 1318 1494 K
1330 1475 1402 1494 tuam

1138 1523 1177 1529 —
1199 1506 1217 1535 fi
1230 1507 1288 1542 jam
1305 1514 1363 1534 tum
1380 1506 1403 1534 E
1415 1506 1536 1543 litamen
1547 1513 1607 1534 lunc
1619 1504 1729 1543 Κίων.
1743 1504 1771 1541 ψ

1238 1548 1317 1583 fimm
1331 1555 1384 1574 lum

1164 1599 1176 1626 3
1201 1596 1265 1615 cum
1282 1586 1309 1614 K
1323 1595 1375 1615 lum
1386 1585 1402 1623 ζ
1415 1587 1442 1614 d.

1138 1644 1178 1651 —
1199 1628 1272 1656 foras
1289 1627 1310 1654 E
1316 1629 1390 1665 foris

1157 1680 1175 1706 4
1197 1675 1279 1696 erunt
1295 1667 1388 1702 Estne

1162 1719 1175 1747 ς
1198 1708 1333 1745 Namque
1348 1707 1373 1735 Y
1389 1707 1459 1735 Nam

1140 1764 1181 1772 -—
1203 1747 1372 1776 dediderunt
1389 1746 1410 1774 E
1426 1747 1589 1775 tradiderunt
1604 1745 1631 1774 K
1651 1747 1772 1775 dederunt

1246 1787 1275 1816 U
1291 1788 1451 1815 crediderunt

1160 1829 1179 1858 6
1201 1836 1354 1865 earumque
1371 1826 1395 1854 se
1411 1826 1487 1865 quast
1500 1825 1638 1855 ministros
1648 1825 1664 1863 ζ
1676 1837 1769 1855 eorun-

1164 1909 1181 1938 s
1202 1868 1552 1945 <³1331‘ns‘13q3‘322'2'ss'is
