2223 3003
669 272 948 313 LIBER
1004 272 1429 315 TERTIUS,
1682 292 1759 334 173

355 369 629 424 stipendiarios,
659 384 735 424 qua
754 371 916 425 quisque
949 372 994 410 fit
1026 372 1124 426 lege,
1161 373 1400 420 conditione,
1429 371 1597 413 foedere:
1630 384 1758 416 tenere

353 436 670 476 consuetudinem
690 438 932 483 decernendi,
954 438 1055 476 nosse
1070 440 1245 492 exempla
1260 440 1466 492 majorum.
1488 440 1638 480 Videtis
1652 443 1751 494 jam,

352 515 472 554 genus
493 501 569 541 hoc
588 517 703 542 omne
722 503 901 547 scienti-ae,
922 503 1147 554 diligentiae,
1170 505 1364 543 memoriae
1383 505 1467 551 effe,
1489 506 1565 545 fine
1585 521 1663 560 quo
1679 521 1749 562 pa-

353 577 454 607 ratus
472 568 543 606 effe
562 568 709 606 senator
727 567 837 605 nullo
855 569 964 620 paito
983 567 1119 619 potest.

405 635 600 686 Deinceps
619 633 707 670 sunt
737 645 829 670 cum
860 632 1007 685 populo
1039 633 1203 671 actiones
1219 651 1231 678 5
1263 633 1304 671 in
1334 635 1476 686 quibus
1504 638 1678 689 primum
1707 649 1748 679 et

351 699 583 742 maximum,
607 698 670 736 Vis
687 697 810 750 abfsto.
842 696 958 736 Nihil
978 697 1030 735 est
1049 698 1154 736 enim
1174 699 1367 737 exitiofius
1389 700 1624 749 civitatibus,
1646 705 1745 745 nihil

350 773 430 803 tam
448 763 683 802 contrarium
703 763 783 815 juri
802 772 840 801 et
859 763 1022 816 legibus,
1048 763 1148 802 nihil
1169 764 1298 803 minus
1319 765 1434 804 civile
1454 776 1491 804 et
1511 766 1745 817 humanum,

348 843 480 882 quarn,
511 829 720 882 compofita
738 838 776 867 et
795 829 1000 868 constituta
1019 830 1228 883 republica,
1250 831 1466 883 quidquam
1485 834 1545 885 agi
1565 848 1631 887 per
1647 836 1743 876 vim.

347 897 481 934 Parere
493 895 608 948 jubet
626 895 856 934 intercessori
874 915 885 941 5
919 910 997 948 quo
1017 895 1117 935 nihil
1136 896 1386 950 praestantius.
1424 899 1612 952 Impediri
1637 903 1746 941 enim

345 960 487 1000 bonam
504 975 586 1001 rem
607 961 762 1007 melius,
783 975 900 1014 quarn
921 962 1082 1000 concedi
1101 963 1225 1001 malae.

275 1078 278 1080 q
399 1028 513 1066 XIX.
550 1028 670 1080 Qod
687 1041 775 1066 vero
794 1029 928 1067 a<ftoris
941 1029 1062 1081 jubeo
1078 1028 1148 1067 effe
1167 1028 1358 1074 fraudem,
1386 1030 1426 1068 id
1447 1039 1574 1069 totum
1595 1032 1677 1071 dixi
1697 1047 1745 1073 ex

284 1116 287 1120 -
345 1093 477 1138 Craffi,
495 1093 754 1146 sapientiffimi
773 1093 960 1139 hominis,
977 1095 1161 1133 sententia
1172 1113 1184 1140 5
1207 1109 1327 1147 quem
1343 1096 1396 1134 est
1415 1096 1561 1135 senatus
1577 1097 1743 1146 secutus,

344 1171 438 1197 cum
468 1158 701 1203 decrevisset,
735 1160 783 1197 C.
802 1159 967 1197 Claudio
994 1160 1163 1198 Consule
1188 1160 1235 1198 de
1257 1161 1333 1199 Cn.
1352 1161 1539 1200 Carbonis
1559 1163 1745 1203 seditione

344 1223 542 1269 referente,
563 1225 686 1262 invito
704 1238 763 1269 eo,
785 1225 854 1276 qui
874 1239 967 1263 cum
988 1226 1132 1278 populo
1151 1235 1292 1279 ageret,
1313 1226 1538 1266 seditionem
1554 1242 1634 1267 non
1653 1230 1743 1282 pos-

343 1289 379 1328 se
399 1290 494 1336 fieri,
522 1291 666 1344 quippe
691 1291 758 1328 cui
789 1291 904 1329 liceat
928 1292 1156 1337 concilium,
1186 1292 1302 1330 fimul
1335 1301 1450 1345 atque
1482 1293 1742 1342 intercessum,

341 1355 563 1409 turbatique
580 1365 755 1409 coeptum
774 1356 833 1401 fit,
854 1356 1064 1396 dimittere.
1107 1357 1226 1411 Qod
1244 1357 1313 1409 qui
1331 1368 1545 1410 permovet,
1567 1373 1656 1398 cum
1680 1362 1744 1414 agi

342 1418 441 1458 nihil
460 1421 595 1473 potest,
616 1422 697 1459 vim
717 1422 853 1473 quaerit
865 1440 877 1466 5
909 1423 1019 1474 cujus
1039 1422 1314 1475 impunitatem
1334 1423 1480 1461 amittit
1498 1422 1571 1462 hac
1591 1425 1689 1478 lege.

398 1486 577 1537 Sequitur
596 1486 722 1530 illud,
753 1487 962 1539 Intercqſjbr
991 1489 1046 1526 rei
1071 1489 1187 1533 malae,
1203 1488 1387 1541 fillutaris
1405 1489 1496 1528 civis
1521 1490 1596 1544 esto.
1682 1491 1740 1529 uis

343 1563 422 1588 non
443 1550 603 1589 studiose
633 1551 853 1604 reipublicae
875 1553 1104 1599 subvenerit,
1136 1552 1208 1592 hac
1239 1563 1317 1592 tam
1338 1556 1515 1607 praeclara
1534 1555 1627 1609 legis
1648 1569 1741 1595 voce

342 1619 516 1658 laudatus
535 1621 547 1657 ?

398 1688 494 1724 Sunt
515 1686 650 1725 deinde
670 1687 787 1740 posita
817 1687 1010 1741 deinceps,
1041 1702 1125 1741 quae
1151 1687 1337 1727 habemus
1358 1689 1474 1727 etiam
1500 1690 1540 1727 in
1570 1689 1738 1743 publicis

341 1751 524 1790 institutis
549 1762 662 1804 atque
693 1753 842 1805 legibus
858 1771 870 1798 5
902 1755 1278 1807 Auspiciastrvanto,
1311 1756 1448 1808 auguri
1456 1764 1624 1808 parente.
1671 1756 1740 1794 Est

339 1826 467 1856 autem
490 1818 582 1856 boni
602 1819 769 1870 auguris,
798 1820 1026 1864 meminisse,
1051 1820 1232 1858 maximis
1256 1821 1478 1872 reipublicae
1499 1822 1738 1874 temporibus

339 1883 471 1934 praesto
489 1883 560 1921 effe
580 1883 731 1928 debere,
760 1885 928 1934 Jovique
959 1885 1110 1935 optimo
1142 1885 1317 1922 maximo
1336 1884 1372 1922 se
1393 1885 1652 1923 consiliarium
1677 1896 1736 1924 at-

336 1960 411 2000 que
431 1947 699 1985 administrum
719 1947 852 1986 datum
864 1966 878 1993 5
910 1957 954 1986 ut
975 1948 1044 1986 fibi
1063 1962 1142 1994 eos,
1168 1962 1265 2001 quos
1285 1949 1326 1988 in
1346 1949 1514 2003 auspicio
1535 1950 1604 1989 effe
1619 1950 1738 2002 juffe-

334 2013 398 2058 rit‚
421 2013 580 2066 caelique
600 2023 723 2066 partes
744 2013 813 2052 fibi
831 2013 1004 2053 definitas
1025 2014 1095 2053 esse
1115 2015 1283 2060 traditas,
1304 2030 1324 2053 e
1345 2016 1487 2068 quibus
1507 2016 1602 2069 saepe
1621 2030 1737 2070 opem

337 2079 556 2131 reipublicae
575 2079 672 2118 ferre
690 2080 816 2133 poffit.
849 2081 1001 2119 Deinde
1019 2081 1065 2119 de
1085 2082 1408 2135 promulgatione,
1431 2082 1477 2119 de
1496 2082 1653 2135 fingulis
1676 2096 1737 2121 re·

336 2145 407 2183 bus
429 2146 596 2198 agendis,
619 2146 665 2184 de
685 2147 855 2198 privatis,
873 2147 1200 2199 magistratibusve
1220 2147 1431 2186 audiendis.

375 2212 487 2250 Tum
507 2211 608 2264 leges
629 2211 915 2263 praeclariffimae
932 2213 978 2249 de
1000 2225 1066 2250 κη
1089 2212 1228 2250 tabulis
1246 2212 1426 2251 transsatae
1441 2213 1525 2251 duae
1537 2232 1549 2258 5
1571 2228 1736 2266 quarum

334 2276 447 2315 altera
471 2277 672 2330 privilegia
692 2277 808 2322 tollit,
841 2277 956 2315 altera
976 2277 1022 2315 de
1048 2278 1173 2330 capite
1192 2278 1287 2317 civis
1314 2280 1450 2332 rogari,
1472 2279 1540 2317 nifi
1560 2281 1735 2320 maximo

336 2343 550 2388 comitiam,
571 2351 688 2381 vetat.
730 2342 923 2381 Nondum
943 2343 1107 2395 cognitis
1128 2342 1322 2388 seditiosis,
1354 2345 1521 2383 tribunis
1542 2345 1666 2398 plebis
1687 2359 1735 2384 ne

335 2407 510 2458 cogitatis
530 2408 704 2460 quidem,
722 2407 1008 2453 admirandum,
1024 2417 1174 2446 tantum
1191 2409 1351 2460 majores
1371 2410 1412 2447 in
1427 2409 1620 2463 posterum
1640 2425 1732 2464 pro-

335 2470 476 2509 vidisse.
498 2473 542 2510 In
559 2474 723 2526 privatos
741 2473 919 2512 homines
934 2475 1034 2526 leges
1052 2473 1141 2512 ferri
1158 2473 1363 2514 noluerunt
1378 2490 1387 2513 ε
1405 2476 1445 2513 id
1461 2476 1514 2514 est
1530 2477 1635 2514 enim
1653 2477 1731 2529 pri-

335 2535 519 2588 vilegium
534 2555 547 2582 5
577 2553 657 2590 quo
677 2540 772 2591 quid
786 2540 839 2578 est
858 2541 1061 2592 injustius?
1094 2541 1198 2578 Cum
1218 2540 1312 2593 legis
1333 2540 1414 2579 haec
1434 2542 1490 2580 vis
1512 2542 1569 2587 fit,
1592 2542 1731 2579 scitum

334 2601 388 2642 est
406 2611 444 2641 et
457 2601 605 2655 jussum
624 2604 665 2643 in
681 2618 816 2645 omnes
829 2624 842 2652 5
861 2605 950 2646 ferri
967 2607 1012 2646 de
1029 2606 1200 2660 singulis,
1221 2606 1290 2646 nifi
1309 2607 1528 2647 centuriatis
1545 2607 1730 2651 comitiis,
