2223 3003
492 240 572 283 312
823 225 927 265 DE
987 222 1566 264 SENECTUTE.

490 328 659 373 vitium;
697 325 1054 375 sarmentorumque
1081 334 1153 367 ea,
1188 334 1307 375 quam
1337 321 1435 368 dixi,
1468 321 1636 361 aliorum
1668 326 1897 376 amputatio,

490 395 655 434 aliorum
676 388 874 430 immistio.

546 459 655 510 Qid
675 470 746 509 ego
771 454 1011 508 irrigationes
1031 455 1044 492 ?
1075 454 1171 508 quid
1190 453 1369 494 foffiones
1389 455 1484 508 agri,
1516 454 1900 508 repastinationesque

489 524 695 578 proferam,
726 521 870 575 quibus
891 521 936 560 fit
955 521 1084 560 multo
1111 530 1207 560 terra
1233 520 1484 560 foecundior?
1517 521 1626 574 Qid
1656 521 1703 560 de
1732 522 1900 560 utilitate

488 594 625 644 loquar
658 587 918 628 stercorandi?
954 588 1051 627 Dixi
1085 588 1126 626 in
1155 602 1201 627 eo
1234 588 1349 634 libro,
1380 602 1500 641 quem
1530 589 1578 626 de
1607 588 1718 627 rebus
1750 587 1899 627 rusticis

487 657 644 711 scripfi5
675 657 723 695 de
751 668 828 708 qua
856 654 990 694 doctus
1011 655 1203 694 Hesiodus
1234 668 1282 693 ne
1312 655 1475 694 verbum
1496 655 1656 708 quidem
1677 653 1785 700 fecit,
1807 667 1901 693 cum

487 726 536 763 de
556 723 708 763 cultura
725 722 806 775 agri
826 721 1018 760 scriberet.
1061 722 1117 760 At
1138 722 1351 767 Homerus,
1383 722 1452 774 qui
1473 721 1623 766 multis,
1657 731 1700 759 ut
1719 719 1819 759 mihi
1840 721 1899 758 vi-

487 792 614 836 detur,
656 798 742 828 ante
773 788 908 827 seculis
938 787 1030 833 fuit,
1061 789 1241 827 Laertem
1270 789 1484 828 lenientem
1513 788 1758 833 defiderium‚
1793 786 1899 840 quod

486 857 663 910 capiebat
697 868 718 893 e
751 854 847 899 filio,
877 853 1074 892 colentem
1108 866 1260 906 agrurn,
1289 862 1328 893 et
1359 867 1452 893 eum
1487 853 1758 893 stercorantem
1789 852 1898 892 facit.

486 925 578 963 Nec
609 935 697 961 vero
722 919 914 973 segetibus
945 919 1086 965 solum,
1117 928 1156 958 et
1186 920 1319 973 pratis,
1348 930 1388 959 et
1417 920 1554 966 vineis,
1584 929 1622 959 et
1651 919 1810 959 arbustis
1842 933 1898 958 res

488 989 636 1028 rusticae
666 987 761 1026 laetae
781 986 884 1032 sunt,
916 985 978 1024 sed
997 986 1116 1025 etiam
1146 984 1269 1026 hortis
1295 996 1334 1026 et
1352 986 1564 1040 pomariis3
1597 994 1683 1024 tum
1703 986 1900 1039 pecudum

487 1055 610 1109 pastu,
631 1055 764 1108 apium
783 1053 1044 1099 examinibus,
1066 1052 1207 1092 florum
1227 1054 1410 1092 omnium
1432 1053 1621 1092 varietate.
1665 1052 1752 1091 Nec
1773 1052 1898 1091 confi-

488 1123 613 1161 tiones
634 1120 754 1160 modo
773 1120 976 1166 delectant,
999 1119 1061 1158 sed
1079 1121 1197 1159 etiam
1217 1119 1412 1160 insitiones
1428 1138 1440 1166 ς
1467 1119 1610 1173 quibus
1631 1116 1732 1158 nihil
1751 1117 1900 1157 invenit

486 1187 721 1242 agricultura
745 1186 933 1226 solertius.

543 1255 656 1293 XVI.
681 1253 836 1294 Poffum
857 1253 1032 1307 persequi
1053 1253 1178 1292 multa
1197 1253 1480 1292 oble&amenta
1498 1265 1628 1291 rerum
1648 1251 1897 1298 rusticarum

488 1321 551 1360 sed
570 1335 612 1359 ea
631 1321 720 1375 ipsa,
753 1334 838 1373 quae
858 1320 954 1366 dixi,
987 1318 1095 1358 fuiffe
1115 1319 1238 1358 sentio
1267 1319 1455 1372 longiora.
1499 1318 1708 1372 Ignoscetis
1739 1328 1866 1356 autem
1886 1333 1896 1357 ε

487 1402 579 1427 nam
599 1397 637 1426 et
667 1387 792 1426 studio
823 1400 952 1425 rerum
983 1386 1208 1425 rusticarum
1240 1388 1441 1440 provectus
1462 1386 1561 1431 sum,
1597 1395 1636 1424 et
1656 1385 1825 1423 senectus
1846 1384 1899 1423 est

487 1455 623 1493 natura
654 1453 878 1506 loquacior;
910 1466 958 1490 ne
991 1453 1039 1490 ab
1065 1453 1249 1491 omnibus
1283 1467 1368 1491 eam
1399 1453 1504 1491 vitiis
1536 1452 1664 1490 videar
1689 1451 1897 1490 vindicare.

487 1522 594 1573 Ergo
614 1520 653 1559 in
674 1519 745 1557 hac
766 1519 844 1556 vita
864 1519 939 1556 Μ.
963 1518 1121 1563 Curius,
1142 1532 1236 1557 cum
1257 1519 1303 1556 de
1323 1518 1577 1563 Samnitibus,
1599 1518 1646 1556 de
1667 1517 1832 1562 Sabinis,
1853 1517 1900 1556 de

488 1584 638 1637 Pyrrho
659 1583 940 1637 triumphasset,
971 1583 1208 1637 consumpsit
1228 1593 1449 1622 extremum
1471 1593 1624 1636 tempus
1646 1583 1792 1622 aetatis:
1826 1596 1899 1622 cu-

481 1653 548 1705 jus
569 1650 729 1704 quidem
748 1649 884 1688 villam
904 1642 976 1703 ego
994 1649 1264 1704 contemplans
1283 1650 1403 1703 (abest
1422 1649 1526 1688 enim
1543 1663 1621 1688 non
1640 1648 1756 1701 longe
1776 1662 1796 1687 a
1815 1651 1897 1702 me)

486 1718 667 1756 admirari
687 1716 772 1755 satis
795 1730 873 1755 non
893 1715 1045 1770 poffum
1077 1716 1137 1754 vel
1168 1715 1342 1755 hominis
1374 1716 1489 1770 ipfius
1511 1716 1807 1762 continentiam,
1837 1717 1898 1755 vel

486 1793 710 1838 temporum
731 1783 988 1836 disciplinam.
1033 1783 1169 1828 Curio,
1200 1783 1247 1821 ad
1266 1782 1401 1822 f0cum
1423 1782 1582 1828 sedenti,
1609 1796 1798 1836 magnum
1818 1783 1900 1822 auri

487 1850 640 1903 pondus
662 1850 824 1887 Samites
845 1863 938 1887 curn
956 1849 1178 1894 attuliss‘ent,
1200 1850 1388 1902 repudiati
1408 1850 1454 1888 ab
1475 1863 1521 1888 eo
1537 1849 1636 1888 sunt.
1660 1850 1754 1889 Non
1775 1850 1897 1896 enim,

487 1929 627 1954 aurum
649 1913 801 1959 habere,
823 1915 1048 1967 praeclarum
1068 1914 1137 1952 fibi
1158 1914 1277 1953 videri
1297 1915 1395 1953 dixit
1411 1933 1422 1959 ;
1455 1915 1517 1953 sed
1539 1916 1599 1960 iis,
1625 1916 1693 1968 qui
1712 1915 1899 1954 haberent

486 1994 641 2025 aurum,
663 1980 864 2032 imperare.
913 1981 1116 2019 Poteratne
1147 1988 1274 2018 tantus
1295 1980 1448 2018 animus
1469 1992 1547 2018 non
1572 1980 1789 2032 jucundam
1809 1981 1896 2019 effi-

487 2061 573 2086 cere
594 2046 828 2085 senectutem
846 2047 860 2083 ?

544 2113 616 2152 Sed
650 2113 762 2151 venio
795 2112 841 2150 ad
876 2112 1058 2165 agricolas
1075 2141 1086 2158 ‚
1132 2125 1179 2151 ne
1219 2125 1239 2150 a
1273 2113 1421 2166 meipso
1461 2113 1650 2152 recedam.
1711 2114 1757 2152 In
1798 2113 1896 2167 agris

484 2189 594 2218 erant
629 2189 714 2218 tum
736 2178 935 2223 senatores,
971 2188 1009 2217 et
1040 2179 1159 2217 iidem
1179 2177 1282 2217 senes
1302 2195 1310 2218 :
1345 2179 1533 2232 siquidem
1554 2179 1675 2218 aranti
1696 2179 1744 2218 L.
1763 2180 1897 2232 Qin-

487 2247 543 2285 tio
561 2246 795 2285 Cincinnato
817 2246 1039 2284 nuntiatum
1060 2246 1126 2291 est,
1140 2259 1231 2285 eum
1249 2247 1488 2285 Dis-‘tutorem
1508 2246 1579 2285 effe
1596 2245 1762 2291 fastum5
1785 2247 1895 2298 cujus

490 2312 698 2351 Dictatoris
713 2311 814 2364 juss‘u
837 2312 1013 2365 magister
1032 2313 1226 2365 equitum,
1257 2313 1306 2351 C.
1330 2313 1509 2351 Servilius
1531 2311 1669 2357 Ahala,
1703 2314 1767 2365 Sp.
1791 2312 1895 2350 Ma:-

489 2377 588 2416 lium
609 2391 771 2431 regnum
793 2387 1051 2431 appetentem.
1071 2387 1305 2432 occupatum
1322 2379 1536 2417 interemit.
1570 2380 1606 2417 A
1625 2377 1715 2416 villa
1731 2377 1770 2416 in
1788 2377 1895 2416 sena-

488 2453 576 2482 tum
608 2442 885 2482 arcessebantur
917 2453 955 2482 et
977 2445 1134 2489 Curius,
1163 2453 1201 2483 et
1230 2444 1357 2483 caeteri
1388 2443 1505 2489 senes,
1536 2457 1582 2483 ex
1613 2457 1706 2497 qu0,
1736 2444 1804 2498 qui
1831 2457 1896 2483 eos

488 2508 732 2557 arcessebant,
754 2510 913 2551 viatores
931 2511 1124 2551 nominati
1140 2509 1245 2551 sunt.
1276 2511 1391 2552 Num
1419 2511 1542 2565 igitur
1571 2524 1707 2551 eorum
1725 2510 1896 2551 senectus
