2223 3003
715 209 818 248 DE
877 207 1455 248 SENECTUTE.
1709 222 1787 262 299

530 309 632 348 Sicut
638 307 759 361 fortis
779 322 898 362 equus,
915 307 1039 360 spatio
1059 308 1122 361 qui
1123 309 1223 361 saepe
1227 309 1396 362 sttpremo

530 376 627 414 Vicit
648 375 825 428 Olympia,
855 388 949 413 nunc
954 375 1054 428 senio
1073 375 1244 427 cotgfee’t‘u'
1264 375 1419 429 quiescit.

389 439 498 493 Equi
517 439 628 480 fortis
659 450 698 479 et
727 440 880 479 victoris
901 440 1083 478 senectuti
1106 449 1303 492 comparat
1323 440 1427 478 suam
1440 458 1452 485 ς
1484 453 1601 493 quem
1631 440 1790 493 quidem

391 507 512 559 probe
540 505 756 546 meminiss‘e
784 505 953 558 potestis.
1003 506 1122 543 Anno
1155 507 1259 544 enim
1291 500 1573 546 undevicefimo
1602 507 1684 560 post
1709 509 1789 560 ejus

391 581 575 618 mortem,
596 572 640 610 hi
661 570 861 615 Consules,
878 571 931 608 T.
955 571 1213 616 Flamininus,
1235 581 1272 609 et
1288 572 1364 610 Μ’.
1382 572 1548 617 Acilius,
1570 571 1659 611 faeti
1674 572 1761 612 sunt
1778 589 1788 612 :

391 638 458 676 ille
477 647 605 676 autem
627 636 823 688 Caepione,
855 644 893 674 et
911 634 1097 688 Philippo
1126 637 1268 674 iterum
1289 637 1470 682 Consule,
1502 647 1677 678 mortuus
1708 639 1788 678 est:

391 716 484 741 cum
503 715 574 755 ego
606 701 778 754 quidem,
816 714 840 738 v
861 710 899 739 et
921 713 975 739 Lx
1008 714 1126 739 annos
1158 710 1282 747 natus,
1318 702 1445 754 legem
1463 703 1678 747 Voconiam
1697 717 1791 743 voce

391 781 544 821 magna,
565 776 603 806 et
621 767 733 806 bonis
753 766 936 805 lateribus
957 765 1155 805 suafiffem.
1189 769 1325 806 Annos
1349 781 1435 806 Lxx
1457 776 1567 807 natus
1591 770 1667 819 (tot
1685 771 1792 808 enim

391 834 490 873 vixit
509 834 679 885 Ennius)
701 833 755 871 ita
772 832 918 871 ferebat
937 832 1028 878 duo,
1050 847 1135 886 quae
1156 834 1326 872 maxima
1345 844 1528 887 putantur
1547 848 1674 880 onera,
1694 849 1791 888 pau·

391 908 577 952 pertatem
597 910 636 938 et
657 899 904 944 senectutem,
926 908 970 937 ut
989 899 1042 937 eis
1063 913 1160 952 pene
1180 900 1357 938 delectari
1375 901 1580 940 videretur.

446 966 622 1010 Etenim,
650 978 743 1004 cum
763 964 1009 1018 contemplor
1028 966 1172 1011 animo,
1207 966 1353 1019 reperio
1372 975 1538 1019 quatuor
1557 967 1698 1013 causaS,
1725 981 1794 1007 cur

390 1031 561 1071 senectus
582 1032 717 1071 misera
744 1032 940 1077 videatur5
972 1045 1104 1077 unam,
1136 1033 1242 1085 quod
1263 1042 1394 1071 avocet
1419 1047 1439 1070 a
1459 1033 1571 1071 rebus
1591 1033 1791 1086 gerendis;

389 1097 563 1143 alteram,
585 1097 691 1150 quod
709 1110 846 1150 corpus
866 1096 981 1136 faciat
1000 1097 1216 1144 infirmius,
1249 1098 1416 1143 tertiam,
1438 1099 1542 1151 quod
1563 1099 1686 1151 privet
1705 1113 1793 1138 om-

390 1164 508 1202 nibus
543 1163 622 1202 fere
657 1163 920 1217 voluptatibus
937 1182 948 1209 ς
980 1173 1170 1216 quartam,
1206 1164 1310 1217 quod
1343 1163 1446 1203 haud
1482 1165 1615 1218 procul
1648 1166 1743 1205 abfit
1774 1179 1794 1204 a

390 1239 530 1268 morte.
578 1230 738 1274 Earum,
770 1229 797 1267 fi
826 1229 966 1282 placet,
999 1229 1197 1269 causarum
1228 1239 1382 1282 quanta,
1414 1244 1611 1284 quamque
1631 1231 1676 1270 fit
1695 1231 1795 1284 justa

389 1306 644 1348 unaquaeque,
664 1294 878 1333 videamus.

435 1361 509 1399 VI.
540 1362 578 1399 A
597 1359 710 1398 rebus
730 1359 905 1413 gerendis
925 1359 1094 1399 senectus
1114 1360 1322 1400 abstrahit?
1355 1361 1538 1414 Qibus?
1560 1375 1608 1400 an
1627 1361 1689 1407 iis,
1711 1375 1796 1414 quae

390 1427 433 1465 in
457 1427 663 1479 juventute
687 1435 876 1480 geruntur
893 1436 933 1466 et
951 1427 1098 1466 viribus
1116 1427 1130 1464 ?
1160 1427 1343 1466 Nullaene
1361 1428 1481 1481 igitur
1511 1442 1568 1467 res
1589 1428 1676 1467 sunt
1695 1428 1796 1468 seni-

390 1493 462 1537 les,
493 1506 578 1544 quae
597 1493 659 1531 vel
678 1493 844 1531 infirmis
864 1493 1105 1546 corporibus,
1140 1493 1271 1532 animo
1291 1503 1421 1532 tamen
1452 1494 1764 1534 administrentur
1781 1495 1794 1531 ?

391 1557 511 1598 Nihil
542 1571 633 1611 ergo
662 1558 797 1611 agebat
822 1558 1132 1610 QMaximus?
1164 1557 1264 1597 nihil
1295 1559 1345 1598 L.
1368 1560 1524 1605 Paulus,
1554 1568 1660 1612 pater
1689 1569 1794 1605 tuus,

393 1625 538 1677 Scipio,
560 1624 663 1662 socer
681 1623 823 1676 optimi
842 1623 928 1668 viri,
945 1623 1017 1661 filii
1038 1624 1116 1661 mei
1133 1624 1147 1659 ?
1177 1624 1303 1662 caeteri
1324 1624 1442 1669 senes,
1465 1625 1648 1670 Fabricii,
1669 1626 1794 1672 Curii,

390 1690 643 1734 Coruncanii,
678 1703 770 1728 cum
804 1689 1085 1743 rempublicam
1115 1689 1273 1728 confilio
1303 1700 1341 1730 et
1371 1691 1593 1730 auctoritate
1613 1691 1795 1732 defende-

392 1757 499 1802 bant,
520 1754 620 1794 nihil
640 1755 802 1808 agebant
820 1756 833 1792 ?

448 1822 513 1861 Ad
535 1823 638 1874 App.
657 1820 813 1860 Claudii
833 1820 1065 1860 senectutem
1085 1821 1288 1860 accedebat
1314 1822 1444 1868 etiam,
1477 1832 1521 1861 ut
1537 1836 1659 1862 caecus
1679 1823 1767 1863 effet
1784 1838 1795 1864 ε

393 1898 522 1927 tamen
543 1887 589 1932 is,
624 1900 717 1926 cum
738 1886 921 1925 sententia
939 1885 1087 1924 senatus
1116 1883 1317 1925 inclinaret
1347 1887 1394 1925 ad
1423 1901 1574 1940 pacem,
1607 1898 1644 1926 et
1669 1887 1796 1928 foedus

393 1953 616 1993 faciendum
636 1965 730 1990 curn
761 1951 923 2004 Pyrrho,
955 1965 1034 1990 non
1054 1952 1244 1992 dubitavit
1273 1952 1398 1992 dicere
1417 1953 1496 1999 illa,
1526 1967 1612 2008 quae
1631 1954 1797 1995 verfibus

395 2020 610 2074 persecutus
630 2018 682 2057 est
702 2019 869 2064 Ennius,

531 2087 609 2137 Qo
627 2084 727 2124 vobis
745 2095 889 2130 mentes,
919 2087 1027 2124 rec‘Jae
1046 2098 1125 2137 quae
1130 2083 1235 2137 stare
1239 2084 1405 2137 sblebant

533 2151 716 2195 Antehac,
738 2151 908 2190 dementes
912 2150 988 2203 fist
992 2151 1129 2203 flexere
1149 2150 1213 2187 via
1226 2150 1246 2187 ,Ρ

395 2226 603 2268 caeteraque
624 2215 864 2268 graviffime;
896 2225 1036 2254 notum
1061 2215 1166 2253 enim
1192 2214 1302 2252 vobis
1323 2227 1478 2254 carmen
1498 2214 1577 2260 est;
1609 2225 1647 2254 et
1667 2226 1798 2256 tamen

395 2283 511 2336 ipsius
532 2282 654 2335 Appii
674 2290 778 2320 extat
797 2281 941 2319 oratio:
973 2290 1087 2332 atque
1105 2278 1203 2317 hanc
1225 2279 1290 2317 ille
1320 2281 1399 2333 egit
1418 2280 1562 2334 septem
1593 2290 1631 2319 et
1662 2282 1798 2322 decem

396 2361 514 2387 annos
534 2348 617 2401 post
637 2347 802 2386 alterum
821 2345 1077 2390 consulatum,
1110 2358 1201 2383 cum
1219 2345 1319 2383 inter
1346 2346 1440 2384 duos
1470 2345 1687 2386 consulatus
1708 2348 1799 2386 anni

399 2414 533 2452 decern
565 2412 873 2458 interfluxiffent‚
907 2411 1126 2464 Censorque
1160 2421 1246 2450 ante
1289 2412 1531 2451 consulatum
1566 2412 1797 2466 superiorem

398 2477 539 2518 fuiffet.
581 2481 644 2518 Ex
665 2493 743 2532 quo
761 2479 1018 2534 {intelligitun
1051 2476 1187 2529 Pyrrhi
1207 2478 1311 2518 bello
1330 2479 1515 2532 grandem
1546 2478 1631 2518 sane
1658 2478 1767 2518 fuisse
1781 2496 1793 2524 5

397 2553 439 2583 ret
460 2553 587 2584 tamen
606 2545 655 2584 fic
675 2559 695 2583 a
715 2546 885 2597 patribus
905 2545 1139 2596 accepimus.

1376 2610 1406 2647 P
1428 2623 1451 2662 p
1473 2622 1494 2650 2
