2223 3003
382 209 432 249 62
670 209 774 248 DE
830 208 1482 253 DIVINATIONE

434 309 514 352 An,
536 321 626 346 cum
647 307 687 344 in
708 307 995 358 AEquimelium
1026 307 1202 345 mifimus
1221 309 1290 359 qui
1319 309 1449 347 afferat
1466 321 1626 361 agnum,
1652 322 1770 363 quem

379 373 643 415 immolemus,
674 371 705 408 is
735 370 834 408 mihi
853 383 973 422 agnus
1003 370 1172 416 affertur,
1202 372 1271 424 qui
1305 371 1422 411 habet
1450 382 1537 411 exta
1566 375 1678 413 rebus
1705 389 1770 414 ac-

378 438 635 480 commodata,
666 444 704 472 et
723 435 770 473 ad
799 448 891 474 eum
910 449 1055 489 agnum
1073 451 1153 476 non
1172 435 1271 482 casu,
1303 437 1365 476 sed
1396 438 1493 477 duce
1514 439 1614 484 Deo,
1646 439 1771 478 servus

377 503 606 541 deducitur?
638 501 745 540 Nam
765 501 792 540 s1
812 502 940 540 casum
959 502 1000 541 in
1020 516 1066 541 eo
1085 516 1240 556 quoque
1271 503 1366 542 dicis
1392 504 1476 550 effe,
1507 505 1611 557 quasi
1631 505 1772 544 sortem

377 567 571 619 quandam
597 580 690 605 cum
724 567 898 605 Deorum
928 567 1126 606 voluntate
1158 568 1404 619 conjunctam
1425 588 1438 615 ς
1483 570 1594 608 doleo
1622 579 1770 610 tantam

376 634 524 672 Stoicos
544 633 682 671 vestros
702 633 902 685 Epicureis
935 634 1118 672 irridendi
1150 634 1205 673 sui
1238 633 1459 674 facultatem
1493 635 1659 674 dediffe:
1691 649 1771 674 non

375 701 481 738 enim
501 701 665 753 ignoras,
696 712 814 751 quam
834 699 902 738 ista
919 699 1126 739 derideant.
1168 701 1222 738 Et
1251 700 1411 753 quidem
1438 701 1497 739 illi
1527 699 1680 740 facilius
1709 700 1769 739 fa-

375 780 459 805 cere
478 766 643 819 poffunt.
686 765 790 803 Deos
819 766 925 804 enim
958 766 1056 819 ipsos
1076 766 1233 818 jocandi
1265 767 1373 806 causa
1403 767 1556 806 induxit
1576 767 1768 820 Epicurus

374 833 591 885 perlucidos
617 840 655 869 et
673 829 899 884 perflabiles,
929 840 967 870 et
997 831 1227 877 habitantes,
1260 842 1444 885 tanquam
1463 833 1562 872 inter
1580 833 1675 871 duos
1704 832 1768 870 lu-

374 912 454 943 cos,
485 899 534 936 s1c
556 898 654 936 inter
687 897 781 935 duos
812 898 993 943 mundos,
1023 908 1181 952 propter
1200 908 1351 938 metum
1373 900 1570 938 ruinarum
1586 918 1598 944 5
1630 898 1769 951 eosque

372 963 513 1002 habere
543 972 653 1016 putat
682 963 815 1001 eadem
848 964 1037 1009 membra,
1059 978 1144 1017 quae
1164 977 1247 1010 nos,
1278 978 1349 1004 nec
1368 965 1481 1004 usum
1500 965 1629 1004 ullum
1647 963 1768 1002 habe-

375 1043 414 1068 re
433 1029 713 1068 membrorum.
751 1030 857 1082 Ergo
876 1030 907 1068 is
927 1030 1155 1069 circuitione
1174 1030 1341 1083 quadam
1360 1032 1466 1069 Deos
1485 1031 1640 1076 tollens,
1670 1032 1770 1069 recte

373 1109 452 1133 non
473 1095 622 1134 dubitat
641 1095 916 1134 divinationem
945 1095 1092 1134 tollere.
1135 1096 1206 1134 Sed
1236 1109 1329 1142 non,
1360 1105 1404 1134 ut
1433 1095 1499 1134 hic
1519 1095 1589 1134 fibi
1608 1095 1767 1140 constat,

373 1161 470 1199 item
491 1162 621 1200 Stoici.
663 1160 774 1200 Illius
804 1161 910 1199 enim
931 1162 1038 1200 Deus
1067 1160 1167 1200 nihil
1186 1161 1330 1201 habens
1356 1175 1426 1200 nec
1445 1161 1516 1207 sui,
1551 1175 1622 1200 nec
1652 1162 1770 1200 alieni

373 1228 531 1280 negotii,
562 1240 639 1265 non
669 1226 791 1279 potest
820 1225 1046 1265 hominibus
1077 1227 1355 1266 divinationem
1388 1228 1599 1281 impertire.
1636 1228 1768 1266 Vester

373 1303 503 1332 autem
524 1294 630 1332 Deus
651 1293 772 1345 potest
801 1306 878 1332 non
899 1294 1109 1346 impertire,
1140 1303 1183 1332 ut
1212 1293 1468 1333 nihilominus
1495 1295 1688 1333 mundum
1708 1309 1767 1333 re-

373 1369 452 1413 gat,
483 1369 521 1398 et
540 1359 766 1412 hominibus
786 1359 972 1398 consulat.
1015 1361 1096 1398 Cur
1115 1359 1234 1413 igitur
1252 1373 1318 1399 vos
1338 1360 1498 1399 induitis
1517 1361 1558 1399 in
1588 1375 1649 1400 eas
1674 1374 1767 1413 cap-

373 1427 512 1472 tiones,
542 1439 633 1479 quas
654 1439 853 1479 nunquam
873 1426 1102 1479 explicetis?
1134 1427 1191 1465 Ita
1210 1427 1330 1472 enim,
1361 1441 1454 1466 cum
1485 1428 1607 1480 magis
1628 1441 1768 1480 prope-

372 1501 471 1537 rant,
492 1492 719 1531 concludere
753 1492 887 1537 solent,
923 1492 961 1530 Si
988 1492 1056 1530 Dii
1077 1491 1177 1537 sunt,
1211 1492 1264 1530 est
1283 1493 1494 1531 divinatio:
1526 1492 1614 1530 sunt
1638 1501 1768 1530 autem

373 1557 471 1601 Dii3
503 1557 555 1594 est
573 1570 662 1609 ergo
683 1556 881 1595 divinatio.
925 1556 1060 1595 Multo
1093 1557 1145 1595 est
1170 1557 1420 1610 probabilius,
1453 1557 1548 1596 Non
1567 1557 1620 1595 est
1639 1566 1768 1595 autem

373 1621 557 1660 divinatio
573 1640 584 1666 ς
616 1635 693 1659 non
715 1621 801 1659 sunt
821 1635 911 1674 ergo
933 1622 1017 1660 Dii.
1062 1622 1177 1666 Vide,
1201 1635 1319 1674 quam
1339 1632 1482 1661 temere
1502 1623 1766 1668 committant,

372 1696 429 1732 ut,
448 1687 472 1726 s1
494 1687 600 1726 nulla
620 1688 664 1726 s1t
683 1687 882 1732 divinatio,
901 1687 999 1726 nulli
1020 1687 1092 1726 fint
1111 1688 1195 1727 Dii.
1226 1687 1426 1727 Divinatio
1445 1689 1550 1727 enim
1570 1688 1767 1741 perspicue

372 1753 550 1798 tollitur;
583 1754 688 1792 Deos
707 1752 792 1797 effe,
814 1753 1058 1791 retinendum
1078 1753 1143 1792 est.

426 1820 581 1858 XVIII.
614 1821 757 1871 Atque,
776 1818 847 1856 hac
867 1818 1096 1871 extispicum
1118 1819 1350 1858 divinatione
1370 1820 1525 1866 sublata,
1546 1820 1674 1860 omnis
1694 1820 1765 1860 ha-

372 1884 561 1938 ruspicina
578 1885 724 1923 sublata
742 1884 807 1922 est.
854 1884 1012 1923 Ostenta
1030 1886 1137 1923 enim
1157 1885 1366 1938 sequuntur
1384 1895 1421 1924 et
1442 1885 1607 1940 fulgura.
1653 1888 1767 1926 Valet

372 1960 501 1990 autem
523 1952 562 1990 in
583 1950 803 2004 fulguribus
823 1951 1032 1990 observatio
1052 1951 1232 1990 diuturna
1250 1971 1260 1997 ς
1293 1953 1332 1990 in
1364 1953 1517 1991 ostentis
1539 1955 1647 1998 ratio,
1679 1954 1765 2007 ple-

373 2030 539 2070 rumque
558 2018 789 2069 conjectura,
806 2015 1022 2055 adhibetur.
1054 2017 1161 2068 Qid
1180 2017 1231 2055 cst
1252 2018 1383 2070 igitur,
1401 2019 1505 2072 quod
1525 2019 1766 2059 observatum

372 2082 418 2121 fit
437 2083 476 2121 in
497 2082 678 2136 fulgure?
710 2082 862 2122 Caelum
882 2083 921 2120 in
944 2096 1016 2121 Χνι
1041 2093 1162 2136 partes
1193 2083 1399 2122 diviserunt
1430 2085 1594 2123 Etrusci.
1637 2085 1767 2124 Facile

371 2148 411 2186 id
428 2148 586 2201 quidem
608 2147 684 2187 fuit
702 2157 878 2201 quatuor,
896 2161 988 2200 quas
1010 2162 1077 2187 nos
1098 2147 1299 2194 habemus,
1321 2149 1537 2203 duplicare:
1563 2150 1643 2203 post
1663 2151 1766 2189 idem

371 2214 512 2252 iterum
534 2213 668 2259 facere,
701 2224 743 2252 ut
773 2228 820 2253 ex
849 2228 894 2253 eo
913 2214 1098 2260 dicerent,
1129 2213 1278 2253 fulmen
1304 2229 1379 2268 qua
1405 2230 1452 2255 ex
1473 2226 1576 2270 parte
1595 2216 1765 2255 veniss‘et.

374 2279 566 2325 Primum,
589 2280 626 2318 id
647 2280 740 2332 quid
759 2280 909 2319 interest
927 2281 939 2318 ?
972 2281 1123 2325 deinde,
1153 2281 1247 2333 quid
1268 2281 1482 2334 fignificat?
1514 2282 1657 2321 Nonne
1679 2295 1764 2334 per-

373 2344 547 2398 spicuum
568 2346 632 2391 cst,
654 2360 700 2384 cx
722 2347 845 2398 prima
864 2346 1114 2385 admiratione
1134 2346 1355 2392 hominum,
1374 2348 1476 2400 quod
1501 2348 1666 2387 tonitrua
1680 2349 1764 2399 jac-

371 2411 508 2464 tusque
529 2411 742 2450 fulminum
762 2411 1035 2456 extimuiffent,
1067 2411 1262 2450 credidiss‘e
1282 2426 1324 2450 ea
1342 2414 1491 2452 efficere
1522 2428 1648 2452 rernm
1675 2428 1765 2452 om-

373 2477 484 2515 nium
501 2487 774 2530 praepotcntcm
789 2478 950 2529 Jovem?
975 2479 1106 2530 Itaque
1128 2479 1165 2517 in
1188 2479 1320 2517 nostris
1340 2481 1627 2518 commentariis
1645 2479 1763 2532 scrip-

372 2553 456 2583 tum
479 2542 689 2591 habc1nu55
725 2545 834 2597 jovi:
860 2557 1094 2591 τοΝΑΝτε,
1119 2558 1451 2593 FULGURATNE,
1481 2546 1621 2586 comitia
1643 2546 1768 2600 populi
