2223 3003
692 249 969 290 LIBER
1033 250 1398 292 PRIMUS.
1668 267 1743 310 127

341 348 446 389 vides
465 363 474 389 :
506 349 554 388 ad
572 348 801 404 respublicas
822 349 1040 396 firmandas,
1068 359 1106 389 et
1126 350 1171 389 ad
1191 350 1431 390 stabiliendas
1461 351 1574 398 vires,
1606 352 1740 392 sanan-

340 415 409 454 dos
430 416 609 470 populos,
639 417 767 455 omnis
788 416 913 454 nostra
931 417 1057 469 pergit
1077 417 1210 456 oratio.
1257 417 1452 469 roirca
1470 431 1600 457 vereor
1627 432 1740 459 com-

339 482 508 527 mittere,
539 491 583 521 ut
613 496 691 521 non
722 482 819 520 bene
848 482 995 534 provisa
1023 491 1061 519 et
1093 482 1298 534 diligenter
1324 484 1519 536 explorata
1549 484 1741 538 principia

337 557 554 600 ponantur:
587 561 658 586 nec
679 557 807 585 tamen
828 555 871 583 ut
890 546 1075 584 omnibus
1095 548 1320 598 probentur,
1353 549 1462 599 (nam
1492 549 1533 586 id
1559 549 1641 588 fieri
1661 564 1740 589 non

338 613 479 665 potest)
501 613 563 652 sed
583 621 626 650 ut
645 612 705 656 iis,
727 611 795 662 qui
815 611 947 648 omnia
963 611 1062 648 reeca
1080 619 1194 662 atque
1212 610 1368 649 honesta
1386 625 1453 664 per
1473 614 1508 651 se
1527 616 1739 666 expetenda

337 677 543 721 duxerunt,
574 685 612 714 et
631 685 696 714 aut
713 674 812 713 nihil
833 675 995 713 omnino
1025 675 1065 712 in
1086 675 1198 714 bonis
1221 677 1521 722 numerandum,
1543 679 1612 716 nifi
1634 682 1738 732 quod

335 754 404 794 per
419 741 581 794 seipsum
596 740 785 779 laudabile
807 740 910 785 esset,
932 749 996 778 aut
1015 749 1117 778 certe
1132 740 1289 779 nullum
1308 739 1532 780 habendum
1551 756 1737 796 magnum

336 806 500 853 bonum,
531 807 599 846 nifi
626 806 731 859 quod
757 820 842 844 vere
876 806 1020 844 laudari
1049 806 1113 844 sua
1133 807 1267 859 sponte
1285 806 1417 860 posset.
1456 808 1532 846 His
1553 810 1736 849 omnibus

337 873 442 925 (five
470 875 512 912 in
545 873 756 912 Academia
788 882 914 912 vetere
954 887 1047 911 cum
1087 873 1309 927 Speufippo,
1351 875 1580 920 Xenocrate,
1623 877 1736 914 Pole-

333 952 451 978 mone
480 939 701 978 manserunt
717 958 730 985 5
762 939 836 978 five
855 939 1103 978 Aristotelem
1123 949 1161 978 et
1188 938 1517 993 Theophrastum,
1539 955 1630 979 cum
1657 943 1736 981 illis

332 1018 373 1045 re
415 1016 669 1059 congruentes
687 1035 699 1051 ‚
747 1020 886 1059 genere
922 1006 1085 1045 docendi
1115 1007 1278 1059 paulum
1321 1006 1538 1046 differentes
1559 1037 1571 1053 ‚
1615 1008 1735 1047 secuti

333 1070 452 1111 sunt:
484 1073 572 1117 five,
604 1082 648 1110 ut
680 1073 830 1111 Zenoni
859 1072 984 1110 visum
1004 1072 1070 1118 est,
1101 1073 1214 1111 rebus
1249 1086 1327 1111 non
1357 1074 1623 1119 commutatis,
1654 1075 1733 1113 im-

333 1146 580 1176 mutaverunt
600 1138 811 1183 vocabula5
843 1138 917 1176 five
947 1138 1064 1176 etiam
1085 1138 1274 1176 Aristonis
1306 1139 1508 1177 difficilem
1528 1148 1643 1192 atque
1673 1153 1732 1178 ar-

331 1201 464 1248 duam,
494 1203 555 1241 sed
580 1204 663 1255 jam
684 1212 810 1241 tamen
830 1201 989 1241 fractam
1008 1212 1046 1242 et
1074 1204 1290 1242 convictam
1324 1203 1462 1242 se&am
1482 1204 1602 1242 secuti
1631 1205 1732 1250 sunt,

332 1276 390 1313 ut,
424 1267 632 1307 virtutibus
657 1268 826 1320 exceptis
847 1277 961 1321 atque
981 1268 1098 1314 vitiis,
1129 1278 1260 1307 caetera
1287 1269 1327 1306 in
1349 1269 1500 1307 summa
1520 1270 1734 1321 aequalitate

332 1335 533 1386 ponerent)
564 1333 625 1372 his
651 1334 833 1372 omnibus
854 1333 952 1380 haec,
983 1347 1068 1386 quae
1098 1334 1193 1379 dixi,
1225 1334 1450 1387 probantur.
1502 1335 1583 1372 Sibi
1603 1345 1731 1374 autem

332 1397 589 1452 indulgentes,
620 1408 658 1438 et
678 1399 828 1453 corpori
848 1399 1111 1446 deservientes,
1143 1409 1258 1453 atque
1289 1400 1434 1445 omnia,
1465 1414 1549 1453 quae
1569 1401 1731 1453 sequan-

333 1471 395 1502 tur
428 1465 469 1502 in
501 1466 591 1509 vita,
622 1479 783 1518 quaeque
809 1464 975 1518 fugiant,
1006 1465 1268 1518 voluptatibus
1299 1476 1338 1504 et
1366 1466 1563 1504 doloribus
1584 1467 1732 1519 ponde-

334 1537 472 1573 rantes,
503 1529 618 1567 etiam
650 1529 674 1566 s1
706 1543 791 1566 vera
809 1530 958 1574 dicunt,
991 1530 1110 1581 (nihil
1130 1532 1236 1569 enim
1267 1545 1363 1584 opus
1384 1531 1435 1569 est
1454 1530 1530 1570 hoc
1561 1532 1648 1570 loco
1680 1533 1730 1570 li-

333 1592 454 1645 tibus)
488 1594 526 1631 in
555 1593 720 1631 hortulis
749 1594 822 1631 suis
838 1595 1044 1644 jubeamus
1075 1595 1213 1639 dicere,
1244 1605 1358 1647 atque
1387 1596 1505 1633 etiam
1539 1597 1590 1638 Qb
1620 1597 1730 1634 omni

332 1657 508 1696 societate
539 1658 771 1711 reipublicae,
803 1658 912 1709 cujus
944 1667 1092 1710 partem
1125 1672 1194 1698 nec
1225 1668 1369 1696 norunt
1394 1659 1531 1704 ullam,
1562 1674 1631 1698 nec
1654 1675 1729 1698 un-

331 1736 448 1775 quam
473 1723 573 1762 nosse
594 1724 809 1767 voluerunt,
839 1723 1030 1776 paulisper
1058 1723 1248 1769 facessant,
1279 1738 1472 1776 rogemus.
1523 1726 1728 1764 Perturba-

329 1789 466 1827 tricem
486 1798 614 1826 autem
635 1787 773 1825 harum
793 1788 974 1826 omnium
994 1801 1122 1826 rerum
1143 1789 1409 1834 Academiam,
1426 1789 1526 1828 hanc
1542 1791 1588 1828 ab
1605 1792 1728 1829 Arce-

328 1852 393 1891 fila
413 1863 451 1891 et
479 1853 670 1892 Carneade
692 1862 899 1897 recentem,
931 1865 1147 1897 exoremuS,
1175 1863 1217 1891 ut
1236 1853 1352 1892 fileat.
1392 1855 1512 1898 Nam,
1534 1855 1560 1892 fi
1580 1855 1728 1894 invase-

328 1919 378 1956 rit
397 1919 437 1956 in
458 1918 554 1963 haec,
586 1932 670 1971 quae
690 1918 774 1956 satis
807 1918 898 1956 scite
917 1917 1029 1956 nobis
1049 1918 1230 1956 instructa
1248 1927 1287 1956 et
1307 1919 1516 1971 composita
1534 1920 1727 1967 videntur,

326 1984 463 2022 nimias
484 1984 571 2022 edet
591 1984 731 2021 ruinas.
765 1984 897 2035 Qam
916 1982 1077 2036 quidem
1096 1996 1167 2036 ego
1186 1983 1335 2037 placare
1352 1985 1482 2037 cupio,
1504 1984 1729 2024 submovere

328 2062 406 2087 non
427 2050 559 2087 audeo.
583 2051 607 2074 *³*
629 2051 650 2074 *2
673 2050 695 2073 *

381 2115 494 2153 XIV.
525 2115 631 2153 Nam
652 2124 690 2152 et
709 2115 751 2152 in
770 2114 816 2152 iis
836 2114 912 2152 fine
931 2114 1037 2152 illius
1058 2114 1287 2153 suffimentis
1317 2115 1459 2167 expiati
1485 2114 1629 2154 sumus.
1670 2118 1727 2157 At

326 2193 413 2219 vero
443 2181 627 2219 scelerum
656 2181 696 2218 in
715 2179 894 2218 homines
923 2189 1037 2232 atque
1057 2180 1304 2232 impietatum
1326 2179 1432 2218 nulla
1460 2181 1628 2233 expiatio
1657 2183 1724 2222 est.

328 2247 460 2300 Itaque
478 2260 609 2300 poenas
640 2247 767 2291 luunt,
790 2258 866 2283 non
897 2255 973 2283 tam
990 2245 1164 2297 judiciis,
1195 2247 1297 2298 (quse
1317 2246 1514 2298 quondam
1535 2247 1724 2300 nusquam

328 2322 446 2358 erant,
463 2312 578 2351 hodie
595 2311 846 2351 multifariam
863 2310 969 2350 nulla
984 2311 1069 2349 sunt
1082 2328 1094 2356 5
1113 2311 1180 2349 ubi
1197 2311 1282 2349 sunt
1296 2320 1439 2356 tamen,
1456 2312 1618 2366 persaepe
1634 2312 1724 2353 falsa

330 2375 432 2429 sunt)
463 2393 580 2430 quam
613 2377 872 2423 conscienti55
916 2387 958 2415 ut
988 2390 1051 2415 eos
1083 2376 1228 2429 agitent
1258 2377 1564 2431 insectenturque
1598 2377 1722 2426 furiae,

328 2455 406 2480 non
441 2445 657 2484 ardentibus
692 2445 813 2490 taedis,
844 2444 938 2483 ficut
958 2444 998 2482 in
1029 2442 1184 2488 fabulis,
1216 2443 1279 2481 sed
1308 2457 1446 2497 angore
1465 2444 1722 2491 conscientiae,

329 2506 545 2559 fraudisque
565 2510 749 2548 cruciatu.
799 2510 917 2562 Qod
937 2509 961 2547 fi
983 2508 1160 2547 homines
1180 2508 1226 2546 ab
1246 2509 1384 2561 injuria
1403 2523 1530 2562 poena,
1552 2524 1630 2548 non
1651 2523 1721 2548 na-

329 2582 412 2611 tura
432 2587 553 2612 arcere
573 2574 738 2621 deberet,
770 2589 947 2628 quaenam
968 2574 1185 2615 sollicitudo
1218 2585 1367 2615 vexaret
1388 2575 1544 2629 impios,
1571 2575 1720 2614 sublato
