2223 3003
692 303 968 342 LIBER
1031 300 1393 341 PRIMUS.
1666 314 1738 343 211

345 412 390 442 ut
423 404 534 448 bona,
577 416 662 456 quae
692 403 803 441 nobis
837 403 923 441 data
950 415 1028 440 non
1055 402 1140 447 fint,
1172 401 1388 454 sequamur,
1433 414 1551 454 quam
1580 409 1624 439 ut
1653 400 1746 439 vitia

346 468 554 523 fugiamus.

402 537 576 574 XXXII.
600 537 660 573 Ac
680 534 826 572 duabus
848 533 893 570 iis
913 533 1095 585 personis,
1127 547 1218 585 quas
1236 533 1343 585 supra
1363 533 1457 578 dixi,
1481 533 1588 572 tertia
1608 533 1745 586 adjun-

346 602 465 654 gitur,
499 616 617 654 quam
649 600 752 638 casus
784 599 937 650 aliquis,
968 607 1033 636 aut
1054 607 1207 651 tempus
1228 599 1422 650 imponit;
1454 609 1586 651 quarta
1615 600 1747 645 etiam,

347 682 466 720 quam
488 665 766 717 nobismetipsis
781 665 933 716 judicio
952 664 1078 702 nostro
1099 664 1454 703 accommodamus.
1492 666 1598 703 Nam
1620 679 1747 718 regna,

348 734 522 786 imperia,
560 731 792 775 nobilitates,
827 729 1007 775 honores,
1039 730 1196 775 divitiae,
1241 743 1346 782 opes,
1388 744 1522 782 eaque,
1553 745 1637 782 quae
1663 732 1750 769 sunt

350 797 410 836 his
431 798 631 841 contraria,
653 797 693 834 in
713 795 800 834 casu
820 796 899 841 fita,
931 796 1170 849 temporibus
1190 796 1465 849 gubernantur.
1517 796 1589 848 Ipfi
1620 805 1751 835 autem

349 878 467 915 quam
487 863 684 916 personam
704 875 833 914 gerere
852 861 1031 906 velimus,
1062 875 1083 899 a
1109 861 1233 900 nostra
1252 861 1450 900 voluntate
1468 860 1750 914 proficiscitur:

348 929 478 981 itaque
498 928 533 966 se
567 928 632 965 alii
665 927 711 965 ad
741 926 1042 980 philosophiam,
1073 927 1139 965 alii
1159 927 1205 964 ad
1230 927 1294 979 jus
1322 927 1449 972 civile,
1495 926 1559 964 alii
1592 927 1638 964 ad
1668 927 1751 965 elo-

348 994 548 1047 quentiam
570 992 792 1046 applicant;
825 992 1068 1045 ipsarumque
1097 992 1287 1030 virtutum
1317 992 1358 1031 in
1387 992 1460 1030 alia
1489 992 1584 1030 alius
1605 991 1754 1031 mavult

348 1060 546 1099 excellere.

406 1127 587 1177 Qorum
606 1139 696 1163 vero
717 1134 855 1178 patres,
876 1134 941 1163 aut
961 1126 1122 1178 majores
1143 1125 1271 1178 aliqua
1289 1125 1411 1179 gloria
1429 1125 1698 1178 praestiterunt,
1726 1125 1755 1163 ii

351 1192 503 1231 student
524 1193 753 1245 plerumque
769 1191 905 1229 eodem
925 1192 965 1229 in
985 1204 1120 1244 genere
1139 1192 1261 1230 laudis
1281 1191 1490 1236 excellere;
1522 1202 1566 1230 ut
1583 1192 1754 1244 QMu-

350 1260 442 1303 tius,
475 1260 518 1297 P.
542 1259 660 1302 filius,
690 1258 731 1295 in
760 1260 847 1310 jure
877 1258 1008 1302 civili,
1042 1258 1151 1296 Pauli
1182 1258 1285 1296 filius
1312 1257 1518 1297 Africanus
1546 1259 1586 1296 in
1617 1272 1655 1296 re
1675 1259 1756 1296 mi·-

351 1324 466 1362 litari.
513 1323 684 1376 Qidam
705 1333 835 1361 autem
854 1323 900 1361 ad
921 1336 980 1361 eas
1001 1323 1145 1369 laudes,
1168 1337 1260 1376 quas
1281 1337 1301 1361 a
1320 1324 1492 1377 patribus
1512 1333 1756 1377 acceperunt,

349 1390 496 1428 addunt
515 1389 683 1442 aliquam
705 1389 808 1427 suam
826 1408 837 1434 5
870 1398 913 1427 ut
933 1388 998 1428 hic
1020 1389 1124 1428 idem
1146 1388 1352 1428 Africanus
1373 1389 1595 1443 eloquentia
1613 1403 1755 1428 cumu-

352 1456 447 1493 lavit
477 1456 656 1494 bellicam
689 1455 881 1508 gloriam:
914 1456 1021 1507 quod
1050 1456 1154 1494 idem
1184 1455 1278 1494 fecit
1298 1454 1550 1501 Timotheus,
1584 1456 1756 1495 Cononis

353 1520 472 1565 filius,
504 1522 586 1573 qui,
617 1534 709 1559 cum
743 1521 837 1559 belli
857 1521 968 1559 laude
1002 1535 1078 1560 non
1113 1521 1270 1560 inferior
1299 1521 1439 1567 fuiffet,
1484 1536 1604 1575 quam
1636 1531 1757 1575 pater,

355 1586 403 1624 ad
422 1599 505 1624 eam
526 1586 693 1631 laudem,
724 1586 904 1624 doetrinae
935 1596 973 1624 et
993 1587 1138 1639 ingenii
1158 1588 1321 1640 gloriam
1350 1588 1502 1640 adjecit.
1535 1589 1601 1626 Fit
1630 1597 1760 1626 autem

355 1651 566 1696 interdum,
598 1660 641 1688 ut
661 1651 853 1695 nonnulli,
875 1651 1007 1689 omissa
1026 1652 1244 1690 imitatione
1263 1653 1469 1703 majorum,
1498 1652 1609 1690 suum
1630 1651 1759 1703 quod-

355 1717 444 1754 dam
465 1716 685 1755 institutum
704 1716 1012 1768 consequantur3
1037 1718 1285 1769 maximeque
1305 1717 1345 1755 in
1366 1730 1411 1755 eo
1430 1717 1661 1770 plerumque
1680 1717 1758 1755 ela·

356 1783 491 1821 borant
510 1783 552 1827 ii,
574 1783 643 1834 qui
664 1795 802 1834 magna
822 1783 890 1820 fibi
911 1793 1147 1835 proponunt,
1165 1782 1334 1821 obscuris
1355 1784 1430 1821 orti
1450 1783 1674 1834 majoribus.

410 1848 508 1886 Haec
543 1847 662 1900 igitur
696 1847 840 1892 omnia,
882 1860 974 1886 cum
1008 1849 1215 1900 quaerimus
1249 1848 1344 1900 quid
1373 1848 1517 1892 deceat,
1553 1848 1761 1900 complesti

354 1914 488 1952 animo
507 1923 544 1952 et
570 1914 802 1966 cogitatione
823 1914 1021 1951 debemus.
1070 1915 1114 1951 In
1135 1914 1272 1966 primis
1299 1923 1428 1952 autem
1448 1913 1760 1952 constituendum

354 1980 422 2024 est,
453 1992 549 2031 quos
582 1992 664 2023 nos,
701 1987 739 2016 et
759 1979 890 2031 quales
921 1978 991 2017 effe
1011 1979 1191 2024 velimus,
1223 1989 1261 2018 et
1289 1979 1329 2017 in
1360 1993 1438 2032 quo
1471 1993 1610 2033 genere
1642 1980 1758 2025 vitae;

355 2059 440 2099 quae
461 2045 684 2083 deliberatio
715 2045 768 2082 est
802 2045 984 2083 omnium
1015 2046 1261 2084 difficillima.
1308 2047 1470 2084 Ineunte
1489 2047 1594 2084 enim
1615 2046 1760 2084 adoles-

356 2112 496 2156 centia,
527 2125 619 2149 cum
639 2111 691 2149 est
722 2112 893 2150 maxima
912 2112 1159 2150 imbecillitas
1180 2112 1342 2156 confilii,
1374 2121 1460 2149 tum
1492 2112 1532 2149 id
1552 2111 1620 2150 fibi
1655 2111 1761 2164 quis-

356 2191 432 2229 que
465 2189 586 2229 genus
620 2178 739 2215 aetatis
771 2177 952 2229 degendae
986 2177 1200 2221 constituit,
1232 2177 1337 2228 quod
1358 2177 1527 2214 maxime
1558 2177 1760 2216 adamavit.

358 2243 492 2295 Itaque
526 2251 612 2280 ante
647 2242 870 2294 implicatur
904 2243 1035 2294 aliquo
1069 2252 1174 2280 certo
1207 2255 1342 2294 genere
1373 2241 1562 2294 cursuque
1593 2242 1761 2288 vivendi,

356 2323 475 2361 quam
496 2310 639 2362 potuit,
671 2309 764 2361 quid
795 2309 992 2361 optimum
1026 2307 1128 2353 effet,
1153 2308 1340 2358 judicare.
1383 2309 1490 2347 Nam
1517 2309 1622 2361 quod
1656 2310 1763 2348 Her-

356 2375 486 2414 culem
508 2375 732 2414 Prodicium
753 2375 889 2413 dicunt
924 2375 985 2426 (ut
1015 2373 1067 2412 est
1098 2374 1197 2426 apud
1219 2373 1540 2427 Xenophontem)
1569 2389 1662 2414 cum
1682 2376 1763 2429 pri-

361 2454 472 2479 mum
494 2441 713 2494 pubesceret
745 2441 867 2494 (quod
899 2450 1053 2493 tempus
1085 2453 1104 2477 a
1124 2449 1255 2478 natura
1284 2441 1330 2478 ad
1350 2441 1614 2494 deligendum,
1645 2455 1765 2494 quam

361 2507 523 2559 quisque
552 2509 655 2546 viam
675 2509 830 2546 vivendi
861 2508 905 2546 fit
935 2506 1181 2560 ingreffiiru8‚
1212 2507 1346 2546 datum
1370 2508 1439 2559 est)
1472 2508 1584 2546 exiffe
1604 2509 1642 2546 in
1674 2508 1765 2547 soli-

363 2573 556 2617 tudinem,
586 2583 699 2625 atque
719 2575 775 2613 ibi
796 2574 1003 2619 sedentem,
1037 2574 1103 2611 diu
1135 2573 1263 2611 secum
1296 2573 1546 2626 multumque
1567 2573 1764 2617 dubitafl‘e,

362 2652 454 2678 cum
494 2638 584 2677 duas
618 2650 786 2678 cerneret
820 2641 912 2686 vias,
958 2653 1075 2678 unam
1111 2639 1345 2693 Voluptatis,
1390 2640 1546 2678 alteram
1582 2640 1763 2684 Virtutis,

1324 2705 1460 2744 Dd2
