2223 3003
413 223 493 253 220
813 208 916 248 DE
989 207 1420 247 OFFICIIS

413 320 451 349 et
471 309 750 350 convenientia.
782 309 918 360 Turpe
949 306 1002 345 est
1026 306 1149 350 enim,
1178 306 1364 358 valdeque
1394 303 1592 351 vidosum,
1621 305 1663 344 in
1693 320 1732 345 re
1756 306 1817 346 se·

411 379 499 415 vera
532 375 700 415 convivii
733 374 846 419 dicta,
877 382 942 410 aut
972 372 1181 410 delicatum
1214 373 1386 424 aliquem
1421 370 1562 411 inferre
1587 371 1817 412 sermonem.

415 443 517 481 Bene
549 441 725 484 Pericles,
770 453 863 477 cum
896 438 1054 477 haberet
1084 439 1276 492 collegam
1309 439 1350 477 in
1384 448 1547 491 praetura
1583 436 1819 491 Sophoclem

413 517 581 560 poetam,
619 504 740 557 hique
771 505 818 543 de
845 505 1048 544 communi
1079 505 1210 543 officio
1240 504 1513 550 convenissent,
1543 513 1583 543 et
1614 503 1702 542 casu
1734 502 1816 542 for-

413 572 541 610 mosus
572 585 669 624 puer
697 571 920 624 praeteriret,
950 570 1178 624 dixissetque
1209 569 1432 624 Sophocles,
1466 572 1503 609 O
1525 583 1690 624 puerum
1725 568 1818 622 pul-

411 635 568 683 chrum,
600 636 773 676 Pericle!
805 638 866 676 At
895 637 985 676 enim
1016 638 1234 682 Praetorem,
1266 637 1441 690 Sophocle,
1485 636 1580 676 decet
1613 650 1681 675 non
1701 635 1824 689 solum

410 718 551 750 manus,
567 703 641 759 fid
667 705 775 743 etiam
804 705 929 749 oculos,
958 704 1167 757 abstinentes
1185 704 1328 743 habere.
1378 705 1502 757 Atqui
1527 703 1604 742 hoc
1624 703 1727 742 idem
1747 704 1822 740 So-

412 769 572 824 phocles
601 770 628 809 s1
657 770 698 809 in
724 769 955 809 athletarum
985 770 1212 824 probatione
1246 770 1408 815 dixisset,
1433 770 1534 823 justa
1556 767 1819 823 reprehensio-

412 849 462 874 ne
474 836 654 875 -caruiffet
673 851 682 875 :
714 845 818 874 tanta
843 837 899 875 vis
919 836 972 874 est
991 845 1030 874 et
1058 836 1150 881 loci,
1169 844 1206 873 et
1226 837 1429 889 temporis.
1478 837 1536 874 Ut
1555 835 1581 874 fi
1602 835 1704 888 quis,
1724 846 1820 872 cum

409 902 564 941 causam
597 903 643 940 sit
674 903 841 947 aeturus,
871 902 912 939 in
942 902 1091 947 itinere,
1122 911 1187 940 aut
1216 902 1258 940 in
1286 901 1548 940 ambulatione
1576 902 1708 940 secum
1739 899 1822 953 ipse

412 968 635 1013 meditetur,
666 977 732 1006 aut
751 967 777 1006 fi
799 967 893 1020 quid
913 967 1019 1006 aliud
1049 969 1230 1006 attentius
1262 969 1424 1021 cogitet,
1453 982 1532 1008 non
1563 966 1821 1021 reprehenda-

413 1044 476 1074 tur
490 1054 502 1080 ς
533 1045 572 1090 at
601 1033 678 1073 hoc
698 1034 805 1074 idem
824 1035 852 1074 fi
871 1035 912 1073 in
932 1035 1111 1074 convivio
1130 1033 1259 1081 faciat,
1288 1034 1527 1074 inhumanus
1546 1034 1736 1080 videatur,
1755 1033 1821 1072 in-

413 1101 568 1140 scientia
589 1101 787 1155 temporis.

468 1168 541 1206 Sed
560 1181 616 1213 ea,
646 1179 732 1220 quae
753 1167 928 1206 multum
947 1167 994 1206 ab
1014 1166 1256 1206 humanitate
1281 1167 1509 1221 discrepant,
1539 1176 1598 1212 ut,
1622 1166 1648 1205 fi
1669 1166 1756 1220 quis
1779 1165 1820 1204 in

411 1232 497 1273 foro
516 1243 659 1279 cantet,
690 1243 755 1272 aut
774 1233 879 1287 fiqua
904 1233 958 1272 est
977 1234 1048 1272 alia
1075 1247 1214 1287 magna
1239 1234 1471 1287 perversitas,
1492 1233 1604 1272 facile
1623 1240 1819 1286 apparent,

409 1314 483 1339 nec
503 1313 736 1354 magnopere
755 1301 1063 1339 admonitionem
1082 1309 1121 1339 et
1140 1310 1329 1354 praecepta
1348 1301 1570 1339 defiderant.
1630 1300 1729 1351 Qae
1749 1312 1818 1336 au-

414 1375 492 1406 tem
513 1380 626 1421 parva
645 1367 824 1405 videntur
848 1366 919 1405 effe
938 1366 1089 1412 deli-sta,
1120 1380 1245 1420 neque
1265 1380 1286 1404 a
1309 1367 1444 1406 multis
1463 1366 1630 1419 intelligi
1651 1365 1818 1419 poffunt,

405 1433 459 1471 ‘ab
481 1433 526 1472 iis
547 1432 599 1471 est
620 1432 844 1486 diligentius
864 1432 1153 1472 declinandum.
1213 1435 1271 1471 Ut
1289 1433 1331 1471 in
1351 1433 1510 1478 fidibus,
1539 1441 1605 1470 aut
1635 1432 1676 1469 in
1696 1431 1819 1475 tibiis,

411 1499 588 1551 quamvis
608 1499 770 1552 paulum
790 1499 1018 1552 discrepent,
1047 1507 1177 1537 tamen
1209 1499 1248 1537 id
1273 1513 1295 1537 a
1313 1498 1453 1537 sciente
1473 1496 1726 1536 animadverti
1757 1495 1818 1534 so-

412 1566 492 1610 let3
524 1565 574 1604 fic
593 1565 804 1604 videndum
824 1565 876 1603 est
896 1566 937 1603 in
956 1566 1047 1611 vita,
1068 1579 1116 1604 ne
1135 1564 1236 1604 forte
1255 1566 1352 1618 quid
1372 1565 1558 1618 discrepet
1575 1583 1585 1609 ς
1612 1563 1671 1602 vel
1693 1562 1821 1602 multo

411 1633 527 1670 etiam
556 1631 694 1685 magis,
726 1645 805 1684 quo
838 1632 962 1685 major
992 1641 1032 1671 et
1062 1632 1201 1671 melior
1229 1633 1442 1679 actionum,
1470 1645 1590 1686 quam
1620 1630 1818 1676 sonorum,

411 1709 622 1737 concentus
642 1698 708 1737 est.

466 1765 575 1804 XLI.
609 1766 758 1818 Itaque,
789 1775 832 1804 ut
853 1765 892 1804 in
912 1765 1055 1805 fidibus
1076 1765 1314 1805 musicorum
1339 1778 1447 1804 aures
1467 1765 1527 1804 vel
1548 1764 1714 1803 minima
1733 1763 1818 1802 sen-

411 1832 514 1869 tiunt
530 1848 542 1875 ;
573 1831 623 1868 fic
646 1843 729 1874 nos,
751 1830 777 1868 fi
797 1844 899 1869 acres
930 1845 973 1870 ac
993 1831 1199 1884 diligentes
1219 1831 1291 1870 effe
1311 1831 1506 1876 volumus,
1537 1829 1819 1868 animadverso-

413 1897 544 1949 resque
571 1896 770 1941 vitiorum,
802 1910 941 1949 magna
966 1896 1058 1949 saepe
1086 1898 1351 1950 intelligemus
1382 1911 1429 1936 ex
1456 1898 1595 1950 parvis.
1638 1897 1700 1934 Ex
1720 1909 1817 1933 ocu-

413 1963 540 2001 lorum
561 1963 718 2007 obtutu,
739 1975 786 2001 ex
807 1962 1098 2015 superciliorum
1119 1973 1184 2002 aut
1204 1963 1434 2008 remiffione,
1455 1972 1522 2001 aut
1541 1962 1817 2007 contractione,

411 2042 458 2066 ex
490 2027 683 2073 moestitia,
715 2041 762 2066 ex
792 2027 1000 2074 hilaritate,
1031 2042 1078 2068 ex
1099 2029 1187 2074 risu,
1219 2043 1266 2068 ex
1292 2029 1505 2074 locutione,
1535 2042 1582 2067 ex
1603 2027 1815 2072 reticentia,

412 2109 458 2133 ex
480 2095 730 2133 contentione
750 2095 870 2140 vocis,
900 2109 945 2134 ex
967 2095 1227 2141 submissione,
1249 2110 1296 2135 ex
1316 2096 1461 2135 caeteris
1481 2095 1686 2139 similibus,
1709 2093 1820 2132 facile

408 2167 685 2218 judicabimus,
718 2167 813 2219 quid
843 2181 977 2206 eorum
1012 2177 1099 2221 apte
1131 2167 1210 2214 fiat,
1241 2168 1336 2221 quid
1368 2169 1417 2206 ab
1448 2167 1578 2206 officio
1610 2176 1820 2218 naturaque

412 2233 610 2285 discrepet.
654 2235 747 2285 Qo
769 2234 807 2271 in
828 2247 966 2287 genere
998 2247 1074 2273 non
1095 2234 1147 2272 est
1168 2235 1482 2280 incommodum,
1504 2234 1615 2287 quale
1635 2232 1819 2286 quodque

412 2312 546 2337 corum
570 2299 625 2344 sit,
648 2314 694 2337 cx
715 2300 797 2338 aliis
813 2301 1014 2352 judicare5
1047 2310 1090 2339 ut
1111 2301 1135 2340 si
1157 2302 1252 2355 quid
1272 2301 1451 2340 dedeceat
1472 2301 1511 2339 in
1531 2300 1629 2345 aliiS,
1651 2300 1818 2337 vitemus

413 2365 494 2418 ipsi,
544 2366 606 2403 Fit
640 2367 744 2404 enim
778 2367 903 2405 nescio
937 2382 1017 2420 quo
1047 2368 1178 2413 modo,
1209 2378 1252 2406 ut
1284 2368 1406 2420 magis
1433 2367 1473 2405 in
1495 2367 1579 2404 aliis
1599 2378 1817 2409 cernamus,

412 2445 529 2484 quam
564 2432 603 2469 in
639 2433 933 2486 nobismetipIiS,
966 2434 990 2472 si
1025 2434 1120 2487 quid
1151 2434 1404 2486 delinquitur.
1466 2434 1598 2485 Itaque
1630 2431 1817 2470 facillime

412 2498 658 2551 corriguntur
696 2501 733 2537 in
764 2500 958 2548 discendo,
1002 2514 1171 2553 quorum
1207 2501 1299 2540 vitia
1331 2500 1550 2546 imitantur,
1587 2497 1818 2538 emendandi

411 2563 534 2610 causa,
566 2565 747 2618 magistri.
