2223 3003
510 218 587 260 302
836 203 941 243 DE
1000 199 1577 242 SENECTUTE.

645 303 741 343 Set-it
760 299 916 343 arbores,
938 312 1019 352 quae
1036 297 1268 351 alteristculo
1279 298 1434 350 prestat,

505 379 551 410 ut
581 369 633 407 ait
653 367 793 405 Statius
824 363 949 402 noster
982 364 1022 401 in
1043 362 1295 416 Synephebis.
1326 364 1414 403 Nec
1435 376 1524 402 vero
1545 363 1706 403 -dubitet
1725 364 1903 417 agricola,

505 433 679 488 quamvis
699 431 825 475 senex,
856 429 1056 483 quaerenti,
1077 429 1140 468 cui
1164 428 1271 475 serat,
1302 429 1526 483 respondere
1541 449 1554 476 ς
1585 430 1673 469 Diis
1699 431 1905 470 immorta-

505 500 621 543 libus,
640 497 709 550 qui
730 509 793 534 me
812 509 891 534 non
910 495 1082 548 acciPere
1099 495 1217 535 modo
1234 494 1318 535 haec
1339 509 1360 535 a
1379 496 1589 549 majoribus
1610 497 1826 542 voluerunt,
1844 496 1907 535 sed

506 565 622 603 etiam
639 562 795 616 posteris
817 561 988 615 prodere.

545 630 660 668 VIII.
679 628 826 667 Melius
849 627 1030 668 Caecilius
1051 627 1096 666 de
1116 628 1201 667 sene
1221 628 1330 667 alteri
1350 628 1478 668 seculo
1495 629 1766 684 prospiciente,
1787 641 1906 682 quam

503 696 616 742 illud,

639 762 802 815 AEdepol,
810 762 988 816 stneHus,
995 763 1039 814 st
1053 762 1148 801 nihil
1161 761 1351 816 quidquam
1369 761 1472 801 aliud
1485 762 1575 802 vitii

641 831 825 882 Apportes
845 839 972 872 tecum,
994 842 1072 867 cum
1090 828 1238 867 advenis
1251 847 1262 873 ς
1294 843 1402 867 unum
1420 829 1461 867 id
1460 830 1529 882 sat
1548 828 1607 882 cst,

640 894 747 946 de
759 893 819 932 diu
837 893 1004 938 vivendo,
1025 895 1153 938 multa,
1175 907 1255 947 quae
1273 908 1341 933 non
1360 895 1457 939 vult,
1478 895 1578 933 videt
1593 911 1607 933 .-

501 969 540 998 et
560 960 684 997 multa
703 958 867 1004 fortasse,
889 973 973 1012 quae
993 959 1077 998 vult
1096 975 1105 998 z
1137 969 1252 1013 atque
1271 961 1311 999 in
1332 974 1374 999 ea
1403 960 1579 1014 quidem,
1603 973 1689 1013 quae
1708 973 1787 1000 non
1806 960 1904 1005 vult,

501 1024 595 1079 saepe
614 1026 731 1064 etiam
751 1025 1004 1063 adolescentia
1023 1026 1200 1065 incurrit.

556 1091 661 1131 Illud
680 1105 769 1130 vero
787 1091 893 1129 idem
915 1092 1095 1130 Caecilius
1116 1092 1303 1138 vitiosius,

639 1155 732 1197 ‘Tum
751 1156 904 1211 equidem
923 1158 960 1196 in
965 1159 1112 1212 ſs‘nefia
1131 1159 1194 1198 hoc
1213 1158 1339 1212 deputo
1357 1159 1409 1197 mi
1419 1159 1603 1204 errimum,

638 1224 780 1263 Sentire
799 1225 841 1262 ed
856 1233 966 1263 aetate
985 1224 1093 1279 qffi’ſs’
1111 1225 1257 1278 odiostzm
1275 1225 1387 1264 alteri
1396 1241 1410 1264 .·

500 1290 728 1342 Jucundum
763 1290 907 1343 potius,
954 1303 1073 1342 quam
1116 1290 1307 1329 odiosum.
1358 1292 1416 1329 Ut
1449 1291 1556 1329 enim
1589 1288 1905 1334 adolescentibus,

500 1356 602 1395 bona
632 1355 763 1394 indole
793 1356 975 1409 praeditis‚
1010 1355 1195 1409 sapientes
1224 1357 1326 1395 senes
1357 1357 1607 1403 delcetantur,
1637 1356 1835 1408 leviorque
1858 1355 1906 1394 fit

498 1436 635 1461 eorum
669 1423 853 1467 senectus,
894 1423 965 1475 qui
994 1436 1015 1460 a
1041 1423 1247 1474 juventute
1277 1423 1461 1462 coluntur
1492 1433 1530 1461 et
1563 1423 1780 1476 diliguntur
1796 1441 1809 1467 ;
1854 1421 1906 1460 fic

499 1489 753 1527 adolescentes
774 1487 907 1526 senum
927 1489 1126 1541 praeceptis
1146 1489 1327 1541 gaudent,
1349 1490 1490 1541 quibus
1511 1489 1556 1526 ad
1576 1489 1767 1526 virtutum
1786 1487 1907 1526 studia

497 1554 695 1592 ducuntur
713 1568 721 1592 :
754 1566 825 1591 nec
860 1554 990 1592 minus
1021 1553 1199 1607 intelligo
1231 1568 1294 1592 me
1314 1555 1438 1599 vobis,
1471 1567 1590 1607 quam
1611 1567 1676 1593 vos
1707 1552 1808 1592 mihi
1834 1553 1906 1592 esse

492 1621 704 1673 jucundos.
755 1619 826 1658 Sed
862 1619 1013 1664 videtis,
1050 1629 1093 1658 ut
1123 1620 1292 1659 senectus
1324 1635 1402 1659 non
1433 1621 1552 1659 modo
1582 1620 1763 1673 languida
1791 1629 1907 1673 atque

497 1686 599 1725 iners
620 1699 698 1724 non
718 1685 776 1731 fit,
807 1699 943 1724 verum
963 1685 1081 1724 etiam
1101 1686 1146 1724 fit
1177 1686 1329 1739 operosa
1359 1696 1397 1724 et
1423 1686 1571 1740 semper
1600 1700 1714 1739 agens
1743 1686 1905 1738 aliquid,

497 1762 536 1791 et
554 1753 718 1792 moliens
735 1771 746 1798 ς
771 1752 843 1791 tale
861 1752 1019 1797 scilicet,
1041 1753 1154 1805 quale
1173 1753 1357 1806 cujusque
1374 1753 1543 1791 studium
1560 1754 1600 1791 in
1620 1753 1808 1806 superiore
1827 1753 1906 1792 vita

498 1817 588 1857 fuit.
622 1819 745 1870 Qid,
767 1818 873 1870 quod
892 1819 1008 1857 etiam
1028 1818 1228 1856 addiscunt
1247 1819 1395 1871 aliquid
1415 1820 1428 1856 ?
1458 1828 1502 1857 ut
1534 1819 1717 1858 Solonem
1737 1819 1904 1857 versibus

498 1885 729 1935 gloriantem
749 1884 938 1928 videmus,
961 1884 1029 1935 qui
1051 1884 1099 1928 se,
1121 1885 1296 1935 quotidie
1316 1886 1462 1936 aliquid
1482 1886 1755 1930 addiscentem,
1778 1885 1904 1923 senem

498 1949 581 1987 fieri
613 1949 708 1986 dicit
728 1964 735 1986 :
771 1958 812 1987 ut
846 1962 918 2001 ego
950 1947 1038 1993 feci,
1071 1950 1139 2001 qui
1168 1951 1320 1988 Graecas
1348 1950 1473 1988 literas
1505 1950 1615 1989 senex
1634 1951 1752 1988 didici
1769 1965 1777 1988 :
1809 1964 1903 2002 quas

497 2015 658 2067 quidem
680 2015 729 2053 fic
750 2015 857 2053 avide
877 2015 1033 2067 arripui,
1064 2015 1166 2067 quasi
1188 2015 1412 2055 diuturnam
1432 2016 1534 2054 sitim
1554 2016 1706 2069 explere
1726 2017 1901 2068 cupiens,

500 2091 543 2121 ut
563 2095 604 2119 ea
624 2081 702 2134 ipsa
731 2080 831 2120 mihi
854 2091 942 2119 nota
959 2081 1089 2126 essent,
1121 2082 1264 2134 quibus
1293 2097 1354 2121 me
1381 2097 1484 2121 nunc
1505 2083 1693 2136 exemplis
1716 2083 1772 2120 uti
1792 2083 1903 2121 vide·

496 2149 546 2187 tis
565 2163 573 2185 :
597 2148 702 2200 quod
723 2161 815 2186 cum
836 2145 962 2185 fecisse
983 2148 1176 2185 Socratem
1197 2148 1237 2186 in
1258 2148 1398 2187 fidibus
1419 2149 1606 2193 audirem,
1629 2149 1768 2187 vellem
1789 2149 1901 2202 equi-

497 2215 587 2252 dem
608 2223 645 2251 et
666 2213 790 2258 illud,
816 2212 1027 2264 (discebant
1047 2213 1152 2252 enim
1172 2212 1314 2253 fidibus
1335 2214 1502 2267 antiqui)
1525 2213 1585 2253 sed
1605 2215 1644 2253 in
1665 2214 1784 2254 literis
1800 2224 1901 2254 certe

497 2281 702 2319 elaboravi.

556 2348 625 2385 lx.
660 2347 744 2385 Nec
760 2361 862 2385 nunc
883 2347 1042 2399 quidem
1058 2348 1154 2387 vires
1174 2348 1343 2387 desidero
1358 2348 1620 2392 adolescentis,
1637 2349 1686 2399 (is
1700 2348 1805 2386 enim
1823 2358 1901 2386 erat

497 2413 605 2453 locus
627 2413 719 2450 alter
745 2413 790 2451 de
812 2414 912 2451 vitiis
936 2413 1151 2466 senestutis)
1184 2429 1258 2453 non
1283 2415 1382 2468 plus,
1413 2428 1530 2466 quam
1551 2414 1764 2452 adolescens
1787 2415 1899 2458 tauri,

495 2489 560 2518 aut
580 2478 772 2532 elephanti
795 2479 1064 2519 desiderabam.
1112 2481 1228 2533 Qod
1249 2480 1315 2526 cst,
1337 2495 1382 2519 eo
1402 2481 1508 2519 decet
1528 2482 1583 2519 uti
1603 2500 1612 2525 ;
1644 2491 1681 2519 et
1708 2481 1900 2533 quidquid

496 2558 596 2600 agas,
619 2559 725 2600 agere
747 2559 815 2598 pro
836 2546 993 2586 viribus.
1038 2549 1136 2600 Qrc
1156 2547 1263 2586 enim
1289 2561 1361 2586 vox
1386 2547 1506 2600 potest
1526 2546 1596 2585 ess‘e
1624 2547 1896 2599 contemptior,
