2223 3003
839 216 944 256 DE
1029 215 1283 256 FATO.
1684 229 1762 271 ¹¹5

362 317 656 372 explicarentur.
715 315 824 355 Nam
844 315 870 354 fi
891 315 1043 360 atomis,
1074 324 1119 354 ut
1151 314 1334 368 gravitate
1352 311 1536 359 ferantur,
1569 312 1762 353 tributum

362 385 416 424 est
445 383 659 423 neceffitate
690 391 846 427 naturae,
881 382 986 435 quod
1017 395 1133 420 omne
1163 380 1314 435 pondus
1345 380 1452 418 nulla
1471 394 1509 418 re
1530 379 1766 433 impediente

363 460 563 489 moveatur
582 458 620 487 et
638 447 780 486 feratur
800 447 943 486 neceffe
962 447 1014 485 est
1020 466 1033 492 3
1057 447 1156 485 illud
1176 460 1332 500 quoque
1351 446 1492 485 necesse
1511 445 1577 491 est,
1592 445 1762 485 declina-

364 530 404 555 re
424 515 655 568 quibusdam
675 513 829 558 atomis,
863 513 939 557 vel,
971 513 999 551 fi
1016 513 1167 557 volunt.
1186 513 1370 552 omnibus
1389 512 1610 552 naturaliter
1614 540 1763 552 .....

366 583 496 622 Multa
514 580 767 632 defiderantur.

1018 864 1126 900 DE

575 1024 1556 1105 LEGIBUS,

713 1216 992 1257 LIBER
1063 1216 1428 1255 PRIMUS.

374 1391 428 1430 T.
448 1390 753 1430 Pomomus
776 1389 1034 1428 ATT1cus.
1066 1385 1130 1427 M.
1147 1387 1201 1427 T.
1220 1386 1434 1427 CICERO.
1465 1384 1776 1439 QFRATER.

379 1521 412 1560 1,
565 1524 594 1549 T
606 1524 635 1549 τ
647 1523 732 1549 ICU
745 1524 778 1550 s.
798 1512 931 1550 Lucus
949 1510 1111 1563 quidem
1130 1510 1209 1556 ille,
1231 1517 1270 1550 et
1289 1509 1371 1549 haec
1391 1508 1642 1562 Arpinatium
1662 1519 1780 1560 quer-

420 1521 557 1652 Α
589 1591 658 1616 cus
678 1577 910 1630 agnoscitur,
946 1576 1041 1629 saepe
1061 1590 1081 1615 a
1107 1589 1171 1614 me
1190 1576 1311 1614 leetus
1332 1577 1373 1614 in
1401 1576 1545 1614 Mario.
1592 1575 1631 1612 Si
1651 1580 1784 1612 manet

590 1643 658 1680 illa
676 1655 854 1694 quercus,
886 1640 968 1679 haec
995 1641 1048 1679 est
1072 1639 1245 1693 profeeto
1260 1658 1272 1686 3
1304 1640 1449 1679 etenim
1480 1639 1533 1677 est
1553 1638 1637 1677 sane
1656 1646 1783 1677 vetus.

380 1709 612 1760 Q1NTus.
645 1708 784 1746 Manet
802 1721 905 1752 vero,
928 1707 1060 1745 Attice
1080 1706 1218 1752 noster,
1252 1715 1291 1745 et
1309 1705 1457 1759 semper
1477 1703 1651 1743 manebit
1665 1722 1678 1749 3
1710 1703 1786 1742 sata

381 1774 434 1812 est
454 1773 558 1812 enim
579 1773 750 1825 ingenio·
792 1772 957 1811 Nullius
978 1782 1107 1811 autem
1127 1771 1303 1825 agricolae
1334 1771 1444 1810 cultu
1463 1770 1573 1824 stirps
1594 1779 1675 1809 tarn
1694 1769 1785 1807 diu-

380 1849 507 1884 turna,
538 1852 656 1892 quam
675 1847 797 1892 poetae
816 1837 937 1883 versu,
959 1837 1136 1876 seminari
1155 1836 1290 1891 potest.
1332 1838 1562 1875 ATT1cus.
1585 1837 1679 1887 Qo
1698 1844 1786 1873 tan·-

382 1906 472 1944 dem
503 1907 635 1950 modo,
673 1904 849 1956 Qinte?
894 1912 959 1942 aut
989 1903 1102 1956 quale
1131 1902 1185 1941 est
1214 1903 1325 1947 istuc,
1362 1902 1468 1955 quod
1487 1911 1609 1955 poetae
1629 1900 1786 1939 serunt?

383 1972 492 2011 Mihi
512 1973 618 2011 enim
638 1971 792 2016 videris,
823 1969 980 2010 fratrem
1000 1970 1190 2009 laudando
1210 1969 1404 2023 suffragari
1424 1968 1511 2007 tibi.
1555 1969 1786 2020 QmTus.

386 2040 443 2078 Sit
462 2040 514 2077 ita
534 2039 632 2077 sane.
657 2039 952 2083 Verumtamen,
975 2038 1070 2076 dum
1090 2038 1230 2076 Latine
1248 2037 1458 2090 loquentur
1476 2035 1609 2081 literae‚
1624 2046 1788 2088 quercus

385 2103 479 2142 huic
498 2104 585 2143 loco
604 2118 684 2143 non
702 2104 835 2149 deerit,
857 2117 943 2157 quae
963 2103 1139 2142 Mariana
1157 2103 1307 2141 dicatur
1320 2120 1333 2149 3
1354 2114 1486 2155 eaque,
1503 2110 1548 2141 ut
1567 2101 1620 2140 ait
1640 2101 1789 2139 Scaevo-

387 2170 423 2207 la
443 2169 489 2208 de
508 2169 633 2208 fratris
654 2170 729 2207 mei
749 2170 893 2214 Mario,

527 2235 805 2289 Caancetst’clis
824 2234 1150 2274 innumerabilibus.

389 2303 475 2343 Nifi
495 2302 594 2341 forte
615 2302 780 2341 Athenoe
801 2311 874 2341 tuae
895 2301 1163 2355 sempiternam
1185 2301 1225 2340 in
1257 2313 1340 2340 arce
1359 2300 1484 2339 oleam
1505 2308 1632 2338 tenere
1652 2305 1791 2352 potue·

392 2378 480 2407 runt
494 2388 506 2415 3
530 2378 608 2415 aut,
626 2369 730 2423 quod
751 2369 989 2408 Homericus
1011 2367 1158 2419 Ulyffes
1179 2367 1270 2406 Deli
1291 2367 1326 2406 se
1346 2380 1545 2420 proceram
1565 2374 1603 2404 et
1623 2374 1793 2404 teneram

393 2434 562 2485 palmam
581 2434 713 2474 vidisse
740 2435 853 2480 dixit,
885 2433 1001 2472 hodie
1032 2433 1242 2472 monstrant
1272 2433 1461 2471 eandem:
1494 2432 1694 2483 multaque
1723 2429 1794 2467 alia

395 2498 530 2536 multis
550 2500 645 2539 locis
666 2501 812 2539 diutius
831 2499 1202 2539 commemoratione
1222 2508 1394 2544 manent,
1412 2512 1528 2550 quam
1550 2497 1683 2535 natura
1702 2495 1795 2532 stare

397 2573 616 2617 potuerunt.
649 2568 778 2618 Qare
797 2565 1008 2620 glandifera
1026 2566 1092 2605 illa
1111 2579 1289 2620 (ψει-ωε,
1311 2578 1359 2603 ex
1378 2578 1455 2617 qua
1473 2564 1570 2602 olim
1587 2560 1750 2600 evolavit

1380 2632 1411 2668 P
1444 2643 1467 2668 2
