2223 3003
693 244 969 285 LIBER
1028 243 1450 283 TERTIUS.
1693 242 1772 297 283

375 342 610 397 reipublicae,
631 355 763 397 quam,
797 357 890 382 cum
911 342 1048 382 utilem
1078 341 1148 382 effe
1167 342 1324 387 diceret,
1355 354 1432 381 non
1454 339 1525 379 esse
1546 353 1694 394 aequam
1715 340 1774 379 fa-

374 418 530 448 teretur.

430 476 586 514 XXIII.
620 475 760 514 Plenus
793 474 846 512 est
865 474 991 512 sextus
1025 475 1122 513 liber
1152 475 1199 512 de
1228 473 1367 513 officiis
1400 473 1610 512 Hecatonis
1638 472 1776 510 talium

376 540 633 592 quaestionum
653 560 664 586 3
697 541 802 579 Sitne
821 539 915 577 boni
934 539 1020 584 viri,
1041 540 1081 577 in
1102 540 1272 577 maxima
1291 540 1446 577 caritate
1466 553 1636 583 annonae,
1659 537 1776 576 fami-

379 605 471 645 liam
491 620 569 646 non
591 607 701 645 alere.
761 606 807 644 In
838 613 1041 656 utramque
1072 613 1220 657 partem
1253 605 1446 657 disputat:
1479 605 1539 642 sed
1571 614 1699 643 tamen
1731 604 1777 641 ad

377 681 596 710 extremum
625 670 791 708 utilitate
820 678 930 722 putat
960 669 1136 707 officium
1156 669 1270 722 dirigi
1291 669 1428 722 magis,
1456 684 1573 721 quam
1593 669 1776 708 humani-

376 746 467 775 tate.
510 736 674 788 Qaerit‚
704 735 731 773 fi
758 735 798 773 in
817 735 914 773 mari
928 736 1075 787 jactura
1093 733 1267 773 facienda
1286 734 1344 779 s1t,
1374 736 1514 787 equine
1533 735 1684 787 pretiosi
1705 749 1776 787 po-

376 802 454 845 tius
468 803 657 854 jaeturam
676 799 804 846 faciat,
835 814 881 838 an
903 800 1038 839 servuli
1058 801 1158 840 vilis.
1190 801 1273 839 Hic
1292 800 1367 838 alio
1387 813 1444 838 res
1470 799 1681 844 familiaris,
1703 801 1778 838 alib

376 867 486 906 ducit
503 866 738 906 humanitas.
785 867 823 906 Si
843 867 1014 906 tabulam
1034 867 1080 905 de
1099 866 1297 920 naufragio
1319 866 1455 905 stultus
1476 866 1688 919 arripuerit,
1710 879 1778 903 ex-

375 934 625 987 torquebitne
643 946 728 972 eam
748 933 908 987 sapiens,
940 933 968 972 fi
987 934 1157 987 potuerit
1175 934 1188 971 ?
1220 933 1363 986 Negat,
1399 933 1490 985 quia
1512 932 1557 971 s1t
1576 932 1778 984 injurium.

377 1000 516 1052 Qid?
557 999 739 1038 dominus
773 1000 894 1045 navis,
924 1000 1109 1052 eripietne
1141 998 1284 1038 suum?
1329 998 1524 1043 Minime,
1567 1011 1644 1035 non
1675 997 1779 1049 plus,

377 1078 496 1118 quarn
515 1066 542 1104 s1
575 1066 820 1119 navigantem
851 1066 892 1104 in
923 1065 1000 1104 alto
1034 1065 1168 1118 ejicere
1201 1065 1247 1103 de
1278 1065 1365 1103 navi
1389 1064 1495 1109 velit,
1527 1063 1618 1116 quia
1637 1061 1701 1100 sua
1719 1061 1779 1100 s1t.

378 1132 520 1184 Qoad
538 1133 645 1172 enirn
665 1141 894 1186 perventum
914 1132 959 1171 fit
978 1132 1038 1178 eo,
1055 1132 1134 1186 quo
1151 1132 1301 1186 sumpta
1322 1131 1426 1170 navis
1446 1130 1513 1176 est,
1532 1143 1609 1169 non
1631 1128 1781 1167 domini

377 1198 429 1237 est
447 1200 568 1245 navis,
589 1199 651 1238 sed
669 1199 950 1253 navigantium.

433 1265 556 1321 Qid,
587 1265 614 1303 fi
649 1265 690 1303 in
725 1279 800 1304 una
833 1265 963 1304 tabula
996 1265 1069 1304 s1nt
1100 1265 1177 1304 duo
1210 1264 1398 1318 naufragi,
1434 1263 1554 1316 hique
1582 1261 1779 1315 sapientes,

378 1329 498 1369 fibine
518 1330 658 1370 utervis
678 1331 811 1384 rapiat,
842 1344 890 1369 an
920 1330 1013 1369 alter
1044 1330 1153 1369 cedat
1183 1331 1321 1368 alteri?
1353 1329 1477 1368 Cedat
1501 1341 1616 1372 νει-ος
1648 1326 1711 1364 sed
1731 1327 1780 1370 ei,

378 1398 489 1449 cujus
510 1397 632 1451 magis
653 1397 799 1436 interfit
818 1397 878 1435 vel
899 1397 975 1442 sua,
1005 1397 1065 1436 vel
1087 1396 1307 1450 reipublicae
1327 1395 1448 1440 causa,
1468 1395 1606 1433 vivere.
1657 1392 1781 1444 Qid,

378 1464 406 1502 fi
426 1463 508 1507 haec
527 1465 630 1517 paria
648 1464 689 1502 in
709 1465 900 1517 utroque?
931 1464 1105 1503 Nullum
1123 1465 1196 1503 erit
1216 1472 1421 1508 certamen,
1454 1461 1530 1507 sed,
1563 1459 1666 1513 quasi
1688 1459 1784 1497 sorte

380 1540 446 1569 aut
465 1531 644 1569 micando
664 1530 801 1575 vietus,
823 1531 932 1569 alteri
951 1532 1060 1569 cedat
1080 1532 1187 1571 alter.
1220 1533 1329 1584 Qid
1349 1535 1375 1573 fi
1395 1545 1501 1588 pater
1519 1536 1606 1574 fana
1625 1538 1782 1591 expilet,

380 1596 584 1635 cuniculos
615 1605 700 1649 agat
733 1596 779 1633 ad
804 1597 980 1635 aerarium
996 1615 1008 1642 ς
1040 1597 1233 1636 indicetne
1263 1600 1304 1636 id
1335 1601 1617 1653 magistratibus
1649 1603 1781 1642 filius?

380 1661 502 1702 Nefas
523 1662 563 1700 id
594 1662 755 1715 quidem
772 1662 851 1700 est:
883 1662 979 1715 quin
1005 1663 1121 1700 etiam
1142 1663 1319 1702 defendat
1349 1676 1512 1718 patrem,
1542 1668 1568 1706 fi
1589 1680 1781 1722 arguatur.

379 1729 476 1769 Non
495 1729 616 1781 igitur
634 1728 756 1781 patria
774 1727 922 1781 praestat
941 1728 1126 1767 omnibus
1146 1729 1284 1768 officiis
1304 1731 1316 1768 ?
1349 1732 1479 1772 Immo
1498 1747 1586 1773 vero
1601 1753 1613 1780 3
1637 1734 1698 1774 sed
1714 1736 1784 1789 ipsi

380 1794 511 1848 patriae
532 1793 729 1839 conducit,
751 1794 835 1847 pios
855 1794 955 1832 cives
976 1793 1116 1833 habere
1136 1795 1176 1833 in
1196 1806 1383 1849 parentes.
1415 1799 1539 1850 Qid,
1561 1801 1588 1839 fi
1610 1802 1783 1852 tyranni-

380 1862 472 1900 dem
491 1873 691 1915 occupare,
726 1860 754 1898 fi
773 1860 937 1913 patriam
956 1861 1127 1914 prodere,
1155 1864 1358 1902 conabitur
1377 1867 1510 1917 pater?
1541 1867 1715 1906 filebitne
1734 1869 1784 1907 fi·-

379 1928 455 1966 lius
473 1928 485 1965 ?
517 1929 647 1965 Immo
665 1939 755 1964 vero
773 1926 984 1965 obsecrabit
1003 1936 1166 1980 patrem,
1197 1943 1245 1967 ne
1265 1930 1304 1967 id
1324 1929 1438 1969 faciat
1455 1946 1464 1970 :
1497 1932 1522 1970 fi
1544 1931 1643 1970 nihil
1664 1934 1783 1986 profi-

380 1994 470 2040 ciet,
491 1993 696 2038 accusabit,
728 1992 943 2032 minabitur
961 1994 1102 2033 etiam:
1135 1995 1181 2034 ad
1200 2005 1432 2042 extremum,
1461 1997 1486 2036 s1
1507 1998 1553 2036 ad
1573 2000 1784 2052 perniciem

381 2060 510 2113 patriae
530 2072 587 2098 res
603 2058 800 2113 spestabit,
821 2059 951 2112 patriae
970 2059 1131 2099 salutem
1150 2070 1355 2114 anteponet
1374 2062 1484 2101 saluti
1503 2064 1635 2116 patris.

439 2126 589 2176 Qaerit
619 2125 752 2171 etiam,
784 2126 811 2164 fi
844 2125 990 2179 sapiens
1021 2127 1254 2166 adulterinos
1286 2142 1469 2167 nummos
1496 2131 1685 2183 acceperit
1706 2132 1783 2170 im-

382 2191 549 2245 prudens
581 2204 650 2244 pro
685 2191 811 2236 bonis,
853 2205 945 2230 cum
988 2193 1027 2230 id
1062 2193 1240 2237 rescierit,
1272 2193 1510 2233 soluturusne
1552 2196 1596 2235 s1t
1638 2211 1715 2243 eos,
1758 2200 1783 2238 fi

382 2258 447 2296 cui
480 2257 628 2302 debeat,
669 2270 739 2310 pro
770 2257 896 2295 bonis.
956 2258 1152 2310 Diogenes
1185 2259 1265 2297 ait:
1311 2261 1516 2314 Antipater
1549 2273 1689 2316 negat;
1721 2265 1785 2303 cui

384 2324 512 2376 potius
551 2323 737 2362 assentior.
789 2323 872 2375 Qi
909 2323 1044 2361 vinum
1075 2322 1226 2376 fugiens
1267 2326 1404 2364 vendat
1438 2327 1570 2374 sciens,
1601 2329 1786 2369 debeatne

384 2389 541 2427 dicere?
572 2389 668 2428 Non
699 2389 842 2428 neceffe
863 2399 972 2442 putat
1000 2390 1219 2443 Diogenes:
1253 2393 1455 2445 Antipater
1489 2395 1560 2433 viri
1589 2395 1680 2434 boni
1715 2411 1783 2435 ex-

386 2453 540 2494 istimat.
591 2456 689 2494 Haec
710 2455 796 2494 sunt
823 2457 926 2508 quasi
947 2457 1182 2495 controversa
1205 2458 1293 2510 jura
1325 2460 1556 2499 Stoicorum.
1607 2463 1652 2500 In
1674 2476 1785 2500 man-

388 2519 493 2571 cipio
530 2521 741 2566 vendendo,
783 2521 991 2560 dicendane
1026 2523 1148 2560 vitia?
1180 2537 1257 2561 non
1302 2538 1357 2569 ea,
1399 2539 1484 2577 quae
1523 2527 1591 2565 nifi
1630 2528 1783 2572 dixeris,

386 2583 630 2624 redhibeatur
659 2587 899 2640 mancipium
927 2589 1013 2640 jure
1045 2588 1150 2627 civili
1166 2607 1177 2635 3
1216 2589 1276 2630 sed
1307 2589 1408 2636 haec,
1445 2593 1670 2631 mendacem
1700 2593 1785 2639 effe,

1353 2657 1484 2696 an
