2223 3003
675 263 951 303 LIBER
1009 262 1429 301 TERTIUS.
1680 262 1752 314 163

359 363 435 418 ςβο.
459 363 603 403 creatio
622 362 1069 418 magistratuum,judicio,
1083 363 1209 416 populi
1211 361 1320 415 jqffiz,
1337 361 1469 405 vetita,
1490 374 1568 400 cum
1574 359 1757 414 stgffivgio

359 446 422 471 con
438 432 624 486 sistentur,
645 431 873 484 optinmtibus
892 440 989 473 nota,
1002 429 1100 482 plebi
1115 429 1227 468 libera
1230 431 1357 481 Jimto.

418 497 489 536 IV.
520 499 580 536 At
582 497 625 548 st
640 495 728 550 quid
741 496 824 539 erit,
848 494 939 547 quod
953 503 1059 532 extra
1077 494 1306 545 ntagssratus
1326 503 1499 532 eset-atore
1517 493 1676 546 oesusstt,
1700 493 1762 545 qui

361 572 473 601 caeret
485 563 636 615 populus
655 570 788 603 creato,
809 561 904 612 cique
910 559 976 609 jus
995 558 1155 597 coerandi
1170 558 1264 596 dato.
1289 560 1379 596 Cum
1387 559 1514 610 populo
1527 558 1760 611 patrihzgsque

362 628 493 680 agendi
495 628 561 679 jus
579 626 641 678 esto
662 625 814 678 Corfidi,
837 623 1015 667 Praetori,
1045 622 1209 674 magssro
1233 623 1358 674 populi
1384 624 1619 675 equitumque,
1651 625 1759 676 eique,

364 707 463 747 quem
474 691 636 744 produnt
659 699 788 743 patres
809 689 996 742 Confidam
1021 687 1259 741 rogandorum
1288 703 1395 740 ergo:
1428 688 1657 740 tribunfflquc,
1680 704 1762 740 qnos

346 759 429 813 fibi
438 757 554 811 plebes
572 756 730 809 rogoffit,
749 757 816 807 jus
834 755 897 808 ello
916 769 994 793 cum
1015 754 1188 808 patribus
1216 753 1370 807 agendi.-
1402 753 1515 798 iidem,
1547 754 1597 792 ad
1615 754 1761 805 plebem,

366 824 460 878 quod
473 825 559 877 (esus
577 823 660 867 erit,
667 822 839 874 ferunto.
883 822 976 873 Qae
995 836 1072 861 cum
1085 821 1227 875 populo,
1249 834 1394 875 quaeque
1412 821 1448 859 in
1461 820 1634 873 patribus
1652 833 1762 872 agen-

364 900 445 936 tur,
465 889 730 943 modicafimto.

423 956 602 1001 Senatori‚
635 956 698 1009 qui
714 970 775 995 nec
793 954 924 1001 aderit,
945 963 1011 994 aut
1031 956 1149 1010 cazfiz,
1175 964 1242 994 aut
1261 955 1364 1008 culpa
1383 954 1458 1008 esto.
1497 955 1603 1006 Loco,
1603 954 1763 1006 senator,

367 1031 403 1062 et
422 1021 515 1061 modo
534 1030 635 1060 orato
649 1040 662 1067 ς
693 1023 815 1075 cazfizs
827 1022 954 1074 populi
968 1030 1097 1060 teneto.
1142 1021 1204 1060 Vis
1224 1021 1260 1059 in
1273 1021 1402 1074 populo
1420 1019 1543 1072 absso.
1586 1020 1669 1058 Par
1688 1032 1766 1055 ma-

356 1088 468 1140 jorve
483 1087 635 1140 potestas
646 1087 732 1139 plus
750 1086 881 1126 valeto.
904 1087 973 1140 Ast
988 1087 1052 1140 qui
1062 1086 1276 1139 turbaffi'tur
1294 1086 1331 1124 in
1350 1085 1494 1139 agendo,
1501 1085 1620 1138 fraus
1639 1083 1770 1122 afforis

369 1153 428 1206 cst.
459 1152 666 1206 Interceſjo'r
685 1153 741 1191 rei
755 1153 871 1198 malae,
879 1153 1061 1206 solutoris
1081 1152 1171 1191 civis
1189 1152 1265 1207 esto.
1288 1152 1363 1204 Qi
1377 1160 1500 1204 agent,
1521 1150 1769 1204 azffpiciaser-

370 1229 484 1259 ‘canto
497 1236 510 1258 .·
537 1219 674 1271 auguri
682 1218 822 1270 publico
831 1227 987 1270 parento
1002 1234 1015 1257 .·
1029 1219 1263 1271 promulgata
1276 1218 1470 1271 proposita,
1484 1217 1521 1255 in
1536 1216 1668 1254 aerario
1687 1229 1770 1266 cog-

371 1286 463 1330 nita,
485 1294 620 1338 agunto
633 1300 647 1323 .·
677 1298 740 1323 nec
752 1284 849 1337 plus,
870 1298 976 1337 quam
988 1282 1028 1322 de
1031 1284 1190 1337 stngulis
1208 1283 1313 1322 rebus
1315 1283 1430 1336 stmel
1443 1282 1645 1335 confiaelunto
1664 1296 1677 1319 .·
1699 1293 1773 1318 rem

364 1352 535 1405 populum
553 1349 693 1390 docento
705 1365 719 1388 :
749 1348 866 1389 doceri
881 1364 905 1388 a
923 1348 1189 1403 magistratibus
1200 1348 1430 1402 privatisque
1452 1347 1637 1401 patiunto.
1679 1345 1774 1384 Pri-

374 1417 507 1470 vilegia
525 1431 568 1455 ne
592 1416 792 1468 irrogante.
824 1416 889 1455 De
906 1416 1023 1468 capite
1041 1414 1144 1460 civis,
1165 1414 1233 1467 nisi
1237 1423 1308 1467 per
1326 1414 1517 1453 maximum
1541 1412 1775 1455 comitiatum,

375 1482 532 1534 ollofque,
552 1497 635 1534 quos
655 1483 819 1534 Censores
836 1481 874 1520 in
886 1481 1059 1534 partibus
1071 1481 1198 1534 populi
1211 1481 1381 1533 locqffi'nt,
1397 1494 1440 1519 ne
1443 1481 1603 1533 jerunto
1617 1495 1630 1518 .-
1652 1477 1777 1517 donum

378 1560 422 1585 ne
438 1545 619 1598 capiunto,
637 1559 699 1584 nec
717 1545 838 1590 danto,
859 1560 948 1585 neve
958 1546 1126 1600 petenda,
1147 1560 1236 1585 neve
1248 1546 1421 1599 gerenda,
1451 1559 1540 1584 neve
1553 1543 1777 1598 gestapotef-

380 1622 472 1651 tate.
517 1611 621 1664 Qod
635 1612 712 1665 quis
730 1623 852 1650 earum
870 1626 991 1651 rerum
1011 1612 1196 1664 migrqffit‚
1228 1612 1342 1650 noxiae
1353 1621 1463 1663 paena
1474 1620 1551 1663 par
1569 1611 1646 1662 esto.
1681 1610 1778 1646 Cen-

366 1678 465 1732 stris
469 1677 547 1730 fide
565 1677 672 1730 legem
690 1675 917 1730 cqstodiunto.
967 1677 1128 1716 Privati
1155 1675 1206 1715 ad
1233 1690 1286 1716 eos
1317 1678 1401 1715 αὲῖα
1420 1676 1605 1729 referunto
1619 1691 1633 1715 :
1663 1689 1726 1715 nec
1744 1689 1780 1714 eo

380 1744 493 1796 magis
510 1744 583 1796 lege
599 1743 706 1782 liberi
705 1744 834 1795 fimto.

407 1809 460 1847 V.
479 1810 563 1847 Lex
582 1809 738 1846 recitata
756 1808 821 1846 est.
841 1807 958 1847 Disce
978 1820 1072 1854 rem,
1093 1817 1130 1847 et
1150 1808 1332 1847 tabellam
1344 1808 1495 1860 jubebo
1513 1807 1607 1846 dari.
1629 1807 1781 1858 QIN-

385 1887 491 1914 Tus,
515 1875 646 1925 Qam
666 1873 786 1918 brevi,
817 1873 946 1918 frater,
978 1874 1019 1910 in
1050 1873 1255 1926 conspectu
1279 1873 1399 1925 pofita
1417 1873 1471 1911 est
1496 1886 1517 1910 a
1536 1880 1573 1910 te
1600 1873 1784 1910 omnium

369 1939 675 1993 *magistratuum
694 1938 923 1991 descriptio:
956 1938 1019 1976 sed
1048 1951 1091 1976 ea
1120 1951 1217 1991 pene
1236 1938 1370 1977 nostrae
1396 1937 1561 1977 civitatis
1577 1956 1590 1983 5
1621 1937 1687 1975 ets1
1707 1951 1727 1975 a
1747 1947 1785 1976 te

382 2005 544 2059 paulum
563 2004 724 2043 allatum
744 2004 796 2043 est
811 2004 916 2043 novi.
940 2004 1156 2043 MARCUS.
1174 2003 1410 2049 Reffiffime‚
1429 2004 1592 2055 Qinte‚
1609 2003 1784 2041 animad-

383 2071 514 2111 vertis.
560 2072 658 2110 Haec
689 2070 742 2109 est
761 2071 883 2116 enim,
915 2083 1032 2123 quam
1064 2071 1192 2124 Scipio
1222 2070 1351 2109 laudat
1379 2070 1421 2108 in
1446 2070 1570 2115 libris,
1602 2078 1640 2107 et
1667 2083 1786 2122 quam

385 2138 555 2178 maxime
584 2138 721 2191 probat
751 2138 1071 2190 temperationem
1091 2136 1310 2190 reipublicae
1324 2154 1336 2181 ς
1368 2150 1454 2189 quae
1484 2136 1585 2174 effici
1614 2149 1691 2174 non
1712 2150 1785 2190 po-

384 2203 529 2250 tuiffet,
545 2203 614 2242 nifi
630 2204 696 2242 tali
708 2203 961 2255 descriptione
977 2202 1283 2254 magistratuum.
1304 2202 1410 2240 Nam
1424 2202 1473 2240 fic
1490 2200 1682 2247 habetote,
1701 2215 1786 2240 ma-

386 2270 620 2325 gistratibus,
643 2269 776 2322 iisque,
798 2268 864 2321 qui
885 2268 1049 2321 praesmt,
1071 2268 1260 2306 contineri
1279 2268 1576 2320 rempublicam,
1598 2277 1635 2306 et
1654 2281 1700 2307 ex
1720 2282 1787 2307 eo·

387 2351 477 2376 rum
496 2336 786 2389 compofitione,
808 2334 912 2387 quod
931 2333 1117 2387 cujusque
1138 2333 1357 2387 reipublicae
1377 2348 1498 2387 genus
1518 2334 1576 2379 fit,
1605 2334 1787 2387 intelligi.

391 2402 489 2454 Qae
519 2415 576 2440 res
606 2415 698 2440 cum
728 2400 996 2454 sapientiffime
1026 2399 1397 2452 moderatiffimeque
1423 2400 1629 2439 constituta
1652 2399 1740 2438 effet
1769 2413 1789 2437 a

392 2467 600 2518 majoribus
622 2467 771 2513 nostris,
804 2466 904 2506 nihil
924 2466 1057 2512 habui,
1079 2466 1163 2504 sane
1183 2479 1260 2505 non
1281 2466 1468 2512 multum,
1490 2467 1595 2519 quod
1614 2476 1789 2519 putarem

395 2533 614 2571 novandum
635 2535 674 2572 in
695 2533 859 2586 legibus.

450 2599 683 2639 Armcus.
717 2600 868 2641 Reddes
898 2599 1017 2653 igitur
1047 2598 1172 2645 nobis,
1205 2607 1248 2638 ut
1277 2599 1318 2638 in
1349 2599 1545 2651 religionis
1565 2600 1649 2651 lege
1668 2596 1792 2637 fecisti

1398 2666 1437 2704 X
1468 2678 1490 2702 2
