<?xml version="1.0" encoding="UTF-8"?>
<!DOCTYPE html PUBLIC "-//W3C//DTD XHTML 1.0 Transitional//EN"
    "http://www.w3.org/TR/xhtml1/DTD/xhtml1-transitional.dtd">
<html xmlns="http://www.w3.org/1999/xhtml" xml:lang="en" lang="en">
 <head>
  <title>
</title>
<meta http-equiv="Content-Type" content="text/html;charset=utf-8" />
  <meta name='ocr-system' content='tesseract 3.04.00' />
  <meta name='ocr-capabilities' content='ocr_page ocr_carea ocr_par ocr_line ocrx_word'/>
</head>
<body>
  <div class='ocr_page' id='page_1' title='image "./operacumindicibu03ciceuoft_0041.png"; bbox 0 0 2223 3003; ppageno 0'>
   <div class='ocr_carea' id='block_1_1' title="bbox 790 227 1843 290">
    <p class='ocr_par' dir='ltr' id='par_1_1' title="bbox 790 227 1843 290">
     <span class='ocr_line' id='line_1_1' title="bbox 790 227 1843 290; baseline -0.004 -21"><span class='ocrx_word' id='word_1_1' title='bbox 790 227 1069 269; x_wconf 89' lang='lat' dir='ltr'>LIBER</span> <span class='ocrx_word' id='word_1_2' title='bbox 1133 230 1495 270; x_wconf 87' lang='lat' dir='ltr'><strong>PRIMUS.</strong></span> <span class='ocrx_word' id='word_1_3' title='bbox 1795 246 1843 290; x_wconf 74' lang='lat'>35</span> 
     </span>
    </p>
   </div>
   <div class='ocr_carea' id='block_1_2' title="bbox 434 328 1848 2564">
    <p class='ocr_par' dir='ltr' id='par_1_2' title="bbox 441 328 1846 642">
     <span class='ocr_line' id='line_1_2' title="bbox 446 328 1844 383; baseline -0.003 -12"><span class='ocrx_word' id='word_1_4' title='bbox 446 331 487 372; x_wconf 89' lang='lat' dir='ltr'>in</span> <span class='ocrx_word' id='word_1_5' title='bbox 507 328 750 383; x_wconf 83' lang='lat' dir='ltr'>disciplinam</span> <span class='ocrx_word' id='word_1_6' title='bbox 767 328 1018 374; x_wconf 81' lang='lat' dir='ltr'>traderentur,</span> <span class='ocrx_word' id='word_1_7' title='bbox 1053 342 1101 367; x_wconf 89' lang='lat' dir='ltr'>ne</span> <span class='ocrx_word' id='word_1_8' title='bbox 1126 343 1183 368; x_wconf 88' lang='lat' dir='ltr'>ars</span> <span class='ocrx_word' id='word_1_9' title='bbox 1205 338 1307 368; x_wconf 89' lang='lat' dir='ltr'>tanta</span> <span class='ocrx_word' id='word_1_10' title='bbox 1326 338 1481 383; x_wconf 90' lang='lat' dir='ltr'>propter</span> <span class='ocrx_word' id='word_1_11' title='bbox 1512 328 1739 367; x_wconf 84' lang='lat' dir='ltr'>tenuitatem</span> <span class='ocrx_word' id='word_1_12' title='bbox 1770 328 1844 367; x_wconf 89' lang='lat' dir='ltr'>ho-</span> 
     </span>
     <span class='ocr_line' id='line_1_3' title="bbox 444 395 1846 448; baseline -0.001 -12"><span class='ocrx_word' id='word_1_13' title='bbox 444 396 603 436; x_wconf 88' lang='lat' dir='ltr'>minum</span> <span class='ocrx_word' id='word_1_14' title='bbox 628 410 649 434; x_wconf 86' lang='lat' dir='ltr'>a</span> <span class='ocrx_word' id='word_1_15' title='bbox 681 395 876 448; x_wconf 85' lang='lat' dir='ltr'>religionis</span> <span class='ocrx_word' id='word_1_16' title='bbox 897 395 1117 434; x_wconf 65' lang='lat' dir='ltr'>auctoritate</span> <span class='ocrx_word' id='word_1_17' title='bbox 1148 395 1401 434; x_wconf 90' lang='lat' dir='ltr'>abduceretur</span> <span class='ocrx_word' id='word_1_18' title='bbox 1430 396 1475 434; x_wconf 89' lang='lat' dir='ltr'>ad</span> <span class='ocrx_word' id='word_1_19' title='bbox 1495 395 1712 434; x_wconf 83' lang='lat' dir='ltr'><strong>mercedem</strong></span> <span class='ocrx_word' id='word_1_20' title='bbox 1732 404 1846 448; x_wconf 87' lang='lat' dir='ltr'>atque</span> 
     </span>
     <span class='ocr_line' id='line_1_4' title="bbox 444 459 1844 517; baseline -0.001 -15"><span class='ocrx_word' id='word_1_21' title='bbox 444 463 647 517; x_wconf 88' lang='lat' dir='ltr'>quaestum.</span> <span class='ocrx_word' id='word_1_22' title='bbox 679 459 849 512; x_wconf 83' lang='lat' dir='ltr'><strong>Phryges</strong></span> <span class='ocrx_word' id='word_1_23' title='bbox 869 469 1014 504; x_wconf 88' lang='lat' dir='ltr'>autem,</span> <span class='ocrx_word' id='word_1_24' title='bbox 1048 469 1086 498; x_wconf 92' lang='lat' dir='ltr'>et</span> <span class='ocrx_word' id='word_1_25' title='bbox 1107 460 1252 504; x_wconf 83' lang='lat' dir='ltr'>Pifidae,</span> <span class='ocrx_word' id='word_1_26' title='bbox 1274 470 1311 498; x_wconf 91' lang='lat' dir='ltr'>et</span> <span class='ocrx_word' id='word_1_27' title='bbox 1333 462 1490 507; x_wconf 81' lang='lat' dir='ltr'>Cilices,</span> <span class='ocrx_word' id='word_1_28' title='bbox 1516 471 1554 500; x_wconf 91' lang='lat' dir='ltr'>et</span> <span class='ocrx_word' id='word_1_29' title='bbox 1580 462 1755 500; x_wconf 88' lang='lat' dir='ltr'>Arabum</span> <span class='ocrx_word' id='word_1_30' title='bbox 1775 475 1844 500; x_wconf 87' lang='lat' dir='ltr'>na-</span> 
     </span>
     <span class='ocr_line' id='line_1_5' title="bbox 445 523 1846 579; baseline 0 -13"><span class='ocrx_word' id='word_1_31' title='bbox 445 529 515 574; x_wconf 89' lang='lat' dir='ltr'>tio,</span> <span class='ocrx_word' id='word_1_32' title='bbox 535 527 666 565; x_wconf 87' lang='lat' dir='ltr'>avium</span> <span class='ocrx_word' id='word_1_33' title='bbox 685 523 1026 577; x_wconf 68' lang='lat' dir='ltr'>significationibus</span> <span class='ocrx_word' id='word_1_34' title='bbox 1047 523 1263 575; x_wconf 89' lang='lat' dir='ltr'>plurimum</span> <span class='ocrx_word' id='word_1_35' title='bbox 1284 525 1550 577; x_wconf 88' lang='lat' dir='ltr'>obtemperant</span> <span class='ocrx_word' id='word_1_36' title='bbox 1568 541 1577 564; x_wconf 77' lang='lat' dir='ltr'><strong><em>z</em></strong></span> <span class='ocrx_word' id='word_1_37' title='bbox 1614 527 1720 579; x_wconf 92' lang='lat' dir='ltr'>quod</span> <span class='ocrx_word' id='word_1_38' title='bbox 1740 526 1846 566; x_wconf 88' lang='lat' dir='ltr'>idem</span> 
     </span>
     <span class='ocr_line' id='line_1_6' title="bbox 441 588 1160 642; baseline -0.007 -11"><span class='ocrx_word' id='word_1_39' title='bbox 441 591 664 631; x_wconf 71' lang='lat' dir='ltr'>faffitatum</span> <span class='ocrx_word' id='word_1_40' title='bbox 683 590 724 628; x_wconf 91' lang='lat' dir='ltr'>in</span> <span class='ocrx_word' id='word_1_41' title='bbox 743 588 909 627; x_wconf 91' lang='lat' dir='ltr'>Umbria</span> <span class='ocrx_word' id='word_1_42' title='bbox 928 589 1160 642; x_wconf 85' lang='lat' dir='ltr'>accepimus.</span> 
     </span>
    </p>

    <p class='ocr_par' dir='ltr' id='par_1_3' title="bbox 434 654 1848 1636">
     <span class='ocr_line' id='line_1_7' title="bbox 499 654 1847 710; baseline 0.001 -14"><span class='ocrx_word' id='word_1_43' title='bbox 499 658 632 696; x_wconf 92' lang='lat' dir='ltr'><strong>XLII.</strong></span> <span class='ocrx_word' id='word_1_44' title='bbox 664 658 725 695; x_wconf 94' lang='lat' dir='ltr'>Ac</span> <span class='ocrx_word' id='word_1_45' title='bbox 745 654 846 694; x_wconf 83' lang='lat' dir='ltr'>mihi</span> <span class='ocrx_word' id='word_1_46' title='bbox 865 655 1027 707; x_wconf 90' lang='lat' dir='ltr'>quidem</span> <span class='ocrx_word' id='word_1_47' title='bbox 1047 654 1227 693; x_wconf 85' lang='lat' dir='ltr'>videntur</span> <span class='ocrx_word' id='word_1_48' title='bbox 1255 668 1275 692; x_wconf 90' lang='lat' dir='ltr'>e</span> <span class='ocrx_word' id='word_1_49' title='bbox 1306 654 1401 693; x_wconf 82' lang='lat' dir='ltr'>locis</span> <span class='ocrx_word' id='word_1_50' title='bbox 1422 668 1579 708; x_wconf 89' lang='lat' dir='ltr'>quoque</span> <span class='ocrx_word' id='word_1_51' title='bbox 1608 656 1710 708; x_wconf 87' lang='lat' dir='ltr'>ipfis,</span> <span class='ocrx_word' id='word_1_52' title='bbox 1741 659 1808 710; x_wconf 92' lang='lat' dir='ltr'>qui</span> <span class='ocrx_word' id='word_1_53' title='bbox 1827 672 1847 697; x_wconf 89' lang='lat' dir='ltr'>a</span> 
     </span>
     <span class='ocr_line' id='line_1_8' title="bbox 443 721 1844 777; baseline 0 -15"><span class='ocrx_word' id='word_1_54' title='bbox 443 723 664 777; x_wconf 87' lang='lat' dir='ltr'><strong>quibusque</strong></span> <span class='ocrx_word' id='word_1_55' title='bbox 682 722 963 767; x_wconf 86' lang='lat' dir='ltr'>incolebantur,</span> <span class='ocrx_word' id='word_1_56' title='bbox 990 721 1274 760; x_wconf 88' lang='lat' dir='ltr'>divinationum</span> <span class='ocrx_word' id='word_1_57' title='bbox 1295 721 1600 773; x_wconf 84' lang='lat' dir='ltr'>opportunitates</span> <span class='ocrx_word' id='word_1_58' title='bbox 1620 721 1691 760; x_wconf 80' lang='lat' dir='ltr'>effe</span> <span class='ocrx_word' id='word_1_59' title='bbox 1710 722 1844 762; x_wconf 66' lang='lat' dir='ltr'>ductae.</span> 
     </span>
     <span class='ocr_line' id='line_1_9' title="bbox 443 787 1845 842; baseline -0.001 -13"><span class='ocrx_word' id='word_1_60' title='bbox 443 790 605 829; x_wconf 87' lang='lat' dir='ltr'>Etenim</span> <span class='ocrx_word' id='word_1_61' title='bbox 624 788 817 842; x_wconf 88' lang='lat' dir='ltr'>AEgyptii‚</span> <span class='ocrx_word' id='word_1_62' title='bbox 848 797 892 826; x_wconf 90' lang='lat' dir='ltr'>ut</span> <span class='ocrx_word' id='word_1_63' title='bbox 911 787 1130 840; x_wconf 90' lang='lat' dir='ltr'>Babylonii,</span> <span class='ocrx_word' id='word_1_64' title='bbox 1165 788 1206 826; x_wconf 89' lang='lat' dir='ltr'>in</span> <span class='ocrx_word' id='word_1_65' title='bbox 1227 800 1456 840; x_wconf 90' lang='lat' dir='ltr'>camporum</span> <span class='ocrx_word' id='word_1_66' title='bbox 1475 787 1694 840; x_wconf 88' lang='lat' dir='ltr'>patentium</span> <span class='ocrx_word' id='word_1_67' title='bbox 1715 802 1845 841; x_wconf 90' lang='lat' dir='ltr'>aequo-</span> 
     </span>
     <span class='ocr_line' id='line_1_10' title="bbox 443 852 1845 908; baseline 0 -14"><span class='ocrx_word' id='word_1_68' title='bbox 443 856 550 895; x_wconf 84' lang='lat' dir='ltr'>ribus</span> <span class='ocrx_word' id='word_1_69' title='bbox 570 853 801 899; x_wconf 80' lang='lat' dir='ltr'>habitantes,</span> <span class='ocrx_word' id='word_1_70' title='bbox 829 867 922 893; x_wconf 90' lang='lat' dir='ltr'>cum</span> <span class='ocrx_word' id='word_1_71' title='bbox 940 867 990 893; x_wconf 89' lang='lat' dir='ltr'>ex</span> <span class='ocrx_word' id='word_1_72' title='bbox 1010 863 1107 893; x_wconf 90' lang='lat' dir='ltr'>terra</span> <span class='ocrx_word' id='word_1_73' title='bbox 1127 852 1226 893; x_wconf 84' lang='lat' dir='ltr'>nihil</span> <span class='ocrx_word' id='word_1_74' title='bbox 1247 853 1447 899; x_wconf 86' lang='lat' dir='ltr'>emineret,</span> <span class='ocrx_word' id='word_1_75' title='bbox 1477 853 1583 906; x_wconf 90' lang='lat' dir='ltr'>quod</span> <span class='ocrx_word' id='word_1_76' title='bbox 1603 855 1845 908; x_wconf 90' lang='lat' dir='ltr'>contempla-</span> 
     </span>
     <span class='ocr_line' id='line_1_11' title="bbox 441 919 1847 974; baseline -0.001 -13"><span class='ocrx_word' id='word_1_77' title='bbox 441 922 543 961; x_wconf 85' lang='lat' dir='ltr'>tioni</span> <span class='ocrx_word' id='word_1_78' title='bbox 565 921 650 960; x_wconf 88' lang='lat' dir='ltr'>caeli</span> <span class='ocrx_word' id='word_1_79' title='bbox 679 921 832 961; x_wconf 83' lang='lat' dir='ltr'>officere</span> <span class='ocrx_word' id='word_1_80' title='bbox 863 920 996 974; x_wconf 82' lang='lat' dir='ltr'>poffet,</span> <span class='ocrx_word' id='word_1_81' title='bbox 1028 934 1189 960; x_wconf 86' lang='lat' dir='ltr'>omnem</span> <span class='ocrx_word' id='word_1_82' title='bbox 1215 934 1348 959; x_wconf 90' lang='lat' dir='ltr'>curam</span> <span class='ocrx_word' id='word_1_83' title='bbox 1378 920 1418 958; x_wconf 88' lang='lat' dir='ltr'>in</span> <span class='ocrx_word' id='word_1_84' title='bbox 1439 919 1604 959; x_wconf 86' lang='lat' dir='ltr'>fiderum</span> <span class='ocrx_word' id='word_1_85' title='bbox 1624 921 1847 974; x_wconf 86' lang='lat' dir='ltr'>cognitione</span> 
     </span>
     <span class='ocr_line' id='line_1_12' title="bbox 442 986 1848 1041; baseline -0.001 -15"><span class='ocrx_word' id='word_1_86' title='bbox 442 988 663 1041; x_wconf 86' lang='lat' dir='ltr'>posuerunt.</span> <span class='ocrx_word' id='word_1_87' title='bbox 714 987 867 1026; x_wconf 89' lang='lat' dir='ltr'>Etrusci</span> <span class='ocrx_word' id='word_1_88' title='bbox 887 996 1031 1032; x_wconf 91' lang='lat' dir='ltr'>autem,</span> <span class='ocrx_word' id='word_1_89' title='bbox 1064 986 1170 1039; x_wconf 91' lang='lat' dir='ltr'>quod</span> <span class='ocrx_word' id='word_1_90' title='bbox 1200 986 1385 1039; x_wconf 86' lang='lat' dir='ltr'>religione</span> <span class='ocrx_word' id='word_1_91' title='bbox 1414 986 1559 1024; x_wconf 90' lang='lat' dir='ltr'>imbuti</span> <span class='ocrx_word' id='word_1_92' title='bbox 1579 986 1779 1026; x_wconf 74' lang='lat' dir='ltr'>studiosius</span> <span class='ocrx_word' id='word_1_93' title='bbox 1809 996 1848 1029; x_wconf 87' lang='lat' dir='ltr'>et</span> 
     </span>
     <span class='ocr_line' id='line_1_13' title="bbox 441 1052 1845 1105; baseline -0.001 -12"><span class='ocrx_word' id='word_1_94' title='bbox 441 1055 613 1093; x_wconf 90' lang='lat' dir='ltr'>crebrius</span> <span class='ocrx_word' id='word_1_95' title='bbox 634 1053 772 1092; x_wconf 84' lang='lat' dir='ltr'>hostias</span> <span class='ocrx_word' id='word_1_96' title='bbox 793 1053 1063 1098; x_wconf 88' lang='lat' dir='ltr'>immolabant,</span> <span class='ocrx_word' id='word_1_97' title='bbox 1094 1062 1274 1092; x_wconf 87' lang='lat' dir='ltr'>extorum</span> <span class='ocrx_word' id='word_1_98' title='bbox 1297 1052 1513 1105; x_wconf 89' lang='lat' dir='ltr'>cognitioni</span> <span class='ocrx_word' id='word_1_99' title='bbox 1533 1052 1569 1090; x_wconf 90' lang='lat' dir='ltr'>se</span> <span class='ocrx_word' id='word_1_100' title='bbox 1589 1052 1759 1092; x_wconf 83' lang='lat' dir='ltr'>maxime</span> <span class='ocrx_word' id='word_1_101' title='bbox 1777 1053 1845 1092; x_wconf 90' lang='lat' dir='ltr'>de-</span> 
     </span>
     <span class='ocr_line' id='line_1_14' title="bbox 440 1118 1846 1172; baseline -0.001 -14"><span class='ocrx_word' id='word_1_102' title='bbox 440 1121 624 1159; x_wconf 88' lang='lat' dir='ltr'>diderunt</span> <span class='ocrx_word' id='word_1_103' title='bbox 641 1134 650 1158; x_wconf 91' lang='lat'>:</span> <span class='ocrx_word' id='word_1_104' title='bbox 681 1118 864 1171; x_wconf 88' lang='lat' dir='ltr'>quodque</span> <span class='ocrx_word' id='word_1_105' title='bbox 884 1129 1040 1172; x_wconf 89' lang='lat' dir='ltr'>propter</span> <span class='ocrx_word' id='word_1_106' title='bbox 1059 1120 1153 1158; x_wconf 87' lang='lat' dir='ltr'>aeris</span> <span class='ocrx_word' id='word_1_107' title='bbox 1173 1118 1457 1158; x_wconf 86' lang='lat' dir='ltr'>craffitudinem</span> <span class='ocrx_word' id='word_1_108' title='bbox 1479 1118 1527 1156; x_wconf 92' lang='lat' dir='ltr'>de</span> <span class='ocrx_word' id='word_1_109' title='bbox 1545 1119 1640 1158; x_wconf 88' lang='lat' dir='ltr'>caelo</span> <span class='ocrx_word' id='word_1_110' title='bbox 1659 1119 1761 1172; x_wconf 87' lang='lat' dir='ltr'>apud</span> <span class='ocrx_word' id='word_1_111' title='bbox 1783 1133 1846 1158; x_wconf 85' lang='lat' dir='ltr'>eos</span> 
     </span>
     <span class='ocr_line' id='line_1_15' title="bbox 439 1184 1846 1238; baseline -0.001 -13"><span class='ocrx_word' id='word_1_112' title='bbox 439 1187 568 1226; x_wconf 83' lang='lat' dir='ltr'>multa</span> <span class='ocrx_word' id='word_1_113' title='bbox 586 1185 743 1230; x_wconf 91' lang='lat' dir='ltr'>fiebant,</span> <span class='ocrx_word' id='word_1_114' title='bbox 774 1194 812 1223; x_wconf 92' lang='lat' dir='ltr'>et</span> <span class='ocrx_word' id='word_1_115' title='bbox 843 1185 949 1237; x_wconf 90' lang='lat' dir='ltr'>quod</span> <span class='ocrx_word' id='word_1_116' title='bbox 968 1185 1019 1223; x_wconf 94' lang='lat' dir='ltr'>ob</span> <span class='ocrx_word' id='word_1_117' title='bbox 1040 1185 1200 1223; x_wconf 89' lang='lat' dir='ltr'>eandem</span> <span class='ocrx_word' id='word_1_118' title='bbox 1219 1184 1371 1223; x_wconf 89' lang='lat' dir='ltr'>causam</span> <span class='ocrx_word' id='word_1_119' title='bbox 1390 1185 1516 1223; x_wconf 89' lang='lat' dir='ltr'>multa</span> <span class='ocrx_word' id='word_1_120' title='bbox 1534 1184 1724 1231; x_wconf 80' lang='lat' dir='ltr'>inusitata,</span> <span class='ocrx_word' id='word_1_121' title='bbox 1758 1199 1846 1238; x_wconf 87' lang='lat' dir='ltr'>par-</span> 
     </span>
     <span class='ocr_line' id='line_1_16' title="bbox 436 1249 1847 1302; baseline 0 -11"><span class='ocrx_word' id='word_1_122' title='bbox 436 1252 517 1292; x_wconf 79' lang='lat' dir='ltr'>tim</span> <span class='ocrx_word' id='word_1_123' title='bbox 535 1265 558 1290; x_wconf 90' lang='lat' dir='ltr'>e</span> <span class='ocrx_word' id='word_1_124' title='bbox 576 1252 685 1297; x_wconf 84' lang='lat' dir='ltr'>caelo,</span> <span class='ocrx_word' id='word_1_125' title='bbox 706 1251 780 1289; x_wconf 76' lang='lat' dir='ltr'>alia</span> <span class='ocrx_word' id='word_1_126' title='bbox 798 1264 846 1289; x_wconf 86' lang='lat' dir='ltr'>ex</span> <span class='ocrx_word' id='word_1_127' title='bbox 867 1259 964 1289; x_wconf 86' lang='lat' dir='ltr'>terra</span> <span class='ocrx_word' id='word_1_128' title='bbox 981 1250 1220 1296; x_wconf 88' lang='lat' dir='ltr'>oriebantur,</span> <span class='ocrx_word' id='word_1_129' title='bbox 1237 1249 1414 1302; x_wconf 86' lang='lat' dir='ltr'>quaedam</span> <span class='ocrx_word' id='word_1_130' title='bbox 1432 1250 1550 1288; x_wconf 90' lang='lat' dir='ltr'>etiam</span> <span class='ocrx_word' id='word_1_131' title='bbox 1569 1263 1617 1290; x_wconf 88' lang='lat' dir='ltr'>ex</span> <span class='ocrx_word' id='word_1_132' title='bbox 1636 1250 1847 1291; x_wconf 83' lang='lat' dir='ltr'>hominum</span> 
     </span>
     <span class='ocr_line' id='line_1_17' title="bbox 439 1316 1846 1373; baseline -0.001 -15"><span class='ocrx_word' id='word_1_133' title='bbox 439 1320 686 1373; x_wconf 89' lang='lat' dir='ltr'>pecudumve</span> <span class='ocrx_word' id='word_1_134' title='bbox 706 1326 899 1371; x_wconf 90' lang='lat' dir='ltr'>conceptu</span> <span class='ocrx_word' id='word_1_135' title='bbox 919 1326 958 1356; x_wconf 91' lang='lat' dir='ltr'>et</span> <span class='ocrx_word' id='word_1_136' title='bbox 976 1317 1072 1363; x_wconf 87' lang='lat' dir='ltr'>satu,</span> <span class='ocrx_word' id='word_1_137' title='bbox 1085 1317 1324 1356; x_wconf 89' lang='lat' dir='ltr'>ostentorum</span> <span class='ocrx_word' id='word_1_138' title='bbox 1343 1316 1642 1356; x_wconf 85' lang='lat' dir='ltr'>exercitatiffimi</span> <span class='ocrx_word' id='word_1_139' title='bbox 1656 1317 1846 1371; x_wconf 89' lang='lat' dir='ltr'>interpre-</span> 
     </span>
     <span class='ocr_line' id='line_1_18' title="bbox 434 1382 1847 1436; baseline -0.001 -12"><span class='ocrx_word' id='word_1_140' title='bbox 434 1394 499 1424; x_wconf 75' lang='lat' dir='ltr'>tes</span> <span class='ocrx_word' id='word_1_141' title='bbox 519 1384 744 1424; x_wconf 86' lang='lat' dir='ltr'>extiterunt.</span> <span class='ocrx_word' id='word_1_142' title='bbox 787 1385 971 1436; x_wconf 84' lang='lat' dir='ltr'>Qorum</span> <span class='ocrx_word' id='word_1_143' title='bbox 991 1383 1152 1436; x_wconf 89' lang='lat' dir='ltr'>quidem</span> <span class='ocrx_word' id='word_1_144' title='bbox 1172 1383 1268 1428; x_wconf 91' lang='lat' dir='ltr'>vim,</span> <span class='ocrx_word' id='word_1_145' title='bbox 1300 1391 1345 1422; x_wconf 88' lang='lat' dir='ltr'>ut</span> <span class='ocrx_word' id='word_1_146' title='bbox 1375 1392 1420 1422; x_wconf 89' lang='lat' dir='ltr'>tu</span> <span class='ocrx_word' id='word_1_147' title='bbox 1439 1382 1532 1423; x_wconf 88' lang='lat' dir='ltr'>soles</span> <span class='ocrx_word' id='word_1_148' title='bbox 1563 1382 1702 1429; x_wconf 91' lang='lat' dir='ltr'>dicere,</span> <span class='ocrx_word' id='word_1_149' title='bbox 1735 1384 1847 1422; x_wconf 87' lang='lat' dir='ltr'>verba</span> 
     </span>
     <span class='ocr_line' id='line_1_19' title="bbox 440 1448 1846 1505; baseline 0.001 -16"><span class='ocrx_word' id='word_1_150' title='bbox 440 1451 522 1504; x_wconf 89' lang='lat' dir='ltr'>ipsa</span> <span class='ocrx_word' id='word_1_151' title='bbox 551 1452 759 1505; x_wconf 91' lang='lat' dir='ltr'>prudenter</span> <span class='ocrx_word' id='word_1_152' title='bbox 786 1464 809 1489; x_wconf 91' lang='lat' dir='ltr'>a</span> <span class='ocrx_word' id='word_1_153' title='bbox 828 1451 1041 1504; x_wconf 88' lang='lat' dir='ltr'>majoribus</span> <span class='ocrx_word' id='word_1_154' title='bbox 1061 1450 1180 1504; x_wconf 78' lang='lat' dir='ltr'>posita</span> <span class='ocrx_word' id='word_1_155' title='bbox 1209 1448 1400 1488; x_wconf 88' lang='lat' dir='ltr'>declarant</span> <span class='ocrx_word' id='word_1_156' title='bbox 1419 1468 1432 1495; x_wconf 80' lang='lat'>3</span> <span class='ocrx_word' id='word_1_157' title='bbox 1463 1449 1556 1503; x_wconf 90' lang='lat' dir='ltr'>quia</span> <span class='ocrx_word' id='word_1_158' title='bbox 1583 1449 1690 1488; x_wconf 90' lang='lat' dir='ltr'>enim</span> <span class='ocrx_word' id='word_1_159' title='bbox 1720 1449 1846 1490; x_wconf 90' lang='lat' dir='ltr'>osten-</span> 
     </span>
     <span class='ocr_line' id='line_1_20' title="bbox 439 1516 1845 1571; baseline 0.001 -15"><span class='ocrx_word' id='word_1_160' title='bbox 439 1517 555 1563; x_wconf 89' lang='lat' dir='ltr'>dunt,</span> <span class='ocrx_word' id='word_1_161' title='bbox 571 1518 821 1571; x_wconf 86' lang='lat' dir='ltr'>portendunt,</span> <span class='ocrx_word' id='word_1_162' title='bbox 839 1518 1065 1564; x_wconf 89' lang='lat' dir='ltr'>monstrant,</span> <span class='ocrx_word' id='word_1_163' title='bbox 1086 1517 1314 1571; x_wconf 86' lang='lat' dir='ltr'>praedicunt‚</span> <span class='ocrx_word' id='word_1_164' title='bbox 1327 1516 1487 1562; x_wconf 89' lang='lat' dir='ltr'>ostenta,</span> <span class='ocrx_word' id='word_1_165' title='bbox 1507 1524 1698 1569; x_wconf 89' lang='lat' dir='ltr'>portenta,</span> <span class='ocrx_word' id='word_1_166' title='bbox 1714 1516 1845 1557; x_wconf 85' lang='lat' dir='ltr'>mons-</span> 
     </span>
     <span class='ocr_line' id='line_1_21' title="bbox 436 1583 926 1636; baseline -0.002 -14"><span class='ocrx_word' id='word_1_167' title='bbox 436 1592 513 1628; x_wconf 81' lang='lat' dir='ltr'>·tra,</span> <span class='ocrx_word' id='word_1_168' title='bbox 535 1583 710 1636; x_wconf 88' lang='lat' dir='ltr'>prodigia</span> <span class='ocrx_word' id='word_1_169' title='bbox 728 1583 926 1621; x_wconf 87' lang='lat' dir='ltr'>dicuntur.</span> 
     </span>
    </p>

    <p class='ocr_par' dir='ltr' id='par_1_4' title="bbox 440 1646 1847 2163">
     <span class='ocr_line' id='line_1_22' title="bbox 497 1646 1847 1701; baseline 0 -15"><span class='ocrx_word' id='word_1_170' title='bbox 497 1649 644 1686; x_wconf 88' lang='lat' dir='ltr'>Arabes</span> <span class='ocrx_word' id='word_1_171' title='bbox 675 1656 817 1692; x_wconf 90' lang='lat' dir='ltr'>autem,</span> <span class='ocrx_word' id='word_1_172' title='bbox 849 1657 887 1685; x_wconf 92' lang='lat' dir='ltr'>et</span> <span class='ocrx_word' id='word_1_173' title='bbox 918 1647 1103 1701; x_wconf 84' lang='lat' dir='ltr'>Phryges,</span> <span class='ocrx_word' id='word_1_174' title='bbox 1135 1657 1174 1686; x_wconf 91' lang='lat' dir='ltr'>et</span> <span class='ocrx_word' id='word_1_175' title='bbox 1205 1647 1363 1691; x_wconf 85' lang='lat' dir='ltr'>Cilices,</span> <span class='ocrx_word' id='word_1_176' title='bbox 1392 1647 1497 1698; x_wconf 91' lang='lat' dir='ltr'>quod</span> <span class='ocrx_word' id='word_1_177' title='bbox 1516 1646 1623 1698; x_wconf 88' lang='lat' dir='ltr'>pastu</span> <span class='ocrx_word' id='word_1_178' title='bbox 1651 1647 1847 1699; x_wconf 89' lang='lat' dir='ltr'>pecudum</span> 
     </span>
     <span class='ocr_line' id='line_1_23' title="bbox 443 1711 1844 1765; baseline -0.001 -13"><span class='ocrx_word' id='word_1_179' title='bbox 443 1713 615 1752; x_wconf 86' lang='lat' dir='ltr'>maxime</span> <span class='ocrx_word' id='word_1_180' title='bbox 635 1721 812 1757; x_wconf 90' lang='lat' dir='ltr'>utuntur,</span> <span class='ocrx_word' id='word_1_181' title='bbox 830 1725 986 1764; x_wconf 88' lang='lat' dir='ltr'>campos</span> <span class='ocrx_word' id='word_1_182' title='bbox 1007 1723 1046 1750; x_wconf 93' lang='lat' dir='ltr'>et</span> <span class='ocrx_word' id='word_1_183' title='bbox 1065 1722 1215 1751; x_wconf 89' lang='lat' dir='ltr'>montes</span> <span class='ocrx_word' id='word_1_184' title='bbox 1235 1711 1376 1762; x_wconf 87' lang='lat' dir='ltr'>hyeme</span> <span class='ocrx_word' id='word_1_185' title='bbox 1394 1721 1434 1750; x_wconf 92' lang='lat' dir='ltr'>et</span> <span class='ocrx_word' id='word_1_186' title='bbox 1450 1711 1571 1750; x_wconf 86' lang='lat' dir='ltr'>aestate</span> <span class='ocrx_word' id='word_1_187' title='bbox 1590 1721 1844 1765; x_wconf 88' lang='lat' dir='ltr'>peragrantes,</span> 
     </span>
     <span class='ocr_line' id='line_1_24' title="bbox 442 1776 1846 1832; baseline 0 -15"><span class='ocrx_word' id='word_1_188' title='bbox 442 1786 642 1832; x_wconf 89' lang='lat' dir='ltr'>propterea</span> <span class='ocrx_word' id='word_1_189' title='bbox 659 1776 813 1816; x_wconf 88' lang='lat' dir='ltr'>facilius</span> <span class='ocrx_word' id='word_1_190' title='bbox 833 1785 966 1816; x_wconf 85' lang='lat' dir='ltr'>cantus</span> <span class='ocrx_word' id='word_1_191' title='bbox 984 1777 1116 1815; x_wconf 88' lang='lat' dir='ltr'>avium</span> <span class='ocrx_word' id='word_1_192' title='bbox 1135 1785 1173 1815; x_wconf 91' lang='lat' dir='ltr'>et</span> <span class='ocrx_word' id='word_1_193' title='bbox 1192 1776 1340 1815; x_wconf 90' lang='lat' dir='ltr'>volatus</span> <span class='ocrx_word' id='word_1_194' title='bbox 1359 1785 1587 1815; x_wconf 86' lang='lat' dir='ltr'>notaverunt</span> <span class='ocrx_word' id='word_1_195' title='bbox 1604 1791 1613 1815; x_wconf 79' lang='lat' dir='ltr'><strong><em>z</em></strong></span> <span class='ocrx_word' id='word_1_196' title='bbox 1636 1777 1846 1831; x_wconf 90' lang='lat' dir='ltr'>eademque</span> 
     </span>
     <span class='ocr_line' id='line_1_25' title="bbox 442 1841 1844 1890; baseline -0.001 -6"><span class='ocrx_word' id='word_1_197' title='bbox 442 1853 482 1884; x_wconf 90' lang='lat' dir='ltr'>et</span> <span class='ocrx_word' id='word_1_198' title='bbox 502 1843 651 1884; x_wconf 82' lang='lat' dir='ltr'>Pifidiae</span> <span class='ocrx_word' id='word_1_199' title='bbox 671 1842 780 1882; x_wconf 82' lang='lat' dir='ltr'>cansa</span> <span class='ocrx_word' id='word_1_200' title='bbox 797 1841 888 1888; x_wconf 89' lang='lat' dir='ltr'>fuit,</span> <span class='ocrx_word' id='word_1_201' title='bbox 920 1852 958 1881; x_wconf 92' lang='lat' dir='ltr'>et</span> <span class='ocrx_word' id='word_1_202' title='bbox 977 1841 1071 1881; x_wconf 89' lang='lat' dir='ltr'>huic</span> <span class='ocrx_word' id='word_1_203' title='bbox 1091 1842 1225 1881; x_wconf 82' lang='lat' dir='ltr'>nostrae</span> <span class='ocrx_word' id='word_1_204' title='bbox 1243 1842 1433 1881; x_wconf 85' lang='lat' dir='ltr'>Umbriae.</span> <span class='ocrx_word' id='word_1_205' title='bbox 1493 1843 1603 1881; x_wconf 90' lang='lat' dir='ltr'>Tum</span> <span class='ocrx_word' id='word_1_206' title='bbox 1623 1844 1735 1882; x_wconf 88' lang='lat' dir='ltr'>Caria</span> <span class='ocrx_word' id='word_1_207' title='bbox 1752 1853 1844 1890; x_wconf 90' lang='lat' dir='ltr'>tota,</span> 
     </span>
     <span class='ocr_line' id='line_1_26' title="bbox 441 1908 1845 1965; baseline -0.001 -15"><span class='ocrx_word' id='word_1_208' title='bbox 441 1910 710 1965; x_wconf 83' lang='lat' dir='ltr'>praecipueque</span> <span class='ocrx_word' id='word_1_209' title='bbox 729 1909 954 1955; x_wconf 83' lang='lat' dir='ltr'>Telmeffes,</span> <span class='ocrx_word' id='word_1_210' title='bbox 989 1923 1086 1962; x_wconf 88' lang='lat' dir='ltr'>quos</span> <span class='ocrx_word' id='word_1_211' title='bbox 1121 1918 1208 1948; x_wconf 87' lang='lat' dir='ltr'>ante</span> <span class='ocrx_word' id='word_1_212' title='bbox 1239 1909 1336 1954; x_wconf 91' lang='lat' dir='ltr'>dixi,</span> <span class='ocrx_word' id='word_1_213' title='bbox 1371 1908 1477 1961; x_wconf 91' lang='lat' dir='ltr'>quod</span> <span class='ocrx_word' id='word_1_214' title='bbox 1502 1922 1610 1961; x_wconf 89' lang='lat' dir='ltr'>agros</span> <span class='ocrx_word' id='word_1_215' title='bbox 1631 1909 1845 1949; x_wconf 88' lang='lat' dir='ltr'>uberrimos</span> 
     </span>
     <span class='ocr_line' id='line_1_27' title="bbox 440 1974 1844 2030; baseline -0.001 -14"><span class='ocrx_word' id='word_1_216' title='bbox 440 1977 690 2030; x_wconf 87' lang='lat' dir='ltr'>maximeque</span> <span class='ocrx_word' id='word_1_217' title='bbox 709 1975 854 2015; x_wconf 90' lang='lat' dir='ltr'>fertiles</span> <span class='ocrx_word' id='word_1_218' title='bbox 885 1977 1077 2022; x_wconf 91' lang='lat' dir='ltr'>incolunt,</span> <span class='ocrx_word' id='word_1_219' title='bbox 1104 1976 1146 2014; x_wconf 90' lang='lat' dir='ltr'>in</span> <span class='ocrx_word' id='word_1_220' title='bbox 1169 1976 1312 2029; x_wconf 89' lang='lat' dir='ltr'>quibus</span> <span class='ocrx_word' id='word_1_221' title='bbox 1332 1975 1457 2014; x_wconf 88' lang='lat' dir='ltr'>multa</span> <span class='ocrx_word' id='word_1_222' title='bbox 1473 1984 1630 2028; x_wconf 90' lang='lat' dir='ltr'>propter</span> <span class='ocrx_word' id='word_1_223' title='bbox 1647 1974 1844 2015; x_wconf 89' lang='lat' dir='ltr'>foecundi-</span> 
     </span>
     <span class='ocr_line' id='line_1_28' title="bbox 441 2041 1845 2096; baseline 0 -14"><span class='ocrx_word' id='word_1_224' title='bbox 441 2052 564 2083; x_wconf 87' lang='lat' dir='ltr'>tatem</span> <span class='ocrx_word' id='word_1_225' title='bbox 594 2043 691 2096; x_wconf 87' lang='lat' dir='ltr'>fingi</span> <span class='ocrx_word' id='word_1_226' title='bbox 720 2043 908 2096; x_wconf 89' lang='lat' dir='ltr'>gignique</span> <span class='ocrx_word' id='word_1_227' title='bbox 937 2042 1104 2096; x_wconf 66' lang='lat' dir='ltr'>possunt,</span> <span class='ocrx_word' id='word_1_228' title='bbox 1136 2043 1177 2081; x_wconf 91' lang='lat' dir='ltr'>in</span> <span class='ocrx_word' id='word_1_229' title='bbox 1208 2042 1362 2082; x_wconf 90' lang='lat' dir='ltr'>ostentis</span> <span class='ocrx_word' id='word_1_230' title='bbox 1388 2041 1733 2081; x_wconf 83' lang='lat' dir='ltr'>animadvertendis</span> <span class='ocrx_word' id='word_1_231' title='bbox 1753 2042 1845 2082; x_wconf 89' lang='lat' dir='ltr'>dili-</span> 
     </span>
     <span class='ocr_line' id='line_1_29' title="bbox 440 2108 766 2163; baseline 0 -15"><span class='ocrx_word' id='word_1_232' title='bbox 440 2119 574 2163; x_wconf 91' lang='lat' dir='ltr'>gentes</span> <span class='ocrx_word' id='word_1_233' title='bbox 593 2108 766 2149; x_wconf 88' lang='lat' dir='ltr'>fuerunt.</span> 
     </span>
    </p>

    <p class='ocr_par' dir='ltr' id='par_1_5' title="bbox 439 2174 1845 2564">
     <span class='ocr_line' id='line_1_30' title="bbox 496 2174 1843 2230; baseline -0.001 -15"><span class='ocrx_word' id='word_1_234' title='bbox 496 2177 650 2215; x_wconf 91' lang='lat' dir='ltr'>XLIII.</span> <span class='ocrx_word' id='word_1_235' title='bbox 683 2177 784 2229; x_wconf 85' lang='lat' dir='ltr'>Qis</span> <span class='ocrx_word' id='word_1_236' title='bbox 803 2189 893 2215; x_wconf 92' lang='lat' dir='ltr'>vero</span> <span class='ocrx_word' id='word_1_237' title='bbox 912 2189 991 2215; x_wconf 91' lang='lat' dir='ltr'>non</span> <span class='ocrx_word' id='word_1_238' title='bbox 1010 2176 1128 2222; x_wconf 89' lang='lat' dir='ltr'>videt,</span> <span class='ocrx_word' id='word_1_239' title='bbox 1146 2176 1184 2214; x_wconf 91' lang='lat' dir='ltr'>in</span> <span class='ocrx_word' id='word_1_240' title='bbox 1206 2176 1354 2230; x_wconf 88' lang='lat' dir='ltr'>optima</span> <span class='ocrx_word' id='word_1_241' title='bbox 1369 2187 1521 2228; x_wconf 89' lang='lat' dir='ltr'>quaque</span> <span class='ocrx_word' id='word_1_242' title='bbox 1540 2174 1735 2228; x_wconf 90' lang='lat' dir='ltr'>republica</span> <span class='ocrx_word' id='word_1_243' title='bbox 1753 2176 1843 2229; x_wconf 89' lang='lat' dir='ltr'>plu—</span> 
     </span>
     <span class='ocr_line' id='line_1_31' title="bbox 439 2241 1845 2296; baseline 0 -15"><span class='ocrx_word' id='word_1_244' title='bbox 439 2243 591 2282; x_wconf 89' lang='lat' dir='ltr'>rimum</span> <span class='ocrx_word' id='word_1_245' title='bbox 622 2243 788 2296; x_wconf 89' lang='lat' dir='ltr'>auspicia</span> <span class='ocrx_word' id='word_1_246' title='bbox 818 2252 856 2281; x_wconf 92' lang='lat' dir='ltr'>et</span> <span class='ocrx_word' id='word_1_247' title='bbox 886 2243 1034 2296; x_wconf 89' lang='lat' dir='ltr'>reliqua</span> <span class='ocrx_word' id='word_1_248' title='bbox 1067 2243 1264 2281; x_wconf 89' lang='lat' dir='ltr'>divinandi</span> <span class='ocrx_word' id='word_1_249' title='bbox 1284 2256 1421 2296; x_wconf 87' lang='lat' dir='ltr'>genera</span> <span class='ocrx_word' id='word_1_250' title='bbox 1440 2241 1623 2280; x_wconf 83' lang='lat' dir='ltr'>valuiffe?</span> <span class='ocrx_word' id='word_1_251' title='bbox 1703 2242 1759 2280; x_wconf 91' lang='lat' dir='ltr'>uis</span> <span class='ocrx_word' id='word_1_252' title='bbox 1780 2256 1845 2282; x_wconf 88' lang='lat' dir='ltr'>rex</span> 
     </span>
     <span class='ocr_line' id='line_1_32' title="bbox 442 2308 1845 2363; baseline -0.001 -15"><span class='ocrx_word' id='word_1_253' title='bbox 442 2322 618 2363; x_wconf 88' lang='lat' dir='ltr'>unquam</span> <span class='ocrx_word' id='word_1_254' title='bbox 651 2308 742 2355; x_wconf 94' lang='lat' dir='ltr'>fuit,</span> <span class='ocrx_word' id='word_1_255' title='bbox 773 2309 860 2362; x_wconf 89' lang='lat' dir='ltr'>quis</span> <span class='ocrx_word' id='word_1_256' title='bbox 880 2309 1062 2363; x_wconf 90' lang='lat' dir='ltr'>populus,</span> <span class='ocrx_word' id='word_1_257' title='bbox 1091 2310 1159 2362; x_wconf 93' lang='lat' dir='ltr'>qui</span> <span class='ocrx_word' id='word_1_258' title='bbox 1194 2323 1272 2348; x_wconf 90' lang='lat' dir='ltr'>non</span> <span class='ocrx_word' id='word_1_259' title='bbox 1293 2318 1461 2348; x_wconf 91' lang='lat' dir='ltr'>uteretur</span> <span class='ocrx_word' id='word_1_260' title='bbox 1480 2308 1724 2362; x_wconf 67' lang='lat' dir='ltr'>praedictione</span> <span class='ocrx_word' id='word_1_261' title='bbox 1743 2308 1845 2347; x_wconf 89' lang='lat' dir='ltr'>divi-</span> 
     </span>
     <span class='ocr_line' id='line_1_33' title="bbox 442 2375 1845 2430; baseline 0 -17"><span class='ocrx_word' id='word_1_262' title='bbox 442 2377 522 2415; x_wconf 86' lang='lat' dir='ltr'>na?</span> <span class='ocrx_word' id='word_1_263' title='bbox 554 2390 681 2430; x_wconf 91' lang='lat' dir='ltr'>neque</span> <span class='ocrx_word' id='word_1_264' title='bbox 701 2376 827 2415; x_wconf 90' lang='lat' dir='ltr'>solum</span> <span class='ocrx_word' id='word_1_265' title='bbox 856 2377 897 2415; x_wconf 91' lang='lat' dir='ltr'>in</span> <span class='ocrx_word' id='word_1_266' title='bbox 916 2390 1023 2430; x_wconf 91' lang='lat' dir='ltr'>pace,</span> <span class='ocrx_word' id='word_1_267' title='bbox 1052 2376 1114 2415; x_wconf 92' lang='lat' dir='ltr'>sed</span> <span class='ocrx_word' id='word_1_268' title='bbox 1133 2377 1173 2415; x_wconf 92' lang='lat' dir='ltr'>in</span> <span class='ocrx_word' id='word_1_269' title='bbox 1195 2377 1297 2415; x_wconf 91' lang='lat' dir='ltr'>bello</span> <span class='ocrx_word' id='word_1_270' title='bbox 1317 2376 1445 2415; x_wconf 75' lang='lat' dir='ltr'>multo</span> <span class='ocrx_word' id='word_1_271' title='bbox 1477 2377 1594 2414; x_wconf 90' lang='lat' dir='ltr'>etiam</span> <span class='ocrx_word' id='word_1_272' title='bbox 1623 2375 1747 2429; x_wconf 89' lang='lat' dir='ltr'>magis</span> <span class='ocrx_word' id='word_1_273' title='bbox 1767 2375 1845 2428; x_wconf 72' lang='lat' dir='ltr'>quo</span> 
     </span>
     <span class='ocr_line' id='line_1_34' title="bbox 442 2440 1845 2493; baseline -0.001 -14"><span class='ocrx_word' id='word_1_274' title='bbox 442 2443 567 2493; x_wconf 88' lang='lat' dir='ltr'>majus</span> <span class='ocrx_word' id='word_1_275' title='bbox 601 2452 679 2481; x_wconf 90' lang='lat' dir='ltr'>erat</span> <span class='ocrx_word' id='word_1_276' title='bbox 709 2452 903 2482; x_wconf 87' lang='lat' dir='ltr'>certarnen</span> <span class='ocrx_word' id='word_1_277' title='bbox 922 2453 960 2481; x_wconf 90' lang='lat' dir='ltr'>et</span> <span class='ocrx_word' id='word_1_278' title='bbox 980 2443 1186 2482; x_wconf 89' lang='lat' dir='ltr'>discrimen</span> <span class='ocrx_word' id='word_1_279' title='bbox 1207 2443 1349 2482; x_wconf 85' lang='lat' dir='ltr'>salutis.</span> <span class='ocrx_word' id='word_1_280' title='bbox 1399 2442 1558 2481; x_wconf 90' lang='lat' dir='ltr'>Omitto</span> <span class='ocrx_word' id='word_1_281' title='bbox 1588 2441 1747 2486; x_wconf 86' lang='lat' dir='ltr'>nostros,</span> <span class='ocrx_word' id='word_1_282' title='bbox 1776 2440 1845 2493; x_wconf 91' lang='lat' dir='ltr'>qui</span> 
     </span>
     <span class='ocr_line' id='line_1_35' title="bbox 446 2505 1842 2564; baseline 0.001 -21"><span class='ocrx_word' id='word_1_283' title='bbox 446 2505 546 2544; x_wconf 89' lang='lat' dir='ltr'>nihil</span> <span class='ocrx_word' id='word_1_284' title='bbox 567 2509 607 2546; x_wconf 94' lang='lat' dir='ltr'>in</span> <span class='ocrx_word' id='word_1_285' title='bbox 626 2510 729 2548; x_wconf 93' lang='lat' dir='ltr'>bello</span> <span class='ocrx_word' id='word_1_286' title='bbox 749 2510 825 2549; x_wconf 89' lang='lat' dir='ltr'>fine</span> <span class='ocrx_word' id='word_1_287' title='bbox 845 2511 943 2549; x_wconf 88' lang='lat' dir='ltr'>extis</span> <span class='ocrx_word' id='word_1_288' title='bbox 963 2519 1096 2564; x_wconf 90' lang='lat' dir='ltr'>agunt,</span> <span class='ocrx_word' id='word_1_289' title='bbox 1130 2509 1230 2549; x_wconf 91' lang='lat' dir='ltr'>nihil</span> <span class='ocrx_word' id='word_1_290' title='bbox 1252 2510 1328 2548; x_wconf 78' lang='lat' dir='ltr'>sine</span> <span class='ocrx_word' id='word_1_291' title='bbox 1357 2509 1532 2562; x_wconf 87' lang='lat' dir='ltr'>auspiciis</span> <span class='ocrx_word' id='word_1_292' title='bbox 1550 2508 1657 2547; x_wconf 90' lang='lat' dir='ltr'>domi</span> <span class='ocrx_word' id='word_1_293' title='bbox 1686 2507 1842 2545; x_wconf 84' lang='lat' dir='ltr'>habent.</span> 
     </span>
    </p>
   </div>
   <div class='ocr_carea' id='block_1_3' title="bbox 448 2572 1845 2677">
    <p class='ocr_par' dir='ltr' id='par_1_6' title="bbox 448 2572 1845 2677">
     <span class='ocr_line' id='line_1_36' title="bbox 448 2572 1845 2626; baseline -0.002 -14"><span class='ocrx_word' id='word_1_294' title='bbox 448 2572 631 2626; x_wconf 82' lang='lat' dir='ltr'>Auspicia</span> <span class='ocrx_word' id='word_1_295' title='bbox 649 2583 802 2614; x_wconf 85' lang='lat' dir='ltr'>externa</span> <span class='ocrx_word' id='word_1_296' title='bbox 816 2577 1027 2618; x_wconf 86' lang='lat' dir='ltr'>videamus.</span> <span class='ocrx_word' id='word_1_297' title='bbox 1050 2578 1156 2617; x_wconf 84' lang='lat' dir='ltr'>Nam</span> <span class='ocrx_word' id='word_1_298' title='bbox 1177 2587 1215 2617; x_wconf 89' lang='lat' dir='ltr'>et</span> <span class='ocrx_word' id='word_1_299' title='bbox 1230 2575 1482 2616; x_wconf 87' lang='lat' dir='ltr'>Athenienses</span> <span class='ocrx_word' id='word_1_300' title='bbox 1500 2575 1682 2612; x_wconf 88' lang='lat' dir='ltr'>omnibus</span> <span class='ocrx_word' id='word_1_301' title='bbox 1699 2572 1845 2625; x_wconf 86' lang='lat' dir='ltr'>semper</span> 
     </span>
     <span class='ocr_line' id='line_1_37' title="bbox 1455 2641 1542 2677; baseline 0 0"><span class='ocrx_word' id='word_1_302' title='bbox 1455 2641 1488 2677; x_wconf 84' lang='lat' dir='ltr'><strong>E</strong></span> <span class='ocrx_word' id='word_1_303' title='bbox 1521 2653 1542 2677; x_wconf 91' lang='lat'><strong>2</strong></span> 
     </span>
    </p>
   </div>
  </div>
 </body>
</html>
