2223 3003
330 207 386 257 46
624 206 728 245 DE
786 203 1437 245 DIVINATIONE

332 304 581 344 contrarium.
623 303 732 342 Mihi
751 312 880 341 autem
909 303 956 340 ad
975 301 1064 347 hoc,
1095 303 1142 340 de
1168 315 1248 353 quo
1273 303 1439 354 disputo,
1469 303 1728 355 probandum,

333 371 417 409 satis
438 370 491 408 est
510 383 586 408 non
608 368 726 406 modo
744 368 866 420 plura,
898 366 960 404 sed
979 367 1094 405 etiam
1119 367 1310 419 pauci0ra,
1332 367 1459 406 divine
1486 368 1665 421 praesensa
1691 378 1730 407 et

332 436 509 489 praedicta
529 433 695 485 reperiri.

389 500 497 550 Qin
516 499 632 535 etiam
652 496 728 535 hoc
748 511 826 536 non
843 497 1022 536 dubitans
1042 497 1206 536 djxerim
1225 513 1234 536 :
1261 498 1287 536 s1
1304 512 1427 537 unum
1447 499 1595 552 aliquid
1613 499 1666 538 ita
1685 499 1730 537 fit

332 565 557 619 praediCtum
587 563 907 616 praesensumque,
938 573 995 608 ut,
1023 577 1114 602 cum
1144 564 1325 610 evenerit,
1356 565 1408 602 ita
1429 565 1538 603 cadat
1568 575 1611 603 ut
1631 579 1729 618 prae-

332 632 481 669 dictum
500 630 559 675 fit,
591 642 715 682 neque
745 629 786 667 in
815 643 861 667 eo
890 629 1106 682 quidquam
1123 629 1208 668 casu
1228 639 1266 668 et
1296 629 1459 669 fortuito
1482 629 1628 669 factum
1658 630 1730 669 effe

333 705 519 749 appareat,
550 693 620 734 effe
650 704 751 733 certe
781 695 1071 740 divinationem,
1102 695 1219 748 idque
1237 695 1307 734 effe
1335 696 1519 735 omnibus
1539 695 1731 735 confiten-

333 762 443 800 dum.
466 760 659 812 roirca
677 758 851 812 primum
871 759 971 798 mihi
989 760 1153 805 videtur,
1172 769 1215 799 ut
1230 761 1453 800 Pofidonius
1469 760 1575 806 facit,
1593 774 1613 799 a
1629 762 1730 814 Deo2

334 827 382 865 de
401 840 479 879 quo
500 826 585 863 satis
605 825 752 863 dicium
780 825 846 870 est,
877 825 1014 864 deinde
1033 839 1054 864 a
1073 824 1166 872 fato,
1196 826 1333 864 deinde
1353 840 1373 865 a
1391 836 1539 871 natura,
1560 827 1616 865 vis
1642 840 1732 866 om-

335 893 394 931 nis
416 890 626 935 divinandi,
649 891 820 943 ratioque
839 891 1053 944 repetenda.
1101 891 1202 929 Fieri
1222 892 1342 944 igitur
1360 893 1492 931 omnia
1509 892 1604 938 fato,
1636 893 1734 932 ratio

334 958 440 1010 cogit
459 956 582 994 fateri.
614 956 756 994 Fatum
776 965 904 994 autem
924 957 964 994 id
983 956 1148 1009 appello,
1177 957 1282 1009 quod
1310 959 1438 997 Graeci
1463 954 1662 1011 εἱμαρμένην,
1692 959 1734 997 id

334 1023 400 1067 est,
430 1022 604 1061 ordinem
625 1021 838 1074 seriemque
855 1021 1067 1067 causarum,
1097 1035 1189 1060 cum
1209 1021 1318 1060 causa
1337 1023 1454 1062 causae
1470 1037 1567 1062 nexa
1585 1037 1666 1063 rem
1686 1037 1734 1062 ex

336 1090 371 1128 se
389 1089 548 1141 gignat:
580 1101 622 1125 ea
647 1087 701 1125 est
719 1101 765 1126 ex
797 1088 907 1126 omni
935 1088 1143 1126 aeternitate
1170 1087 1292 1126 fluens
1322 1089 1458 1128 veritas
1490 1077 1734 1142 sempiterna.

337 1154 457 1206 Qod
475 1167 569 1192 curn
589 1153 643 1191 ita
673 1152 732 1198 fit,
763 1152 863 1191 nihil
883 1153 936 1191 est
963 1152 1125 1198 fastum,
1156 1154 1261 1206 quod
1281 1168 1359 1193 non
1378 1154 1557 1194 futurum
1588 1154 1705 1194 fuerit
1719 1173 1733 1199 ς

336 1220 550 1272 eodemque
584 1218 701 1257 modo
734 1217 834 1256 nihil
854 1218 907 1257 est
925 1218 1119 1264 futurum,
1151 1220 1260 1271 cujus
1280 1234 1358 1259 non
1387 1220 1512 1259 causas
1538 1221 1579 1259 id
1610 1221 1738 1274 ipsum

337 1286 545 1325 efficientes
566 1295 699 1324 natura
713 1286 922 1324 contineat.

393 1353 455 1390 Ex
475 1365 553 1404 quo
587 1351 834 1404 intelligitur,
867 1361 911 1390 ut
937 1350 1062 1390 fatum
1092 1351 1136 1390 fit
1163 1365 1241 1390 non
1268 1353 1307 1391 id
1336 1353 1440 1405 quod
1471 1353 1737 1407 superstitiose,

339 1419 401 1458 sed
419 1419 458 1457 id
475 1418 578 1471 quod
607 1417 759 1471 physice
775 1418 930 1464 dicitur,
958 1418 1067 1457 causa
1086 1429 1224 1457 aeterna
1242 1433 1385 1465 rerum,
1415 1435 1485 1459 cur
1511 1430 1549 1459 et
1577 1434 1633 1465 ea,
1653 1434 1739 1472 quae

339 1485 612 1538 praeterierunt‚
628 1483 726 1522 fasta
745 1484 831 1530 fint,
861 1493 913 1529 et,
933 1498 1018 1537 quae
1037 1485 1191 1529 instant,
1213 1485 1321 1530 fiant,
1338 1495 1389 1531 et,
1408 1500 1494 1538 quae
1510 1486 1736 1539 sequuntur,

339 1551 469 1589 futura
487 1551 573 1589 fint.
594 1551 653 1589 Ita
667 1550 725 1596 fit,
747 1559 791 1588 ut
810 1560 847 1588 et
864 1551 1124 1590 observatione
1139 1552 1261 1590 notari
1276 1552 1403 1605 poffit,
1422 1566 1507 1605 quae
1522 1565 1579 1590 res
1597 1565 1739 1604 quam-

339 1631 414 1670 que
434 1617 583 1654 causarn
603 1617 834 1668 plerumque
852 1616 1118 1668 consequatur,
1149 1617 1266 1655 etiam
1296 1617 1323 1656 fi
1343 1631 1421 1656 non
1441 1618 1588 1671 semper
1605 1633 1615 1657 ε
1647 1631 1739 1657 nam

340 1683 379 1720 id
400 1682 559 1735 quidem
579 1681 766 1720 affirmare
785 1681 944 1720 difficile
963 1681 1029 1720 est.
1062 1681 1302 1733 Easdemque
1320 1683 1445 1720 causas
1465 1683 1669 1721 verisimile
1685 1683 1739 1721 est

341 1762 469 1786 rerum
489 1747 706 1786 futurarum
726 1747 830 1784 cerni
860 1747 907 1785 ab
927 1747 988 1792 iis,
1020 1747 1088 1799 qui
1120 1755 1185 1784 aut
1209 1760 1276 1799 per
1303 1745 1474 1785 furorem
1495 1761 1569 1792 eas,
1600 1757 1665 1786 aut
1699 1748 1740 1786 in

341 1814 470 1866 quiete
490 1812 655 1850 videant.

398 1879 506 1918 LVI.
539 1880 720 1918 Praeterea
738 1891 830 1916 cum
846 1877 925 1916 fato
944 1878 1075 1917 omnia
1095 1877 1200 1923 fiant,
1218 1878 1274 1930 (id
1295 1879 1398 1931 quod
1413 1879 1487 1917 alio
1506 1879 1594 1917 loco
1613 1879 1739 1918 osten-

343 1946 471 1997 detur)
506 1945 531 1983 si
553 1945 638 1997 quis
660 1943 778 1983 modo
799 1944 882 1982 talis
900 1943 1012 1998 pollit
1030 1944 1114 1989 effe,
1135 1944 1203 1997 qui
1223 1945 1512 1997 colligationem
1543 1946 1739 1984 causarum

342 2011 521 2050 omniurn
542 2010 740 2064 perspiciat
759 2010 904 2055 animo,
938 2009 1036 2049 nihil
1057 2024 1146 2049 eum
1174 2010 1345 2064 profecto
1365 2009 1485 2049 fallet.
1533 2011 1614 2063 Qi
1634 2013 1740 2050 enim

344 2085 470 2116 teneat
500 2076 624 2114 causas
655 2089 783 2114 rerum
806 2074 1039 2122 futurarum,
1072 2076 1174 2115 idem
1196 2075 1338 2115 necesse
1367 2076 1419 2114 est
1451 2077 1582 2115 omnia
1602 2086 1740 2122 teneat,

344 2157 428 2195 quae
448 2141 576 2180 futura
597 2141 681 2181 fint.
722 2141 840 2193 Qod
859 2155 951 2181 cum
973 2156 1088 2181 nemo
1108 2141 1243 2187 facere,
1266 2141 1333 2180 nifi
1357 2143 1478 2186 Deus,
1510 2143 1620 2195 poffit
1638 2162 1648 2187 ς
1681 2157 1741 2181 re-

345 2209 602 2261 linquendum
622 2209 673 2247 est
695 2207 859 2253 homini,
879 2219 921 2247 ut
941 2210 1054 2262 signis
1076 2209 1305 2262 quibusdam
1326 2209 1595 2261 consequentia
1614 2209 1740 2247 decla-

346 2275 532 2319 rantibus,
566 2273 694 2313 futura
729 2274 951 2327 praesentiat.
1002 2276 1094 2314 Non
1127 2276 1231 2314 enim
1268 2276 1333 2313 illa
1365 2290 1449 2327 qua:
1481 2274 1609 2313 futura
1640 2275 1741 2318 sunt,

346 2340 472 2378 subito
492 2340 684 2384 existunt5
719 2340 777 2378 sed
808 2340 858 2378 cst
891 2341 990 2393 quasi
1023 2341 1193 2379 rudentis
1224 2341 1444 2393 explicatio,
1478 2341 1524 2379 sic
1558 2341 1744 2379 traductio

347 2406 545 2460 tempori8‚
569 2405 666 2444 nihil
690 2406 776 2444 novi
809 2407 1024 2451 efficientis,
1055 2416 1092 2444 ct
1125 2408 1295 2459 primum
1317 2407 1488 2459 quidque
1509 2408 1741 2460 replicantis.

348 2471 466 2524 Qod
486 2482 522 2510 et
544 2472 568 2510 ii
591 2472 736 2516 vident,
758 2473 899 2524 quibus
922 2473 1101 2512 naturalis
1122 2473 1307 2512 divinatio
1325 2473 1409 2512 data
1429 2474 1480 2512 est
1499 2492 1507 2517 ;
1531 2484 1567 2511 ct
1590 2474 1630 2517 ii,
1652 2474 1743 2525 qui·

350 2539 420 2577 bus
442 2538 571 2577 cursus
592 2553 719 2578 rerum
745 2539 978 2578 observando
998 2548 1150 2579 notatus
1181 2539 1246 2579 cst.
1293 2540 1373 2591 Qi
1405 2540 1470 2578 etsi
1492 2539 1616 2578 caulas
1651 2539 1745 2592 ipsas
