2223 3003
685 276 965 317 LIBER
1022 278 1444 318 TERTIUS.
1690 282 1770 337 265

363 375 573 417 honestum
604 375 657 414 est
686 390 818 415 necare
834 395 846 422 ;
878 385 992 430 atque
1021 376 1098 416 hoc
1128 391 1245 416 omne
1264 392 1384 431 genus
1405 377 1625 432 pestiferum
1655 388 1770 432 atque

367 444 538 496 impium
569 457 616 481 ex
646 441 856 481 hominum
887 444 1168 482 communitate
1200 445 1537 483 exterminandum
1562 444 1627 484 est.
1673 447 1770 484 Ete-

367 511 467 555 nim,
500 520 543 548 ut
572 509 747 548 membra
777 508 953 560 quaedam
972 518 1236 561 amputantur,
1267 510 1293 548 fi
1327 520 1364 548 et
1398 511 1475 563 ipsa
1508 511 1702 564 sanguine,
1733 521 1772 552 et

367 585 552 629 tanquam
588 576 724 628 spiritu
757 587 880 612 carere
913 583 1128 626 coeperunt,
1170 584 1208 612 et
1238 586 1380 614 nocent
1409 578 1566 630 reliquis
1596 579 1771 631 partibus

366 643 562 696 corporis;
595 641 644 678 fic
663 639 732 676 ista
753 639 793 676 in
814 638 935 691 figura
953 637 1126 677 hominis
1146 639 1289 685 feritas,
1319 650 1357 678 et
1377 642 1596 681 immanitas
1618 644 1771 690 bellua»,

366 722 388 746 a
407 705 609 746 communi
631 713 814 757 tanquam
835 703 1075 743 humanitate
1093 706 1264 758 corporis
1286 705 1514 760 segreganda
1532 709 1597 746 est.
1639 710 1770 762 Hujus

363 773 515 826 generis
535 771 624 810 sunt
641 769 864 824 quaestiones
885 784 1020 810 omnes
1040 784 1105 816 eae,
1124 771 1164 809 in
1182 771 1324 824 quibus
1340 784 1386 811 ex
1402 782 1576 825 tempore
1594 774 1772 815 officium

365 840 594 892 exquiritur.

411 905 504 943 VII.
527 903 732 956 Ejusmodi
751 905 871 958 igitur
889 903 1003 942 credo
1023 916 1080 942 res
1101 903 1316 943 Panaetium
1336 904 1627 957 persecuturum
1645 904 1771 951 fuiffe,

363 970 432 1009 nisi
453 970 573 1023 aliqui
593 971 712 1016 casus,
726 980 791 1010 aut
809 972 1012 1023 occupatio
1027 970 1232 1009 consilium
1252 972 1334 1023 ejus
1350 971 1588 1024 peremiss‘et:
1611 972 1657 1010 ad
1677 985 1770 1024 quas

363 1036 460 1090 ipsas
495 1037 792 1076 consultationes
826 1051 872 1076 ex
904 1037 1161 1090 superioribus
1187 1037 1296 1076 libris
1324 1037 1410 1076 satis
1441 1037 1566 1076 multa
1583 1048 1771 1092 praecepta

364 1102 467 1148 sunt,
487 1103 628 1156 quibus
648 1103 810 1157 perspici
829 1103 957 1157 possit,
974 1103 1069 1156 quid
1082 1103 1126 1142 fit
1141 1112 1295 1157 propter
1312 1105 1593 1157 turpitudinem
1613 1103 1772 1158 fugien-

364 1169 460 1208 dum
476 1188 488 1216 ς
521 1170 615 1222 quid
635 1171 680 1209 fit
700 1171 754 1215 id,
774 1170 879 1223 quod
899 1170 1044 1208 idcirco
1062 1169 1294 1223 fugiendum
1314 1184 1393 1210 non
1419 1171 1477 1216 fit,
1499 1171 1591 1224 quia
1609 1171 1773 1210 omnino

364 1245 476 1288 turpe
496 1249 574 1274 non
595 1235 661 1274 est.
700 1236 772 1274 Sed
792 1236 976 1287 quoniam
1006 1237 1111 1289 operi
1131 1235 1328 1282 inchoato,
1358 1251 1478 1290 prope
1498 1246 1628 1276 tamen
1661 1237 1771 1275 abso-

363 1300 462 1345 luto,
497 1309 682 1353 tanquam
716 1300 913 1353 fastigium
934 1301 1203 1355 imponimus;
1236 1310 1279 1340 ut
1303 1312 1508 1355 geometrae
1540 1302 1662 1341 solent
1692 1316 1772 1341 non

363 1367 496 1405 omnia
516 1367 664 1413 docere,
695 1366 756 1405 sed
778 1367 980 1421 postulare,
1014 1377 1058 1406 ut
1081 1368 1256 1421 quaedam
1287 1369 1357 1407 fibi
1387 1369 1658 1414 concedantur,
1693 1382 1774 1421 quo

363 1433 531 1480 facilius,
553 1449 639 1488 quae
658 1435 810 1481 volunt,
832 1435 1025 1489 explicent
1041 1454 1053 1481 ς
1085 1436 1135 1474 fic
1154 1449 1226 1488 ego
1247 1449 1268 1473 a
1287 1444 1324 1474 te
1344 1436 1510 1489 postulo,
1539 1436 1595 1474 mi
1617 1437 1771 1481 Cicero,

364 1510 409 1538 ut
428 1500 530 1539 mihi
549 1502 749 1547 concedas,
779 1502 806 1540 s1
825 1511 948 1555 potes,
970 1501 1086 1547 nihil,
1107 1511 1242 1556 praeter
1261 1503 1315 1549 id,
1347 1502 1452 1555 quod
1477 1501 1683 1542 honestum
1711 1504 1772 1548 fit,

365 1575 521 1619 propter
540 1565 576 1604 se
596 1565 667 1604 effe
686 1567 947 1619 expetendum
964 1582 974 1605 :
1006 1567 1060 1605 fin
1081 1566 1157 1606 hoc
1188 1580 1266 1606 non
1299 1567 1393 1606 licet
1422 1581 1489 1620 per
1509 1569 1742 1621 Cratippum
1756 1585 1769 1612 ;

364 1641 402 1670 at
421 1632 520 1671 illud
540 1642 640 1671 certe
659 1633 780 1678 dabis,
812 1633 917 1685 quod
937 1632 1141 1672 honestum
1161 1634 1219 1678 s1t,
1250 1633 1291 1671 id
1320 1632 1392 1671 effe
1416 1634 1587 1672 maxime
1614 1643 1772 1687 propter

366 1699 402 1737 se
421 1700 694 1752 expetendum.
728 1698 836 1738 Mihi
858 1700 1048 1738 utrumvis
1069 1700 1153 1738 satis
1173 1699 1250 1744 esti
1281 1709 1320 1738 et
1339 1713 1432 1738 cum
1452 1699 1543 1746 hoc,
1565 1709 1652 1740 tum
1672 1701 1772 1740 illud

363 1767 600 1820 probabilius
622 1767 786 1811 videtur,
808 1780 876 1804 nec
898 1775 1073 1819 praetcrea
1092 1766 1305 1819 quidquam
1324 1767 1538 1820 probabile.

421 1835 481 1871 Ac
515 1833 689 1886 primum
729 1833 918 1871 Panaetius
952 1834 992 1870 in
1026 1832 1102 1870 hoc
1147 1832 1410 1871 defendendus
1444 1833 1511 1878 est,
1554 1834 1659 1886 quod
1692 1848 1771 1873 non

365 1899 475 1937 utilia
493 1913 586 1937 cum
605 1898 772 1937 honestis
793 1912 963 1951 pugnare
982 1898 1188 1950 aliquando
1204 1897 1305 1950 poffe
1322 1898 1475 1943 dixerit,
1500 1899 1644 1951 (neque
1663 1901 1771 1939 enim

363 1965 399 2003 ei
418 1964 474 2003 fas
494 1965 590 2016 erat)
613 1964 673 2002 sed
693 1977 749 2009 ea,
771 1978 856 2017 quae
876 1964 1094 2002 viderentur
1114 1964 1238 2003 utilia.
1288 1962 1410 2002 Nihil
1425 1978 1514 2003 vero
1534 1965 1643 2010 utile,
1665 1966 1771 2018 quod

364 2045 443 2070 non
463 2031 566 2069 idem
596 2029 801 2069 honestum
813 2049 826 2076 ς
857 2029 958 2069 nihil
981 2029 1200 2076 honestum,
1220 2031 1336 2084 'quod
1365 2045 1443 2070 non
1464 2031 1569 2070 idem
1589 2031 1685 2069 utile
1710 2033 1770 2078 fit,

365 2097 458 2149 saepe
479 2096 633 2134 testatur
649 2115 660 2142 ς
693 2105 880 2150 negatque
901 2097 1022 2135 ullam
1053 2097 1196 2149 pestem
1217 2097 1404 2148 majorem
1434 2097 1475 2134 in
1495 2097 1615 2134 vitam
1635 2095 1770 2136 homi-

365 2175 462 2201 num
496 2161 677 2207 invafiffe,
708 2176 825 2214 quam
859 2176 995 2200 eorum
1028 2162 1268 2214 opinionem,
1310 2161 1378 2213 qui
1412 2161 1480 2199 ista
1513 2161 1768 2202 distraxerint.

365 2228 513 2280 Itaque,
546 2239 624 2264 non
645 2236 689 2264 ut
719 2227 926 2279 aliquando
956 2235 1272 2279 anteponeremus
1293 2226 1403 2265 utilia
1431 2225 1614 2273 honestis,
1644 2227 1706 2266 sed
1726 2238 1771 2268 ut

365 2308 406 2332 ea
426 2295 502 2332 fine
521 2307 644 2332 errore
669 2293 981 2346 dijudicaremus,
1012 2293 1039 2331 si
1059 2292 1213 2345 quando
1233 2292 1464 2340 incidissent,
1494 2295 1650 2333 induxit
1669 2309 1769 2341 eam,

366 2373 450 2412 quae
470 2360 661 2398 videretur
680 2358 764 2404 effe,
795 2373 872 2397 non
903 2372 988 2412 quae
1018 2357 1120 2403 esset,
1151 2360 1460 2412 repugnantiam.
1508 2361 1625 2399 Hanc
1650 2362 1772 2414 igitur

367 2434 514 2476 partem
535 2427 705 2464 relictam
726 2426 985 2480 explebimus,
1004 2425 1148 2464 nullius
1167 2426 1430 2473 adminiculis,
1452 2427 1527 2472 sed,
1549 2437 1592 2466 ut
1612 2428 1769 2473 dicitur,

368 2491 495 2528 Marte
513 2492 638 2531 nostro
653 2507 661 2530 :
686 2507 810 2545 neque
825 2494 932 2532 enim
948 2492 1163 2546 quidquam
1179 2493 1225 2530 de
1244 2491 1316 2531 hac
1333 2503 1438 2546 parte
1457 2493 1540 2546 post
1556 2494 1770 2532 Panaetium

367 2556 605 2609 explicatum
635 2559 702 2603 est,
739 2560 844 2611 quod
864 2560 1025 2612 quidem
1056 2558 1157 2598 mihi
1182 2559 1420 2613 probaretur,
1452 2560 1498 2599 de
1528 2560 1590 2607 iis,
1623 2574 1707 2613 quae
1727 2561 1768 2599 in

368 2635 505 2661 manus
528 2635 628 2660 meas
649 2633 846 2663 venerunt.

453 2689 585 2727 ToM.
618 2689 691 2727 111.
981 2681 987 2685 ⁴
1398 2692 1432 2729 L
1456 2690 1471 2730 l
