2223 3003
761 281 1042 322 LIBER
1099 281 1464 321 PRIMUS.
1747 298 1822 337 199

409 383 628 423 habuerunt
658 383 864 428 exercitus,
901 391 939 421 et
964 381 1155 421 fortiores.
1201 381 1310 421 Mihi
1340 382 1501 435 quidem
1532 394 1658 436 neque
1692 385 1819 436 pueris

409 452 537 496 nobis,
559 452 622 490 Μ.
647 452 807 489 Scaurus
829 451 877 488 C.
901 450 1045 495 Mario,
1073 463 1213 502 neque,
1241 464 1333 488 cum
1354 450 1585 488 versaremur
1606 451 1646 489 in
1673 452 1819 504 repub-

409 517 497 563 lica,
515 517 755 570 QCatulus
777 517 853 554 Cn.
874 516 1062 568 Pompeio
1081 516 1214 553 cedere
1232 516 1445 555 videbatur.
1478 517 1588 555 Parvi
1607 518 1712 556 enim
1730 517 1817 556 sunt

408 584 503 624 foris
523 599 642 630 arma,
672 583 741 622 nisi
761 582 815 620 est
833 582 1039 621 confilium
1059 582 1181 620 domi.
1225 583 1313 620 Nec
1332 583 1419 635 plus
1440 583 1660 629 Africanus,
1683 585 1814 638 fingu-

409 652 497 691 laris
525 662 564 690 et
594 652 665 695 vir,
692 659 729 687 et
760 649 993 701 imperatorf
1013 649 1054 686 in
1074 649 1326 687 exscindenda
1347 650 1564 688 Numantia
1592 653 1815 705 reipublicae

410 717 571 771 profuit,
607 729 724 769 quam
757 715 896 753 eodem
927 723 1102 768 tempore
1137 716 1182 753 P.
1215 715 1354 754 Nafica
1383 717 1566 768 privatus,
1594 731 1685 755 cum
1716 719 1812 757 Tib.

409 781 634 821 Gracchum
654 781 878 820 interemit:
910 794 1134 834 quanquam
1157 780 1239 819 haec
1259 781 1420 834 quidem
1441 796 1497 821 res
1518 796 1596 820 non
1618 783 1740 821 solum
1768 797 1814 822 ex

408 850 615 888 domestica
633 848 687 886 est
706 848 852 886 ratione
867 867 879 894 ;
911 848 1069 901 attingit
1088 848 1205 887 etiam
1226 848 1420 894 bellicam,
1443 850 1629 902 quoniam
1650 851 1701 894 vi,
1730 864 1814 888 ma-

407 928 539 967 nuque
558 913 732 953 confecta
752 914 832 953 est:
864 914 927 952 sed
947 923 1077 952 tamen
1096 914 1136 952 id
1156 914 1284 968 ipsum
1305 914 1455 968 gestum
1485 915 1538 953 est
1568 916 1728 954 confilio
1748 930 1815 954 ur-

407 980 522 1027 bano,
543 981 621 1020 fine
640 981 827 1020 exercitu.

463 1048 568 1087 Illud
587 1058 716 1087 autem
748 1049 946 1102 optimum
966 1048 1033 1094 est,
1065 1048 1106 1087 in
1127 1048 1233 1102 quod
1249 1048 1378 1087 invadi
1398 1048 1514 1088 solere
1539 1049 1587 1087 ab
1607 1049 1747 1089 invidis
1777 1057 1816 1088 et

408 1116 599 1170 improbis
618 1116 732 1154 audio
744 1134 759 1161 5

549 1182 689 1222 Cedant
705 1196 812 1221 arma
829 1193 935 1236 togae,
958 1182 1124 1222 concedat
1141 1183 1266 1222 laurea
1284 1183 1430 1236 linguae.

409 1249 467 1287 Ut
500 1249 607 1288 enim
642 1249 736 1288 alios
778 1250 975 1294 omittam,
1019 1249 1131 1288 nobis
1166 1250 1452 1302 rempublicam
1493 1249 1814 1302 gubernantibus,

407 1329 536 1354 nonne
565 1325 664 1369 togae
690 1329 795 1354 arma
822 1314 988 1354 cessere?
1020 1329 1145 1368 neque
1170 1317 1278 1354 enim
1310 1316 1349 1354 in
1380 1316 1577 1368 republica
1596 1315 1816 1368 periculum

407 1382 484 1420 fuit
512 1383 663 1436 gravius
691 1395 878 1435 unquam,
910 1395 980 1420 nec
1000 1383 1124 1435 majus
1144 1383 1285 1421 otium.
1329 1383 1387 1422 Ita
1406 1382 1572 1420 consiliis
1593 1381 1816 1434 diligentia-

408 1462 483 1501 que
503 1449 627 1487 nostra
657 1449 830 1487 celeriter
850 1449 897 1486 de
928 1449 1107 1487 manibus
1127 1449 1462 1487 audacissimorum
1495 1449 1642 1486 civium
1671 1448 1818 1502 delapsa

409 1527 513 1551 arma
545 1514 624 1565 ipsa
657 1515 891 1553 ceciderunt.
940 1515 1039 1565 Qae
1073 1528 1130 1552 res
1159 1515 1280 1567 igitur
1309 1514 1410 1567 gesta
1440 1528 1612 1567 unquam
1642 1515 1682 1552 in
1713 1515 1818 1552 bello

411 1580 545 1618 tanta?
577 1579 644 1631 qui
675 1579 898 1632 triumphus
927 1579 1214 1619 conferendus?
1256 1581 1369 1619 Licet
1400 1581 1505 1618 enim
1535 1579 1650 1624 mihi,
1683 1581 1817 1618 Marce

410 1644 481 1689 fili,
512 1645 613 1697 apud
643 1654 680 1682 te
713 1645 882 1697 gloriari,
912 1645 959 1682 ad
993 1659 1111 1697 quem
1145 1655 1183 1682 et
1216 1645 1415 1683 haereditas
1450 1645 1566 1696 hujus
1602 1645 1746 1696 gloriae,
1778 1656 1817 1683 et

410 1709 600 1749 factorum
618 1710 786 1749 imitatio
805 1711 984 1763 pertinet.
1008 1709 1117 1748 Mihi
1133 1711 1292 1762 quidem
1313 1720 1414 1748 certe
1434 1711 1492 1748 vir
1512 1711 1709 1749 abundans
1731 1711 1815 1749 bel-

410 1776 494 1815 licis
529 1777 705 1815 laudibus
738 1778 813 1815 Cn.
838 1777 1061 1829 Pompeiu8‚
1098 1777 1233 1815 multis
1266 1777 1525 1822 audientibus,
1557 1776 1632 1814 hoc
1663 1778 1814 1823 tribuit,

410 1852 452 1882 ut
483 1844 638 1888 diceret,
670 1842 805 1881 frustra
835 1843 869 1881 se
900 1842 1149 1896 triumphum
1180 1844 1338 1881 tertium
1371 1844 1661 1896 deportaturum
1692 1843 1814 1890 fuiffe,

409 1911 478 1949 nisi
498 1924 587 1949 meo
617 1911 659 1948 in
679 1911 964 1962 rempublicam
990 1909 1193 1955 beneficio,
1225 1910 1294 1947 ubi
1324 1909 1594 1962 triumpharet,
1625 1909 1713 1947 effet
1744 1910 1815 1948 ha-

409 1976 573 2014 biturus.
621 1978 718 2014 Sunt
748 1989 839 2029 ergo
865 1975 1082 2014 domesticae
1112 1975 1359 2014 fortitudines
1380 1990 1456 2014 non
1478 1975 1676 2014 inferiores
1708 1977 1816 2014 mili-

408 2043 580 2088 taribus;
602 2043 643 2080 in
665 2043 807 2095 quibus
828 2043 916 2096 plus
937 2043 1068 2088 etiam,
1090 2057 1209 2096 quam
1230 2043 1270 2082 in
1290 2042 1366 2089 his,
1388 2056 1510 2096 operae
1531 2043 1723 2095 studiique
1742 2058 1815 2096 po-

408 2109 581 2148 nendum
602 2110 669 2148 est.

452 2176 608 2214 XXIII.
643 2176 821 2214 Omnino
841 2176 938 2214 illud
959 2175 1178 2221 honestum,
1196 2175 1300 2228 quod
1319 2189 1366 2213 ex
1387 2175 1516 2213 animo
1537 2175 1684 2214 excelso
1704 2190 1816 2229 mag-

408 2241 605 2293 nificoque
626 2241 849 2294 quaerimus,
868 2242 989 2279 animi
1008 2241 1188 2286 efficitur,
1209 2255 1286 2279 non
1307 2242 1492 2293 corporis,
1508 2242 1666 2279 viribus.
1690 2243 1816 2280 Exer-

408 2308 577 2346 cendum
599 2317 727 2346 tamen
747 2320 900 2360 corpus,
931 2317 969 2344 et
986 2307 1039 2345 ita
1057 2306 1304 2345 afficiendum
1325 2307 1391 2352 est,
1422 2317 1466 2345 ut
1485 2308 1639 2346 obedire
1659 2309 1818 2347 confilio

410 2375 626 2428 rationique
646 2373 758 2428 poffit
789 2375 830 2412 in
850 2373 1082 2427 exequendis
1114 2374 1292 2426 negotiis,
1323 2383 1361 2412 et
1387 2375 1427 2412 in
1448 2375 1576 2413 labore
1603 2376 1813 2414 tolerando.

410 2440 630 2480 Honestum
663 2449 792 2479 autem
828 2441 881 2486 id,
912 2440 1017 2493 quod
1048 2441 1302 2492 exquirimus,
1334 2450 1462 2479 totum
1493 2441 1545 2479 est
1577 2442 1744 2494 positum
1774 2443 1816 2479 in

412 2505 531 2544 animi
551 2521 642 2545 cura
660 2517 698 2546 et
718 2508 951 2561 cogitatione
968 2525 980 2552 ;
1012 2507 1052 2545 in
1072 2519 1151 2559 quo
1169 2520 1246 2545 non
1268 2507 1457 2545 minorem
1479 2508 1688 2545 utilitatem
1720 2507 1814 2545 affe-

412 2579 516 2615 runt,
546 2573 615 2623 qui
635 2575 755 2625 togati
776 2574 996 2626 reipublicae
1016 2573 1194 2626 praesunt,
1227 2586 1344 2625 quam
1375 2574 1443 2626 qui
1479 2573 1627 2611 bellum
1659 2581 1812 2625 gerunt.

412 2636 547 2689 Itaque
567 2650 702 2677 eorum
720 2639 878 2679 consilio
898 2639 992 2693 saepe
1019 2649 1083 2678 aut
1113 2653 1191 2678 non
1212 2638 1394 2693 suscepta,
1427 2648 1491 2677 aut
1511 2637 1684 2677 confecta
1716 2637 1815 2676 bella
