2223 3003
472 215 552 252 420
777 197 1576 241 PHILOSOPHICORUM

473 303 578 342 Cum
599 310 726 339 autem
747 301 786 337 in
807 298 883 337 illis
905 298 1017 336 rebus
1037 297 1211 343 vertitur,
1226 311 1310 349 quae
1332 306 1530 336 manentes
1551 296 1699 350 semper
1717 298 1878 344 eaedem,
1923 300 1927 303 “

471 383 550 407 non
582 368 701 412 sensu,
735 365 796 404 scd
819 364 1075 417 intelligentia
1105 364 1355 403 continentur
1366 382 1378 409 5
1412 372 1498 402 tum
1529 363 1784 416 intelligentia
1802 364 1876 402 sci-

470 435 647 485 entiaque
669 431 870 470 necessario
889 431 1071 469 efficitur.
1086 432 1111 456 *
1125 432 1149 457 ³¹⁶
1163 432 1187 456 ’ἢ

526 500 599 538 ΙΧ.
632 498 798 537 Ratione
827 497 948 550 igitur
981 507 1019 535 et
1050 505 1181 535 mente
1211 496 1354 542 divina,
1386 496 1433 534 ad
1463 495 1656 549 originem
1676 494 1877 548 temporis,

470 564 712 603 curriculum
745 563 949 602 inventum
979 562 1032 600 est
1063 562 1150 601 solis
1182 571 1221 601 et
1240 562 1356 601 lunae.
1402 564 1426 587 ἕξ
1447 563 1472 588 ³³⁶
1494 563 1517 588 ἕξ
1550 562 1722 614 Corpora
1749 570 1879 599 autem

470 644 605 669 eorum
629 629 868 683 singulorum
900 642 993 668 cum
1024 628 1204 667 effecifl'et
1235 629 1358 674 Deus,
1388 641 1431 666 ea
1460 627 1506 666 ad
1526 641 1586 666 eas
1615 627 1879 666 converfiones

469 697 690 741 collocavit,
721 708 815 748 quas
846 695 999 733 alterius
1021 695 1206 734 circuitus
1226 694 1468 740 conficiebat,
1500 707 1586 746 quae
1606 693 1693 732 sunt
1717 692 1881 746 septem,

470 772 515 801 ut
534 773 572 801 et
591 763 657 801 illa
675 762 836 815 septem.
869 763 928 800 Ita
947 761 1028 800 vim
1049 761 1155 799 suam
1176 770 1310 800 natura
1329 761 1534 806 convertit,
1556 770 1600 800 ut
1620 770 1759 799 terram
1779 759 1882 799 lunae

470 829 599 867 cursus
621 827 797 881 proxime
827 827 1007 871 ambiret,
1037 827 1151 878 eique
1178 827 1288 880 supra
1317 835 1456 865 terram
1490 827 1667 879 proxima
1692 826 1780 864 solis
1800 825 1880 864 cir-

470 893 689 931 cumvec‘tio
709 891 811 930 effet.
859 890 1020 929 Lucifer
1048 891 1199 936 deinde,
1231 901 1268 930 et
1300 891 1423 929 saneta
1442 892 1633 929 Mercurii
1653 891 1759 929 stella
1787 904 1879 930 cur-

469 959 553 997 sum
572 958 718 997 habent
738 957 825 996 solis
846 957 1030 996 celeritati
1051 971 1196 1010 parem,
1228 957 1287 996 sed
1303 958 1382 997 vim
1404 958 1600 1011 quandam
1621 957 1851 995 contrariam
1867 972 1880 996 :

468 1039 586 1078 eaque
617 1024 876 1070 converfione‚
907 1038 1026 1077 quam
1058 1025 1159 1062 inter
1189 1024 1224 1063 se
1257 1023 1401 1063 habent
1433 1023 1608 1069 Lucifer,
1639 1023 1880 1069 Mercurius,

468 1092 546 1137 501,
577 1091 642 1130 alii
661 1090 754 1129 alios
789 1091 966 1135 vincunt,
997 1089 1240 1143 viciflimque
1270 1091 1494 1129 vincuntur.
1537 1089 1799 1142 Reliquorum
1830 1089 1881 1128 fi-

467 1158 606 1197 derum
640 1171 726 1211 quae
757 1156 866 1196 causa
895 1156 1112 1196 collocandi
1146 1156 1279 1203 fuerit,
1316 1169 1480 1210 quaeque
1507 1169 1644 1195 eorum
1678 1156 1724 1194 fit
1753 1155 1879 1194 collo-

467 1225 592 1270 catio,
635 1224 676 1263 in
712 1223 924 1261 sermonem
959 1223 1081 1262 alium
1116 1222 1375 1262 differendum
1406 1223 1472 1269 est,
1505 1236 1552 1261 ne
1585 1223 1626 1261 in
1660 1235 1731 1268 eo,
1773 1221 1879 1274 quod

466 1291 737 1344 attingendum
758 1289 848 1334 fuit,
879 1302 997 1341 quam
1032 1289 1073 1327 in
1105 1302 1163 1334 eo,
1195 1290 1305 1342 cujus
1337 1289 1444 1327 causa
1474 1289 1513 1327 id
1542 1289 1757 1342 attigimus,
1788 1287 1877 1326 lon-

466 1357 551 1409 gior
585 1365 749 1409 ponatur
779 1355 915 1394 oratio.
965 1355 1134 1407 Qando
1165 1356 1284 1408 igitur
1318 1355 1627 1408 unumquodque
1657 1368 1793 1392 eorum
1829 1353 1878 1392 fi-

466 1422 603 1461 derum
624 1421 779 1460 cursum
799 1420 984 1460 decorum
1003 1420 1056 1459 est
1075 1420 1276 1474 adeptum,
1307 1435 1327 1458 e
1358 1421 1501 1472 quibus
1523 1430 1600 1459 erat
1621 1430 1750 1458 motus
1774 1430 1877 1458 tem-

466 1489 568 1541 poris
607 1486 902 1540 confignandus,
933 1486 1201 1539 colligatisque
1234 1486 1460 1539 corporibus
1495 1486 1662 1523 vinculis
1697 1486 1878 1524 animali-

467 1556 551 1600 bus,
575 1564 661 1592 tum
682 1553 892 1592 animantia
911 1561 994 1592 orta
1014 1552 1125 1599 sunt,
1157 1566 1274 1606 eaque
1294 1553 1459 1606 imperio
1480 1566 1606 1605 parere
1627 1552 1846 1591 didicerunt
1864 1571 1878 1597 ;

467 1632 552 1660 tum
573 1634 620 1660 ex
650 1621 805 1659 alterius
838 1629 981 1659 naturae
1013 1620 1186 1659 motione
1219 1619 1434 1665 transversa,
1467 1620 1506 1658 in
1536 1619 1705 1671 ejusdem
1736 1629 1879 1657 natur-‚e

467 1698 622 1727 motum
655 1688 903 1732 incurrentia,
945 1687 986 1726 in
1020 1700 1143 1740 eoque
1177 1685 1361 1725 haerentia
1390 1697 1504 1740 atque
1536 1686 1742 1740 impedita,
1785 1699 1879 1724 cum

465 1755 536 1793 alia
567 1755 751 1807 majorem
783 1754 984 1793 lustrarent
1015 1754 1166 1798 orbem,
1198 1754 1270 1792 alia
1303 1754 1512 1798 minorem,
1545 1753 1761 1806 tardiusque
1793 1765 1879 1790 ma-

460 1822 601 1873 jorem,
632 1820 868 1872 celeriusque
899 1820 1107 1866 minorem,
1138 1829 1250 1858 motu
1278 1820 1365 1858 verb
1398 1820 1512 1859 unius
1533 1819 1782 1873 ejusdemque
1809 1833 1878 1857 na-

467 1897 588 1930 turae;
632 1899 718 1938 quae
744 1885 979 1923 velociffime
1005 1886 1275 1930 movebantur,
1312 1900 1354 1923 ea
1386 1887 1580 1924 celeritate
1610 1887 1712 1924 vinci
1745 1899 1765 1923 a
1800 1895 1877 1923 tar-

464 1952 653 1997 dioribus,
674 1960 727 1996 et,
760 1964 852 1989 cum
878 1950 1115 2003 superabant,
1139 1950 1302 2003 superari
1325 1950 1565 1989 videbantur.
1599 1952 1749 1988 Omnes
1770 1950 1878 1989 enim

465 2018 576 2056 orbes
608 2029 745 2056 eorum
778 2016 881 2069 quasi
904 2015 1056 2055 Helicis
1087 2015 1294 2054 inflexione
1326 2016 1597 2055 vertebantur:
1630 2029 1749 2068 quam
1776 2015 1878 2054 bifa-

466 2083 562 2122 riam
582 2081 769 2122 contrarie
790 2081 903 2120 fimul
924 2081 1169 2134 procedentia
1188 2082 1406 2121 efficiebant
1423 2101 1434 2127 5
1467 2092 1524 2128 ut,
1559 2082 1664 2134 quod
1691 2081 1779 2120 esset
1801 2091 1878 2120 tar-

466 2150 678 2194 diilimum,
697 2149 734 2187 id
756 2148 983 2201 proximum
1004 2147 1111 2187 fieret
1127 2148 1342 2188 celerrimo.
1367 2151 1512 2201 Atque,
1535 2159 1577 2187 ut
1597 2149 1684 2187 esset
1705 2135 1880 2187 mensura

466 2217 643 2270 quaedam
676 2215 845 2261 evidens,
877 2229 963 2267 quae
997 2215 1038 2253 in
1058 2214 1137 2253 istis
1157 2216 1245 2254 octo
1276 2215 1447 2254 cursibus
1479 2215 1690 2254 celeritates
1721 2215 1877 2253 tardita-

468 2284 596 2335 tesque
614 2283 793 2327 declaret,
826 2282 933 2320 Deus
964 2281 1041 2335 ipse
1062 2281 1196 2327 solem,
1224 2282 1326 2334 quasi
1349 2281 1497 2326 lumen,
1533 2282 1708 2320 accendit
1741 2281 1787 2318 ad
1821 2281 1877 2319 sc-

467 2349 643 2387 cundum
664 2348 773 2401 supra
805 2358 944 2387 terram
964 2348 1175 2394 ambitum,
1207 2358 1249 2387 ut
1280 2361 1398 2401 quam
1428 2348 1598 2386 maxime
1627 2348 1765 2386 carlum
1787 2361 1877 2387 om-

469 2417 583 2455 nibus
622 2415 845 2460 colluccrct,
891 2415 1191 2468 animantesque,
1238 2414 1382 2467 quibus
1409 2415 1474 2466 jus
1511 2414 1599 2453 ell'et
1635 2415 1784 2458 doceri,
1830 2416 1877 2453 ab

467 2482 635 2535 ejusdcm
670 2492 794 2527 motu,
825 2491 863 2520 et
894 2482 941 2521 ab
961 2495 1006 2520 eo
1034 2482 1138 2534 quod
1160 2481 1281 2520 simile
1301 2480 1402 2526 esset,
1428 2494 1679 2519 numerorum
1702 2490 1877 2520 naturam

469 2550 626 2602 vimque
664 2549 951 2603 cognoscerent.
998 2548 1092 2589 Nox
1132 2549 1263 2601 igitur,
1293 2557 1330 2587 ct
1360 2548 1440 2587 dics
1472 2548 1516 2586 ad
1556 2547 1660 2587 hunc
1697 2546 1876 2593 modum,
