2223 3003
668 267 946 307 LIBER
1003 265 1424 310 TERTIUS.
1669 286 1744 327 293

343 366 490 406 nullam
511 365 580 405 effe
600 366 819 413 docuimus,
855 382 939 420 quae
959 367 1146 407 honestati
1166 369 1254 408 esset
1275 370 1462 409 contraria
1474 388 1485 416 ;
1515 370 1565 410 fic
1585 384 1745 411 omnem

343 433 583 486 voluptatem
604 433 770 472 dicimus
790 433 977 472 honestati
997 434 1068 472 esse
1087 436 1330 475 contrariam.
1361 438 1454 489 Qo
1474 438 1596 491 magis
1617 451 1746 492 repre-

342 498 564 538 hendendos
582 499 871 553 Calliphonem,
893 509 932 537 et
952 500 1250 540 Dinomachum
1262 503 1413 554 judico,
1429 504 1496 556 qui
1517 504 1552 542 se
1573 505 1744 558 diremp-

343 574 450 604 turos
484 566 775 605 controverfiam
808 574 1052 618 putaverunt,
1086 566 1112 604 s1
1147 579 1240 605 cum
1268 567 1462 607 honestate
1491 570 1746 623 voluptatem,

343 641 527 685 tanquam
547 646 640 670 cum
659 630 820 669 homine
840 631 1044 683 pecudem,
1059 632 1346 685 copulaviffent.
1370 635 1464 672 Non
1485 636 1620 688 recipit
1637 637 1748 675 istam

343 697 657 750 conjunctionem
675 695 848 734 honestas
862 714 874 741 3
897 696 1126 748 aspernatur,
1148 698 1314 750 repellit.
1354 700 1440 738 Nec
1458 714 1545 739 vero
1565 701 1652 740 finis
1673 703 1747 741 bo-

343 776 483 801 norum
502 771 540 800 et
559 761 767 806 malorum,
789 760 857 813 qui
878 761 1040 814 simplex
1061 761 1132 800 effe
1151 762 1278 808 debet,
1299 776 1346 802 ex
1367 764 1612 804 diffimilibus
1634 769 1746 807 rebus

343 829 494 868 misceri
527 839 565 867 et
599 828 804 881 temperari
823 828 958 881 potest.
1003 829 1075 867 Sed
1094 829 1142 868 de
1171 828 1248 868 hoc
1281 831 1439 884 (magna
1458 832 1564 871 enim
1593 846 1649 872 res
1675 834 1744 887 est)

342 897 416 935 alio
436 897 523 935 loco
545 895 720 949 pluribus
739 911 748 934 x
772 909 876 934 nunc
896 895 940 933 ad
961 896 1214 950 propofitum.
1248 897 1593 948 Qemadmodum
1612 901 1746 953 igitur,

343 963 368 1001 fi
389 962 543 1016 quando
569 976 624 1007 ea,
660 975 746 1014 quae
775 961 966 1000 videretur
997 962 1157 1008 utilitas,
1187 962 1376 1002 honestati
1409 975 1609 1018 repugnat,
1641 967 1746 1019 diju-

342 1030 503 1069 dicanda
533 1042 590 1067 res
622 1028 680 1074 fit,
716 1028 803 1067 satis
832 1028 885 1068 est
915 1028 1026 1082 supra
1051 1029 1315 1082 disputatum:
1348 1031 1402 1069 fin
1429 1041 1559 1070 autem
1581 1032 1748 1086 speciem

343 1096 521 1134 utilitatis
541 1095 658 1133 etiam
678 1094 853 1148 voluptas
884 1093 1023 1133 habere
1043 1095 1205 1141 dicetur,
1234 1097 1340 1135 nulla
1360 1098 1483 1150 potest
1508 1097 1578 1138 effe
1598 1099 1633 1136 ei
1654 1113 1747 1138 cum

342 1162 536 1201 honestate
556 1161 803 1213 conjunctio:
833 1174 939 1207 nam,
962 1170 1005 1200 ut
1025 1162 1240 1201 tribuamus
1260 1163 1407 1216 aliquid
1428 1164 1631 1218 voluptati,
1650 1179 1747 1205 con-

342 1229 507 1268 dimenti
526 1226 677 1266 fortaffe
697 1225 890 1273 nonnihil,
913 1228 1091 1267 utilitatis
1111 1238 1213 1268 certe
1234 1228 1348 1275 nihil,
1369 1229 1543 1269 habebit.

404 1295 538 1333 Habes
579 1306 599 1330 a
632 1302 737 1346 patre
770 1306 928 1339 munuS‚
960 1295 1096 1333 Marce
1129 1295 1201 1340 fili,
1246 1309 1332 1334 mea
1365 1296 1526 1348 quidem
1562 1296 1747 1338 sententia

343 1374 530 1413 magnum
547 1378 558 1405 3
590 1359 652 1398 sed
682 1359 839 1412 perinde
858 1361 943 1406 erit,
970 1369 1013 1398 ut
1033 1361 1222 1414 acceperis
1240 1376 1249 1399 ε
1273 1375 1495 1415 quanquam
1517 1363 1591 1401 tibi
1610 1362 1652 1401 hi
1674 1373 1749 1402 tres

341 1427 457 1473 libri,
496 1427 598 1464 inter
630 1425 808 1479 Cratippi
841 1427 1163 1473 commentarios,
1195 1436 1380 1480 tanquam
1414 1427 1603 1482 hospites,
1635 1439 1749 1469 erunt

343 1493 567 1546 recipiendi.
615 1492 701 1537 Sed,
731 1502 789 1537 ut,
826 1492 852 1530 fi
888 1493 967 1546 ipse
1000 1494 1181 1532 veniffem
1213 1493 1399 1540 Athenas,
1434 1496 1556 1548 (quod
1587 1497 1749 1549 quidem

343 1559 433 1599 esset
451 1558 612 1602 factum,
644 1557 713 1595 nifi
735 1571 799 1595 me
818 1571 838 1594 e
867 1558 996 1597 medio
1016 1559 1127 1597 cursu
1147 1559 1248 1597 clara
1273 1574 1365 1599 voce
1386 1562 1505 1613 patria
1526 1562 1745 1614 revocasset)

341 1625 550 1679 aliquando
571 1636 633 1662 me
653 1636 809 1675 quoque
829 1624 976 1662 audires
994 1643 1004 1669 ς
1037 1624 1100 1670 fic,
1129 1626 1315 1676 quoniam
1333 1624 1393 1663 his
1415 1626 1685 1666 voluminibus·
1701 1628 1759 1666 ad-

343 1703 379 1731 te
409 1690 579 1745 profecta
608 1703 683 1728 vox
703 1703 788 1727 mea
808 1689 873 1734 est,
907 1690 1051 1728 tribues
1072 1689 1132 1728 his
1154 1691 1339 1743 temporis
1361 1701 1551 1744 quantum
1576 1694 1716 1746 poteris
1733 1712 1746 1739 ς

342 1759 483 1813 poteris
504 1766 646 1801 autem,
669 1764 859 1808 quantum
880 1755 997 1794 voles.
1022 1757 1127 1794 Cum
1147 1770 1235 1796 vero
1255 1757 1496 1803 intellexero,
1520 1768 1555 1797 te
1576 1759 1651 1798 hoc
1672 1760 1746 1798 sci-

341 1826 451 1862 entia:
469 1835 606 1876 genere
625 1821 802 1873 gaudere,
825 1830 910 1859 tum
931 1830 968 1859 et
988 1822 1145 1874 praesens
1166 1832 1297 1861 tecum
1318 1824 1558 1876 propediem,
1581 1825 1642 1876 (ut
1662 1826 1744 1878 spe-

343 1891 402 1941 ro)
421 1899 472 1933 et,
495 1889 588 1926 dum
606 1887 740 1931 aberis,
761 1886 890 1925 absens
912 1887 1060 1938 loquar.
1084 1887 1178 1924 Vale
1194 1888 1326 1940 igitur,
1349 1889 1405 1925 mi
1427 1889 1578 1934 Cicero,
1597 1890 1748 1942 tibique

343 1955 536 2009 persuade,
558 1953 628 1991 effe
649 1963 684 1991 te
705 1953 865 2005 quidem
885 1952 986 1990 mihi
1005 1953 1267 1998 cariffimum3
1297 1954 1358 1992 sed
1379 1954 1506 1994 multo
1527 1955 1607 1994 fore
1625 1957 1746 1995 cario*

344 2035 441 2067 rem,
461 2020 485 2060 fi
509 2020 648 2060 talibus
669 2020 934 2059 monumentis
956 2019 1228 2074 praeceptisque
1247 2020 1434 2059 laetabere.
