2223 3003
415 255 436 267 1-

411 239 494 277 „14
814 222 918 260 DE
989 219 1417 258 OFFICIIS

410 323 594 367 civitatis,
625 321 836 370 debereque
869 318 949 369 ejus
979 317 1209 369 dignitatem
1240 326 1278 354 et
1309 316 1425 354 decus
1449 315 1642 362 sustinere,
1671 315 1813 358 servare

413 391 529 443 leges,
555 390 640 440 jura
660 385 882 428 describere,
912 396 955 420 ea
973 382 1062 421 fidei
1082 382 1154 420 suae
1174 381 1374 420 commissa
1402 381 1629 421 meminisse.
1680 383 1812 422 Priva-

414 465 499 494 tum
520 463 647 491 autem
667 458 818 502 oportet
838 462 949 501 aequo
968 457 1006 486 et
1033 450 1114 501 pari
1134 461 1227 486 cum
1247 448 1396 486 civibus
1409 449 1496 500 jure
1516 449 1654 493 vivere,
1669 455 1673 458 ’
1686 461 1815 501 neque

413 517 654 559 summissum
680 524 717 553 et
737 515 944 567 abjectum,
966 527 1091 567 neque
1111 514 1146 552 se
1165 513 1387 553 efferentem
1406 533 1417 559 ς
1450 523 1537 553 tum
1556 515 1598 552 in
1618 514 1815 567 republica

411 598 454 622 ea
473 583 584 627 velle,
615 595 701 634 quae
731 580 937 633 tranquilla
965 590 1003 618 et
1033 579 1188 618 honesta
1208 580 1306 618 sint:
1338 580 1455 618 talem
1476 581 1582 618 enim
1612 589 1650 618 et
1677 579 1815 618 sentire

412 650 560 688 bonum
580 643 721 693 civem,
752 657 790 685 et
810 647 936 685 dicere
955 645 1135 685 solemus.
1167 646 1364 699 Peregrini
1382 656 1510 684 autem
1531 655 1570 684 et
1595 645 1730 684 incolae
1750 643 1813 684 of-

411 716 548 754 ficium
578 714 645 759 est,
676 712 775 752 nihil
806 721 941 766 praeter
959 712 1072 750 suum
1093 713 1295 765 negotium
1326 725 1449 765 agere,
1480 711 1580 750 nihil
1614 712 1661 749 de
1689 712 1814 750 alieno

412 783 623 835 anquirere,
654 781 897 831 minimeque
929 779 971 817 in
1001 779 1122 817 aliena
1154 778 1225 817 effe
1258 779 1456 832 republica
1489 778 1698 817 curiosum.
1758 779 1816 817 Ita

411 848 491 887 fere
511 848 636 886 officia
656 846 905 899 reperientur,
937 858 1030 882 cum
1049 853 1252 896 quaeretur,
1280 845 1376 897 quid
1396 845 1541 889 deceat,
1571 854 1609 883 et
1629 843 1723 897 quid
1744 857 1813 897 ap-

411 924 499 952 tum
520 914 565 952 sit
584 911 767 965 personiS‚
798 910 1054 963 temporibus,
1078 910 1268 948 aetatibus.
1327 908 1444 948 Nihil
1464 910 1517 948 est
1536 919 1679 955 autem,
1710 909 1815 962 quod

411 989 492 1018 tam
512 979 656 1023 deceat,
687 990 806 1029 quam
826 977 867 1015 in
886 976 997 1015 omni
1016 989 1055 1014 re
1079 976 1256 1029 gerenda,
1277 976 1513 1029 consilioque
1533 976 1719 1030 capiendo
1738 975 1814 1014 ser-

411 1059 496 1084 vare
516 1044 780 1083 constantiam.

465 1111 638 1149 XXXV.
681 1109 752 1147 Sed
785 1108 970 1162 quoniam
1001 1107 1186 1146 decorum
1219 1107 1318 1146 illud
1351 1108 1393 1147 in
1423 1107 1608 1147 omnibus
1635 1106 1744 1146 faecis
1779 1117 1819 1147 et

409 1177 538 1222 distis,
569 1177 609 1215 in
642 1176 813 1229 corporis
845 1176 1011 1227 denique
1030 1183 1142 1213 motu
1169 1183 1207 1212 et
1237 1174 1334 1213 statu
1354 1175 1537 1220 cernitur,
1567 1174 1686 1227 idque
1715 1173 1817 1227 pofi-

411 1253 499 1282 tum
519 1243 572 1281 est
592 1243 631 1280 in
651 1242 774 1280 tribus
796 1242 924 1286 rebus,
953 1240 1203 1285 formositate,
1234 1241 1380 1286 ordine,
1403 1250 1539 1279 ornatu
1559 1241 1606 1278 ad
1625 1241 1816 1278 actionem

410 1319 502 1363 apto
523 1327 534 1355 ς
566 1309 763 1347 difficilius
793 1309 839 1347 ad
859 1307 1123 1360 eloquendum
1139 1325 1150 1351 ;
1183 1306 1244 1345 sed
1263 1307 1348 1345 satis
1369 1307 1441 1346 erit
1462 1307 1644 1359 intelligi.
1689 1307 1734 1345 In
1754 1305 1815 1345 his

409 1385 541 1414 autem
562 1375 685 1414 tribus
714 1374 935 1412 continetur
953 1387 1045 1411 cura
1074 1373 1191 1411 etiam
1219 1373 1299 1418 illa,
1330 1381 1374 1411 ut
1403 1373 1614 1426 probemur
1634 1373 1696 1418 iis,
1727 1373 1817 1425 qui-

413 1442 591 1486 buscum,
613 1440 713 1494 apud
740 1439 911 1494 quosque
944 1439 1132 1478 vivamus.
1192 1439 1269 1478 His
1295 1453 1453 1492 quoque
1483 1439 1530 1478 de
1553 1439 1667 1477 rebus
1697 1451 1818 1491 pauca

411 1509 603 1547 dicantur.

469 1574 678 1627 Principio,
723 1574 893 1627 corporis
928 1573 1043 1612 nostri
1074 1586 1256 1627 magnam
1287 1582 1421 1612 natura
1452 1572 1532 1626 ipsa
1564 1572 1717 1612 videtur
1747 1571 1818 1611 ha-

413 1639 532 1678 buiffe
563 1641 779 1678 rationem:
812 1654 896 1693 quae
927 1638 1095 1678 formam
1127 1639 1309 1684 nostram,
1341 1639 1609 1692 reliquamque
1639 1638 1819 1692 figuram,

412 1708 452 1745 in
474 1720 548 1759 qua
568 1705 656 1744 effet
676 1705 815 1759 species
833 1705 1002 1752 honesta,
1032 1719 1115 1744 eam
1137 1705 1262 1759 posuit
1282 1706 1322 1744 in
1341 1715 1526 1758 promptu
1542 1724 1554 1750 5
1586 1719 1671 1758 quae
1690 1715 1819 1743 autem

412 1784 534 1826 partes
565 1773 750 1826 corporiS,
781 1773 827 1811 ad
848 1783 990 1811 naturae
1020 1773 1278 1811 neceffitatem
1309 1772 1418 1818 datae,
1450 1772 1671 1825 adspectum
1701 1770 1819 1809 essent

411 1838 629 1877 deformem
662 1838 850 1876 habiturae
870 1848 984 1891 atque
1016 1848 1182 1891 turpem,
1213 1852 1272 1876 eas
1299 1839 1486 1883 contexit,
1521 1847 1635 1890 atque
1655 1837 1817 1876 abdidit.

413 1904 529 1942 Hanc
551 1913 691 1941 naturae
722 1912 801 1940 tam
823 1903 1051 1955 diligentem
1072 1901 1258 1940 fabricam
1279 1903 1430 1940 imitata
1449 1903 1502 1940 est
1522 1901 1729 1940 hominum
1751 1915 1818 1940 ve-

414 1969 609 2007 recundia.
670 1969 768 2020 Qa:
807 1969 912 2006 enim
951 1977 1086 2006 natura
1122 1968 1345 2013 occultavit,
1390 1968 1522 2006 eadem
1559 1981 1708 2012 omnes,
1750 1968 1820 2020 qui

413 2035 498 2074 sana
529 2045 658 2074 mente
691 2035 792 2079 sunt,
824 2044 1022 2074 removent
1053 2035 1100 2073 ab
1126 2035 1277 2081 oculis,
1310 2035 1456 2088 ipsique
1488 2033 1694 2073 necessitati
1729 2034 1820 2073 dant

411 2117 582 2156 operam,
630 2111 672 2140 ut
702 2115 818 2154 quam
857 2101 1113 2139 occultissime
1144 2111 1328 2155 pareant:
1380 2114 1622 2154 quarumque
1650 2101 1821 2153 partium

412 2169 584 2221 corporis
616 2167 702 2205 usus
734 2167 820 2206 sunt
855 2166 1061 2212 necessarii,
1105 2181 1164 2205 eas
1201 2181 1324 2219 neque
1354 2177 1492 2220 partes,
1536 2181 1658 2219 neque
1689 2179 1821 2205 carum

413 2236 498 2273 usu:
533 2235 605 2273 suis
640 2235 862 2273 nominibus
896 2234 1117 2287 appe-Ilium
1150 2234 1331 2287 quodque
1358 2233 1480 2272 facere
1503 2244 1611 2287 turpe
1644 2247 1722 2272 non
1751 2232 1818 2278 cst,

415 2303 533 2340 modo
566 2302 748 2345 occultem
797 2302 835 2339 id
874 2302 998 2339 dicere
1033 2301 1258 2340 obscoenum
1297 2301 1362 2340 est.
1424 2302 1558 2353 Itaque
1594 2314 1663 2338 ncc
1694 2310 1820 2353 aperta

410 2369 512 2405 actio
544 2381 669 2405 rerum
702 2367 853 2405 illisum
890 2367 1101 2419 petulanti-51
1122 2377 1241 2412 vacat,
1273 2381 1342 2405 nec
1373 2366 1556 2405 orationis
1575 2365 1820 2404 obl'coenitas.

415 2435 502 2472 Nec
524 2447 612 2471 vcro
644 2433 820 2470 audit-mli
856 2433 939 2471 sunt
961 2434 1114 2485 Cynici,
1145 2443 1209 2472 aut
1241 2433 1265 2471 st
1297 2432 1363 2485 qui
1396 2431 1553 2470 suerunt
1574 2433 1691 2470 Stoici
1726 2445 1821 2484 pene

414 2498 570 2550 Cynici,
603 2498 669 2551 qui
703 2497 999 2551 repre-lwmiuut,
1031 2510 1068 2537 ct
1100 2498 1272 2543 irrident,
1304 2497 1408 2550 quod
1439 2511 1494 2542 ca,
1526 2511 1610 2550 qua·
1632 2498 1756 2550 turpia
1783 2510 1821 2535 rc

411 2579 492 2603 non
518 2564 602 2609 sint,
636 2565 861 2602 nominibus
894 2579 934 2603 ac
967 2565 1090 2604 verbis
1120 2564 1301 2619 flagitiosa
1333 2564 1547 2609 ducanius,
1580 2563 1646 2601 illa
1676 2572 1820 2607 autem.
