2223 3003
712 264 990 304 LIBER
1046 264 1470 305 TERTIUS,
1718 269 1795 323 165

394 363 630 404 Consulibus
647 363 808 402 tribuni.
847 364 954 403 Nam
973 363 1072 402 illud
1091 364 1251 416 quidem
1271 365 1414 418 ipsum,
1435 363 1539 418 quod
1559 364 1599 403 in
1614 365 1701 418 jure
1719 381 1792 420 po·-

394 431 510 469 situm
530 429 596 475 est,
617 429 733 468 habet
753 430 914 475 Consul,
932 439 975 468 ut
993 430 1028 468 ei
1047 431 1186 483 reliqui
1205 431 1446 484 magistratus
1466 445 1600 471 omnes
1622 443 1791 485 pareant,

393 507 556 550 excepto
575 497 769 541 Tribuno‚
790 497 858 548 qui
878 496 961 549 post
979 497 1124 541 extitit,
1145 509 1192 535 ne
1209 498 1262 542 id,
1283 499 1387 549 quod
1408 498 1546 544 fuerat,
1571 499 1658 538 effet
1675 515 1684 539 :
1716 499 1793 539 hoc

393 565 499 602 enim
519 561 691 616 primum
713 561 857 600 minuit
877 561 1071 599 consulare
1084 563 1164 614 jus,
1185 562 1291 614 quod
1309 564 1438 602 extitit
1459 565 1547 617 ipse,
1562 566 1629 618 qui
1648 579 1693 605 eo
1714 581 1793 606 non

394 638 584 667 teneretur
595 647 608 672 ς
640 626 775 664 deinde
795 626 900 678 quod
920 627 1050 664 attulit
1070 627 1260 665 auxilium
1280 628 1438 680 reliquis
1459 644 1537 668 non
1565 632 1683 671 modo
1707 647 1793 671 ma-

392 695 623 747 gistratibus,
645 693 708 731 sed
726 693 843 731 etiam
863 693 1034 746 privatis,
1053 693 1214 732 Consuli
1233 708 1311 732 non
1331 697 1566 747 parentibus.

448 760 680 812 anrus.
703 759 899 811 Magnum
926 759 1021 797 dicis
1042 759 1205 797 malum.
1249 760 1371 805 Nam,
1399 761 1467 799 ista
1486 762 1667 814 potestate
1693 774 1792 811 nata,

391 826 553 879 gravitas
590 825 841 878 optimatium
892 825 1048 871 cecidit,
1095 826 1370 879 convaluitque
1407 828 1472 879 jus
1511 828 1791 869 multitudinis.

392 893 603 931 MARCUS.
627 891 721 930 Non
741 891 794 929 est
812 892 878 937 ita,
896 892 1068 943 Qinte:
1100 906 1178 931 non
1199 893 1304 931 enim
1319 894 1384 946 jus
1404 893 1502 932 illud
1520 893 1644 933 solum
1662 896 1792 948 super-

391 957 478 996 bius
498 957 658 1011 populo,
690 957 752 995 sed
773 958 964 996 volentius
996 958 1114 996 videri
1134 958 1278 997 neceffe
1302 969 1380 997 erat
1395 978 1406 1005 3
1439 959 1518 1012 quo
1549 960 1793 1013 posteaquam

390 1023 545 1061 modica
577 1032 617 1062 et
648 1023 792 1076 sapiens
825 1024 1049 1077 temperatio
1079 1024 1241 1070 acceffit,
1277 1025 1456 1064 conversa
1486 1025 1548 1064 lex
1583 1026 1623 1064 in
1657 1040 1792 1064 omnes

391 1089 444 1127 est
464 1092 488 1116 §.e
509 1092 534 1116 εκ
554 1093 601 1128 *r

446 1157 561 1195 VIII.
583 1158 743 1196 Domum
761 1171 839 1195 cum
858 1156 960 1196 laude
977 1157 1157 1197 redeunto.
1190 1157 1305 1197 Nihil
1327 1158 1448 1203 enim,
1469 1168 1605 1212 praeter
1623 1159 1805 1205 laudem,-

391 1223 502 1260 bonis
523 1233 636 1275 atque
655 1223 944 1268 innocentibus,
975 1237 1100 1276 neque
1119 1238 1166 1262 ex
1185 1223 1374 1269 hostibus,
1407 1238 1532 1276 neque
1553 1239 1573 1262 a
1593 1225 1702 1263 sociis
1733 1240 1792 1263 re—

390 1289 638 1342 portandum.
679 1291 769 1341 Jam
797 1289 896 1327 illud
928 1300 1104 1343 apertum
1126 1289 1299 1343 profecto
1318 1291 1383 1336 est,
1406 1289 1505 1329 nihil
1536 1290 1606 1328 effe
1628 1292 1805 1344 turpius,

391 1369 509 1408 quam
529 1368 768 1409 quemquam
788 1356 905 1409 legari
926 1357 995 1394 nis1
1016 1357 1238 1410 reipublicae
1257 1357 1379 1397 causa.
1427 1358 1585 1395 Omitto
1605 1358 1794 1410 quemad-

391 1422 554 1460 modum
575 1423 635 1460 isti
662 1422 699 1460 se
718 1433 852 1476 gerant
871 1432 987 1476 atque
1005 1423 1196 1476 gesserint,
1231 1424 1299 1476 qui
1330 1424 1519 1477 legatione
1541 1423 1793 1469 haereditates,

389 1497 458 1524 aut
477 1487 706 1539 syngraphas
727 1488 807 1526 suas
826 1489 1118 1541 persequuntur.
1166 1491 1210 1527 In
1228 1488 1455 1528 hominibus
1476 1490 1529 1528 est
1548 1488 1624 1528 hoc
1644 1489 1796 1528 fortaffe

393 1552 549 1590 vitium.
592 1552 662 1590 Sed
683 1566 825 1605 quaero,
858 1555 952 1606 quid
973 1555 1098 1607 reapse
1118 1555 1162 1593 fit
1183 1556 1348 1608 turpius,
1377 1570 1494 1609 quam
1515 1557 1591 1594 fine
1610 1569 1805 1609 procura-⁷

394 1618 499 1656 tione
519 1618 662 1656 senator
681 1619 841 1671 legam,
859 1620 935 1657 fine
956 1621 1159 1664 mandatis,
1175 1622 1251 1658 fine
1267 1622 1347 1659 ullo
1368 1623 1588 1673 reipublicae
1604 1631 1763 1659 munere
1779 1621 1792 1658 ?

393 1683 512 1734 Qod
532 1684 692 1736 quidem
708 1697 829 1737 genus
845 1684 1046 1737 legationis
1062 1698 1134 1738 ego
1143 1685 1301 1730 Consul,
1317 1699 1538 1739 quanquam
1551 1686 1597 1724 ad
1613 1699 1806 1725 commo-⁷

390 1748 488 1786 dum
504 1749 650 1787 senatus
666 1750 854 1802 pertinere
869 1750 1053 1796 videatur,
1069 1760 1197 1789 tamen
1214 1752 1447 1804 approbante
1463 1752 1592 1790 senatu
1609 1751 1805 1804 frequen-⁷

392 1814 548 1860 tiffimo,
566 1815 634 1853 nisi
652 1814 752 1853 mihi
772 1816 981 1855 leviffimus
1001 1817 1178 1855 tribunus
1192 1818 1316 1870 plebis
1331 1827 1415 1856 tum
1432 1817 1700 1863 intercessisset,
1715 1818 1808 1856 sus-v

392 1880 583 1919 tulissem:
607 1891 735 1919 tamen
755 1883 881 1919 minui
902 1892 1070 1934 tempus,
1092 1891 1144 1927 et,
1163 1883 1268 1933 quod
1287 1892 1366 1919 erat
1386 1882 1602 1928 infinitum,
1619 1897 1794 1922 annuum

389 1943 480 1984 feci.
518 1946 576 1983 Ita
596 1946 797 1998 turpitudo
817 1956 961 1991 manet,
983 1947 1235 1985 diuturnitate
1256 1947 1414 1986 sublata.
1458 1949 1529 1986 Sed
1543 1951 1640 2002 jam,
1663 1949 1688 1986 fi
1709 1949 1794 2001 pla-

390 2021 465 2055 cet,
487 2011 533 2050 de
552 2013 760 2065 provinciis
781 2013 997 2059 decedatur,
1025 2014 1065 2051 in
1087 2014 1303 2066 urbemque
1329 2016 1513 2053 redeatur.
1558 2019 1792 2055 ATTxcth.

390 2077 519 2115 Nobis
540 2091 628 2116 vero
643 2078 793 2131 placet3
816 2079 879 2117 sed
893 2080 955 2124 iis,
970 2080 1038 2132 qui
1059 2080 1098 2117 in
1119 2081 1326 2132 provinciis
1348 2080 1447 2124 sunt,
1470 2082 1634 2119 minime
1654 2082 1791 2134 placet.

391 2143 609 2181 MARCUS.
643 2146 698 2182 At
717 2158 819 2190 vero,
842 2147 949 2190 Tite,
983 2146 1008 2183 fi
1040 2155 1193 2198 pareant
1213 2145 1274 2183 his
1306 2146 1470 2197 legibus,
1503 2146 1601 2184 nihil
1636 2148 1705 2185 erit
1732 2147 1795 2186 his

392 2209 497 2254 urbe,
520 2208 617 2247 nihil
640 2210 758 2247 domo
778 2209 854 2254 sua,
877 2211 1028 2247 dulcius
1046 2229 1056 2254 3
1081 2224 1150 2248 nec
1172 2210 1391 2249 laboriosius
1412 2212 1681 2264 molestiusque
1701 2226 1793 2265 pro-

389 2275 531 2314 vincia.
575 2276 645 2313 Sed
667 2276 836 2328 sequitur
856 2276 931 2321 lex,
954 2290 1038 2328 quae
1059 2276 1177 2314 sancit
1206 2290 1287 2315 eam
1311 2278 1555 2316 tribunorum
1578 2279 1700 2331 plebis
1721 2293 1794 2332 po-

389 2341 577 2387 testatem,
614 2355 698 2394 quae
718 2343 758 2379 in
782 2342 977 2395 republica
998 2342 1146 2387 nostra5
1183 2342 1228 2380 de
1256 2357 1331 2395 qua
1363 2344 1484 2382 disseri
1518 2343 1617 2382 nihil
1649 2345 1793 2382 necesse

389 2406 456 2445 est.
484 2408 718 2459 Qm'rus.
741 2411 796 2446 At
817 2407 1037 2446 mehercule
1057 2422 1142 2461 eg0‚
1160 2407 1285 2454 frater,
1303 2424 1445 2462 quaero,
1464 2410 1509 2448 de
1530 2410 1596 2448 ista
1611 2411 1795 2463 potestate

393 2472 487 2523 quid
507 2473 653 2512 sentias.
705 2475 810 2513 Nam
832 2474 932 2512 mihi
952 2475 1111 2527 quidem
1137 2473 1309 2527 pestifera
1340 2477 1503 2521 videtur,
1537 2478 1681 2529 quippe
1708 2490 1793 2528 quat

393 2535 433 2573 in
455 2536 652 2583 seditione,
684 2549 721 2576 et
741 2540 786 2576 ad
807 2540 1033 2579 seditionem
1067 2550 1150 2577 nata
1171 2540 1240 2577 fit:
1273 2542 1382 2593 cujus
1404 2542 1577 2593 primum
1609 2551 1738 2579 ortum
1766 2540 1793 2578 fi

394 2601 581 2640 recordari
600 2603 794 2651 volumus,
829 2607 929 2645 inter
949 2620 1052 2644 arma
1072 2606 1231 2651 civium,
1268 2617 1306 2646 et
1333 2608 1545 2659 occupatis,
1577 2616 1615 2644 et
1643 2605 1793 2645 obseffls
