2223 3003
435 223 512 278 383
738 210 1537 268 PHILOSOPHICORUM

434 322 550 362 Non.
573 317 766 369 Lmtum]
789 314 1018 359 Marcellus,
1037 322 1080 351 ut
1099 325 1184 351 acer
1203 320 1241 350 et
1255 323 1427 365 pugnax.
1446 308 1668 354 Maximus,·
1686 315 1732 347 ut
1744 320 1841 348 con-

489 387 666 425 fideratus
686 392 723 421 et
744 383 885 419 lentus.

434 453 549 492 Now.
573 451 635 489 ubi
650 447 907 493 nominativus,
929 445 1020 500 vel.]
1055 445 1126 484 Sed
1148 453 1277 483 tamen
1298 452 1342 482 ut
1361 442 1466 481 bono
1486 439 1753 496 patrifamilias
1774 452 1842 478 co·

491 517 610 562 lendi,
631 513 861 559 aedificandi,
883 511 1136 552 ratiocinandi
1157 509 1318 564 quidam
1338 508 1440 554 usus,
1462 521 1559 562 opus
1579 506 1646 546 est.

437 587 550 624 GEL.
571 583 621 624 lib
635 596 731 622 am.
753 590 833 635 cap.
851 581 909 635 2.]
928 578 1110 619 Menelao
1125 577 1273 617 Laconi
1286 576 1462 630 quaedam
1481 575 1559 614 fuit
1577 570 1846 624 suaviloquens

486 651 726 705 jucunditas.

436 719 534 759 Idem
553 717 622 771 ib.]
654 713 1007 768 Breviloquentiam
1028 712 1069 753 in
1090 711 1255 750 dicendo
1275 710 1392 749 colat.

438 786 554 825 Nou.
575 781 771 834 Imbuere.]
802 781 901 832 Qae
931 792 1024 817 cum
1055 778 1185 831 Scipio
1213 775 1377 821 dixiss‘et,
1408 774 1623 815 admodum
1653 770 1851 827 probans;

495 852 620 891 nimio
640 850 746 888 enim
765 856 843 885 erat
862 846 953 884 odio
972 844 1175 883 rhetorum
1195 843 1386 881 imbutus.

439 920 556 959 NON.
573 914 760 968 Ferocia.]
792 912 875 966 Qi
895 910 1087 964 comperit
1106 910 1187 963 ejus
1207 909 1289 948 vim
1305 918 1345 948 et
1362 906 1596 947 effraenatam
1615 905 1724 945 illam
1744 903 1850 944 fero-

494 986 610 1025 ciam.
1756 966 1760 972 ¹

441 1057 603 1094 CAR1s.
625 1049 687 1089 lib.
712 1062 746 1088 1.
769 1045 897 1099 Orbzt]
931 1044 1032 1084 Orbi
1053 1053 1240 1083 terrarum
1260 1040 1573 1097 comprehensos.

441 1122 557 1160 Non.
580 1114 798 1171 impertire]
829 1112 950 1165 QOd
982 1111 1174 1152 molestias
1206 1110 1409 1149 senectutis
1440 1109 1513 1148 suae
1543 1105 1673 1147 vestris
1693 1103 1856 1144 familiis

491 1185 690 1240 impertire
709 1180 841 1236 poffet.

442 1253 579 1305 Nora]
610 1249 732 1302 Qod
761 1260 840 1286 non
871 1245 991 1285 modo
1021 1244 1180 1299 lingulis
1210 1243 1454 1289 hominibus,
1489 1242 1553 1281 sed
1582 1238 1856 1295 potentiffimis

497 1318 668 1374 populis,
689 1315 785 1368 saepe
804 1312 1013 1366 contingit.

750 1428 831 1467 DE
892 1427 1265 1465 REPUBL1CA
1324 1425 1447 1463 L113.
1477 1425 1551 1462 VI.

444 1518 560 1558 NoN.
584 1511 826 1565 Prudentia]
858 1511 1006 1549 Totam
1026 1509 1146 1563 igitur
1171 1509 1346 1561 expectas
1367 1507 1613 1562 prudentiam
1633 1505 1751 1560 hujus
1772 1519 1860 1545 rec-

499 1583 608 1628 toris,
630 1595 716 1634 quae
736 1578 864 1633 ipsum
884 1590 1029 1617 nomen
1048 1575 1125 1616 hoc
1145 1577 1253 1615 nacta
1272 1575 1325 1614 est
1340 1589 1387 1614 ex
1402 1574 1656 1629 providendo.

445 1653 562 1692 Non.
585 1647 746 1702 Trssis]
780 1645 863 1699 Qi
894 1642 1076 1684 numeros
1105 1644 1358 1698 optimatum,
1390 1652 1428 1682 et
1459 1643 1684 1697 principum
1715 1641 1861 1680 obtulit

500 1717 561 1757 his
582 1715 759 1759 vocibus,
789 1721 828 1751 et
847 1712 1043 1766 gravitatis
1074 1711 1148 1750 suae
1177 1710 1296 1764 liquit
1315 1710 1432 1749 illum
1465 1709 1613 1748 tristem
1633 1719 1672 1748 et
1696 1709 1863 1762 plenum

502 1782 701 1838 dignitatis
719 1780 871 1819 sonum.

447 1851 562 1890 Non.
587 1847 743 1901 Expleri
758 1856 867 1899 atque
871 1845 1047 1899 fiztiari]
1081 1846 1226 1883 Graves
1254 1844 1362 1882 enim
1383 1843 1551 1882 dominre
1577 1842 1862 1896 cogitationum

503 1915 683 1955 libidines
711 1912 864 1952 infinita
883 1911 1060 1964 quaedam
1080 1919 1227 1963 cogunt
1257 1919 1372 1962 atque
1390 1909 1610 1962 imperant:
1643 1922 1742 1960 quae,
1770 1908 1864 1961 quia

503 1982 650 2037 expleri
671 1991 785 2034 atque
806 1979 927 2018 satiari
950 1978 1059 2017 nullo
1077 1978 1196 2017 modo
1216 1977 1385 2031 poffunt,
1407 1977 1453 2015 ad
1470 1990 1586 2015 omne
1604 1974 1754 2014 facinus
1782 1976 1864 2014 im-

505 2050 654 2104 pellunt
674 2061 752 2092 eos,
775 2047 843 2100 qui
864 2046 1056 2084 illecebris
1073 2045 1149 2084 suis
1169 2044 1444 2083 incenduntur.

449 2118 564 2157 Nox.
588 2114 780 2168 Samium]
814 2113 951 2151 Oratio
985 2121 1103 2158 extat,
1139 2112 1249 2156 Laeli,
1286 2124 1405 2164 quam
1436 2123 1571 2149 omnes
1602 2107 1795 2147 habemus
1823 2107 1865 2147 in

507 2184 702 2226 manibus,
725 2195 843 2234 quam
864 2179 1053 2233 simpuvia
1074 2179 1316 2219 Pontificum
1337 2178 1426 2217 Diis
1451 2177 1740 2216 immortalibus
1760 2185 1867 2229 grata

507 2251 593 2295 sint,
617 2249 844 2301 Samiaequc,
867 2246 909 2285 u't
931 2246 995 2284 hic
1017 2246 1163 2292 scribit,
1185 2245 1401 2300 capedines.

453 2318 567 2357 Nox.
592 2315 783 2355 Firmiter.
807 2323 845 2352 et
863 2313 1033 2367 Prusa]
1056 2313 1240 2352 Firmiter
1256 2312 1363 2351 enim
1384 2311 1545 2363 majores
1567 2308 1683 2348 nostri
1703 2307 1868 2346 stabilita

508 2381 757 2423 matrimonia
777 2379 847 2418 cll'c
870 2380 1088 2419 volucrunt.

454 2451 569 2490 Nox.
595 2448 850 2502 Comparare]
882 2447 1150 2500 Qamobrem
1172 2445 1208 2485 se
1227 2453 1423 2499 comparet
1444 2442 1508 2481 hic
1529 2442 1624 2481 civis
1652 2442 1703 2479 iti
1724 2439 1868 2479 ncccss'c

510 2517 577 2562 cst,
600 2524 642 2553 ut
664 2515 707 2555 fit
727 2524 860 2555 contra
879 2513 975 2560 hate,
998 2528 1083 2568 quae
1104 2514 1270 2554 civitatis
1292 2513 1430 2552 statum
1452 2519 1691 2565 pervertunt,
1720 2508 1871 2561 semper

510 2591 694 2623 armatus.

2218 1491 2223 1511 -.
2206 1340 2223 1469 ,ᾼ-Α..
