2223 3003
467 211 549 247 404
743 193 1543 237 PHILOSOPHICORUM

1278 254 1301 274 .

468 298 581 336 Nox.
605 296 829 350 Appendiv]
861 294 972 332 Vidit
992 294 1112 339 enim,
1135 294 1240 346 quod
1267 293 1479 332 videndum
1498 293 1589 339 fuit,
1616 295 1870 347 appendicem
1925 303 1929 305 ’

522 364 639 400 animi
659 361 728 398 effe
749 373 901 412 corpus,
923 359 1101 411 nihilque
1120 359 1161 397 in
1181 373 1227 397 eo
1246 358 1318 398 effe
1338 373 1542 413 magnum.

468 429 520 466 D.
540 430 658 465 AUG.
680 426 741 464 lib.
766 439 857 464 Χιν.
889 434 968 479 cap.
1003 427 1070 465 ult.
1094 422 1222 479 Tria]
1281 427 1380 480 Qae
1410 427 1521 466 nobis
1553 425 1634 464 dies
1667 426 1872 480 noctesque

521 493 860 538 confiderantibus‚
883 492 1182 546 acuentibusque
1209 493 1524 547 intelligentiam,
1551 506 1637 546 quae
1655 493 1709 531 est
1728 493 1870 532 mentis

521 560 632 605 acies,
654 559 968 612 caventibusque,
998 560 1202 614 nequando
1232 559 1299 598 illa
1317 559 1508 606 hebescat,
1533 573 1672 613 magna
1691 559 1771 613 spes
1802 559 1869 604 est,

520 635 586 664 aut
619 626 645 664 fi
678 625 755 664 hoc
788 625 892 678 quod
922 626 1108 664 sentimus
1142 635 1181 664 et
1211 626 1394 679 sapimus,
1425 625 1587 665 mortale
1612 634 1651 664 et
1679 625 1871 664 caducum

520 692 820 745 cst,jucundum
841 692 967 737 nobis,
983 690 1194 744 perfunctis
1214 692 1441 730 muneribus
1461 691 1657 737 humanis,
1678 690 1870 736 occasum,

520 771 646 810 neque
676 757 876 796 molestam
907 758 1201 802 extinctionem,
1231 767 1269 795 et
1300 758 1404 810 quasi
1435 758 1609 810 quietem
1643 757 1731 796 vitae
1760 755 1871 796 fore:

520 835 586 862 aut
605 825 646 869 fi,
678 833 722 861 ut
741 823 909 874 antiquis
928 821 1184 874 philosophis,
1205 821 1342 874 hisque
1361 823 1558 868 maximis,
1579 823 1773 876 longeque
1792 823 1873 861 cla-

521 890 672 930 riffimis
693 889 852 942 placuit,
881 897 1039 926 aeternos
1060 888 1224 934 animos,
1251 902 1294 926 ac
1314 888 1465 927 divinos
1485 887 1674 928 habemus
1688 909 1701 935 ς
1732 889 1782 928 fic
1802 903 1872 929 ex-

520 955 770 995 istimandum
791 954 857 999 est,
879 968 958 1007 quo
978 954 1100 1007 magis
1131 953 1174 992 hi
1193 953 1339 992 fuerint
1358 954 1505 1008 semper
1524 955 1565 992 in
1586 955 1712 1000 cursu,
1739 955 1781 993 id
1805 955 1875 1001 est,

521 1023 562 1062 in
583 1022 729 1061 ratione
748 1029 787 1060 et
817 1020 1070 1073 investigandi
1091 1019 1314 1073 cupiditate,
1347 1029 1386 1058 et
1411 1034 1491 1072 quo
1517 1021 1648 1059 minus
1670 1020 1706 1058 se
1731 1009 1874 1060 admis-

521 1089 672 1128 cuerint
703 1097 817 1140 atque
847 1086 1114 1139 implicuerint
1148 1085 1357 1125 hominum
1388 1086 1492 1125 vitiis
1523 1096 1638 1139 atque
1668 1087 1874 1133 erroribus,

522 1156 597 1193 hoc
619 1155 695 1193 illis
717 1153 932 1192 faciliorem
953 1152 1147 1191 ascensum
1168 1163 1207 1190 et
1227 1153 1395 1192 reditum
1414 1153 1454 1191 in
1475 1153 1615 1192 caelum
1634 1152 1729 1192 fore.
1763 1154 1876 1205 Qa-

521 1231 690 1274 propter‚
714 1229 757 1258 ut
777 1219 982 1272 aliquando
1002 1219 1230 1258 terminetur
1250 1220 1385 1264 oratio,
1417 1219 1443 1257 fi
1475 1230 1540 1258 aut
1560 1220 1736 1272 extingui
1768 1229 1875 1258 tran-

521 1287 642 1340 quille
662 1287 857 1330 volumus,
879 1299 972 1323 cum
992 1286 1033 1323 in
1054 1284 1114 1324 his
1135 1286 1280 1324 artibus
1297 1286 1522 1330 vixerimus,
1545 1295 1609 1324 aut
1629 1285 1654 1324 fi
1673 1299 1720 1324 ex
1741 1285 1812 1324 hac
1833 1286 1875 1324 in

522 1353 637 1391 aliam
668 1352 772 1390 haud
792 1351 906 1404 paulo
937 1351 1138 1390 meliorem
1161 1352 1325 1390 domum
1354 1351 1429 1390 fine
1449 1365 1557 1390 mora
1577 1351 1802 1405 demigrare,
1834 1352 1877 1390 in

522 1418 583 1458 his
602 1418 735 1458 studiis
757 1417 869 1457 nobis
890 1417 1018 1456 omnis
1039 1430 1153 1470 opera
1172 1426 1211 1456 et
1230 1430 1321 1457 cura
1339 1418 1516 1471 ponenda
1534 1417 1602 1456 est.

605 1638 670 1677 M.
714 1638 914 1685 CATO,
958 1649 1055 1684 SEU,
1096 1638 1266 1678 LAUS
1297 1639 1362 1679 Μ.
1395 1637 1736 1678 CATONIS.

467 1770 612 1807 Gen..
634 1767 696 1807 lib.
717 1781 821 1807 xm.
854 1776 933 1822 cap.
958 1767 1041 1822 18.]
1073 1769 1268 1822 Pronepos
1289 1769 1352 1808 M.
1377 1768 1536 1807 Catonis
1556 1750 1731 1807 censorii.

469 1835 629 1874 MAcR.
650 1834 712 1872 lib.
735 1848 797 1873 v1.
820 1843 901 1888 cap.
927 1835 986 1887 2.]
1017 1835 1282 1887 Contingebat
1302 1836 1342 1873 in
1362 1848 1421 1880 eo,
1443 1835 1550 1887 quod
1570 1834 1759 1887 plerisque
1779 1847 1878 1872 con-

523 1909 580 1938 tra
599 1898 706 1944 solet,
728 1908 771 1938 ut
791 1901 935 1952 majora
953 1900 1085 1938 omnia
1103 1913 1156 1945 re,
1173 1913 1292 1952 quam
1308 1900 1425 1944 fama,
1446 1901 1689 1938 viderentur:
1714 1900 1753 1937 id
1773 1900 1877 1951 quod

523 1979 601 2005 non
622 1965 717 2018 saepe
737 1966 879 2012 evenit,
915 1975 959 2005 ut
978 1966 1192 2020 expectatio
1222 1980 1244 2005 a
1273 1966 1510 2021 cognitione,
1535 1978 1641 2005 aures
1673 1966 1719 2004 ab
1750 1965 1876 2004 oculis

523 2033 780 2072 vincerentur.

772 2203 876 2243 DE
935 2201 1309 2249 GLORIA,
1372 2203 1570 2242 L1n.1.

469 2335 651 2389 CAR15.]
683 2335 728 2374 In
748 2332 1018 2372 Tusculanum
1038 2331 1139 2373 mihi
1159 2333 1435 2373 nuntiabantur
1454 2331 1669 2387 gladiatorii
1693 2331 1804 2370 fibili.

469 2403 643 2442 Fusws
665 2401 726 2440 lib.
752 2399 875 2452 xn1.]
898 2400 1150 2454 Oppidorum
1169 2399 1467 2454 appellationem
1484 2398 1726 2453 usurpatione
1743 2396 1875 2450 appel-

524 2469 640 2509 latam
660 2467 731 2509 esse
750 2467 942 2515 existimo,
963 2468 1070 2523 quod
1088 2480 1205 2523 opem
1223 2466 1369 2508 darent.
