2223 3003
458 267 534 321 366
896 262 1419 301 PARADOXA.

455 367 565 404 laude
585 366 762 417 dignum.
797 360 985 400 Echionis
1006 361 1136 399 tabula
1167 371 1204 399 te
1224 361 1423 415 stupidum
1444 361 1604 408 detinet,
1625 370 1689 400 aut
1710 362 1864 416 signum

454 432 610 484 aliquod
632 428 835 480 Polycleti.
870 429 1042 473 Omitto,
1060 428 1162 466 unde
1183 428 1388 474 sustuleris,
1419 438 1457 466 et
1477 429 1677 482 quomodo
1707 428 1861 467 habeas.

456 500 679 537 Intuentem
712 505 775 540 te,
807 495 1061 534 admirantem
1080 525 1091 541 ‚
1134 496 1320 535 clamores
1356 497 1561 535 tollentem
1595 511 1689 535 cum
1721 497 1860 543 video,

453 564 603 602 servum
631 574 666 601 te
696 562 768 600 ess‘e
799 562 1033 615 ineptiarum
1063 563 1242 601 omnium
1267 563 1417 615 judico.
1451 564 1595 602 Nonne
1625 563 1746 616 igitur
1776 563 1864 601 sunt

452 630 518 668 illa
548 629 707 668 festiva?
739 630 862 667 Sunt:
895 642 985 667 nam
1017 642 1086 667 nos
1113 643 1270 681 quoque
1299 630 1432 668 oculos
1458 631 1627 668 eruditos
1658 629 1862 668 habemus.

454 696 525 734 Sed
557 695 712 734 obsecro
748 705 797 740 te,
829 695 881 733 ita
911 695 1065 733 venusta
1094 694 1307 734 habeantur
1341 696 1421 742 ista,
1450 711 1527 735 non
1550 706 1593 735 ut
1618 696 1774 735 vincula
1803 696 1863 733 vi-

422 785 426 789 ·
453 775 584 800 rorum
606 762 691 806 sint,
723 760 784 799 sed
806 770 849 799 ut
872 761 1153 800 oblectamenta
1172 775 1396 814 puerorum.
1428 763 1537 814 Qid
1567 763 1674 801 enim
1704 761 1862 800 censes?

453 829 479 867 fi
512 830 560 867 L.
591 828 817 867 Mummius
847 828 1019 879 aliquem
1049 827 1210 866 istorum
1240 828 1386 867 videret
1422 829 1689 868 matellionem
1719 829 1863 867 Corin-

452 894 583 933 thium
605 893 848 946 cupidiffime
874 894 1115 938 tractantem,
1148 906 1242 931 cum
1263 893 1342 946 ipse
1362 902 1483 932 totam
1507 895 1744 934 Corinthum
1766 908 1862 934 con-

453 960 685 1014 tempsiffet3
718 958 850 998 utrum
872 959 987 998 illum
1008 960 1135 998 civem
1165 960 1438 1005 excellentem,
1470 975 1517 999 an
1539 961 1739 1000 atriensem
1770 961 1863 999 dili-

452 1036 624 1080 gentem,
656 1026 838 1080 putaret?
870 1025 1088 1064 Reviviscat
1123 1027 1199 1065 Μ’.
1238 1027 1396 1072 Curius,
1441 1037 1507 1066 aut
1537 1041 1674 1066 eorum
1708 1027 1863 1080 aliquiS,

452 1107 623 1146 quorum
652 1093 692 1130 in
713 1092 804 1130 villa
824 1106 866 1131 ac
886 1092 1005 1131 domo
1025 1091 1126 1130 nihil
1154 1092 1417 1146 splendidum,
1449 1093 1550 1132 nihil
1570 1104 1751 1133 ornatum
1772 1093 1863 1139 fuit,

451 1169 588 1214 praeter
607 1159 721 1213 ipsos,
752 1168 791 1197 et
810 1160 938 1197 videat
956 1159 1128 1212 aliquem
1150 1159 1312 1200 summis
1334 1161 1470 1215 populi
1502 1161 1698 1200 beneficiis
1735 1160 1863 1205 usum,

452 1227 672 1266 barbatulos
704 1227 848 1266 mullos
879 1236 1147 1280 exceptantem
1167 1228 1214 1266 de
1234 1228 1392 1282 piscina,
1423 1238 1462 1267 et
1486 1231 1796 1283 pertractantem,
1827 1238 1867 1266 et

452 1308 711 1333 muraenarum
744 1294 856 1347 copia
881 1294 1126 1346 gloriantem,
1163 1308 1291 1333 nonne
1324 1294 1432 1334 hunc
1464 1295 1670 1335 hominem
1706 1296 1758 1333 ita
1787 1295 1864 1333 ser-

451 1375 545 1399 vum
571 1361 736 1413 judicet,
768 1369 811 1398 ut
842 1373 890 1398 ne
925 1360 965 1398 in
999 1359 1149 1398 familia
1182 1361 1344 1414 quidem
1365 1361 1531 1415 dignum
1558 1363 1704 1414 majore
1734 1361 1866 1414 aliquo

451 1428 609 1481 negotio
630 1436 738 1482 putet
756 1427 769 1463 ?
800 1429 865 1465 An
885 1440 1021 1465 eorum
1041 1427 1201 1466 servitus
1232 1429 1351 1467 dubia
1369 1429 1436 1475 est,
1460 1430 1528 1482 qui
1547 1429 1761 1482 cupiditate
1793 1443 1864 1482 pe-

451 1495 547 1532 culii
568 1494 716 1532 nullam
736 1492 1006 1531 conditionem
1025 1493 1198 1532 recusant
1218 1494 1424 1532 duriffimae
1441 1495 1661 1533 servitutis?
1685 1495 1865 1533 Haeredi-

452 1561 539 1599 tatis
570 1560 651 1614 spes
673 1559 769 1612 quid
797 1559 1013 1612 iniquitatis
1046 1559 1087 1598 in
1107 1559 1305 1600 serviendo
1333 1574 1413 1600 non
1433 1561 1620 1614 suscipit?
1647 1574 1767 1614 quem
1787 1575 1864 1599 nu-

453 1637 538 1665 tum
560 1626 765 1680 locupleti8
785 1626 871 1665 orbi
891 1625 987 1665 senis
1015 1639 1094 1665 non
1108 1626 1310 1666 observat?
1340 1627 1517 1680 loquitur
1531 1627 1578 1666 ad
1597 1627 1836 1667 voluntatem
1850 1645 1864 1674 ς

451 1693 644 1746 quidquid
664 1692 937 1731 denuntiatum
966 1693 1025 1738 fit,
1056 1692 1151 1732 facit
1166 1712 1179 1740 ;
1211 1693 1422 1740 affectatur,
1454 1694 1598 1740 affidet‚
1622 1703 1862 1734 muneratur.

452 1761 560 1812 Qid
581 1759 724 1799 horum
745 1760 798 1798 est
818 1760 929 1798 liberi
948 1761 961 1798 ?
993 1761 1091 1814 quid
1111 1761 1278 1815 denique
1297 1775 1377 1801 non
1397 1761 1492 1800 servi
1512 1762 1646 1801 inertis
1665 1763 1678 1799 ?

508 1827 581 1864 III.
625 1827 763 1879 Qid?
790 1828 873 1878 jam
907 1827 975 1865 illa
1004 1828 1195 1881 cupiditas
1228 1829 1334 1881 (quae
1364 1829 1516 1868 videtur
1545 1829 1616 1868 esse
1647 1828 1861 1881 liberalior)

450 1892 621 1935 honoris,
654 1892 824 1944 imperii,
856 1893 1156 1945 provinciarum,
1185 1908 1303 1946 quam
1333 1895 1498 1933 duraest
1525 1895 1713 1934 domina!
1744 1908 1863 1947 quam

451 1957 654 2012 imperiosa
672 1958 679 1995 !
716 1971 835 2010 quam
856 1957 1065 1997 vehemens
1085 1959 1092 1996 !
1126 1958 1303 2014 Cethego
1323 1959 1477 1999 homini
1499 1973 1577 1999 non
1598 1961 1863 2014 probatiffimo

452 2025 586 2063 servire
604 2024 731 2077 coegit
766 2037 843 2070 eos,
883 2025 951 2077 qui
974 2025 1043 2064 s1bi
1070 2024 1141 2064 effe
1167 2027 1389 2080 amplissimi
1417 2027 1671 2073 videbantur5
1705 2040 1864 2066 munera

451 2092 619 2136 mittere,
651 2092 768 2129 nostu
803 2092 932 2129 venire
966 2091 1131 2131 domum
1163 2094 1208 2131 ad
1235 2107 1340 2138 cum,
1377 2095 1541 2147 precari,
1574 2095 1741 2147 denique
1772 2094 1862 2147 sup-

450 2159 604 2212 plicare.
629 2159 727 2211 Qae
749 2157 906 2196 servitus
926 2158 992 2204 est,
1011 2159 1035 2196 si
1053 2158 1133 2198 haec
1150 2159 1304 2199 libertas
1325 2162 1532 2200 existimari
1553 2162 1675 2215 potest
1693 2163 1705 2199 ?
1730 2162 1861 2213 Qid?

450 2237 542 2261 cum
565 2224 823 2277 cupiditatum
851 2223 1072 2263 dominatus
1092 2225 1260 2270 excessit,
1293 2235 1330 2264 et
1352 2226 1448 2265 alius
1476 2226 1528 2265 est
1548 2228 1728 2266 dominus
1749 2240 1861 2266 exor-

451 2299 512 2328 tus
547 2304 592 2328 cx
628 2289 860 2328 conscientia
896 2301 1157 2343 peccatorum,
1191 2293 1340 2330 timor?
1377 2306 1495 2345 quam
1525 2293 1578 2331 est
1612 2293 1676 2331 illa
1714 2292 1861 2337 misem,

450 2369 567 2408 qumn
589 2356 682 2394 dura
703 2355 883 2394 servitus!
918 2357 1239 2397 Adulescentibus
1272 2358 1386 2412 paulo
1407 2358 1692 2411 loquacioribus
1713 2359 1765 2396 cst
1786 2357 1861 2397 scr-

451 2423 662 2461 vicndum:
695 2437 843 2468 omnes,
877 2425 945 2476 qui
977 2424 1124 2477 aliquid
1146 2425 1237 2464 scire
1258 2426 1448 2470 videntur,
1482 2434 1665 2479 tanquam
1695 2427 1861 2471 domini,

454 2491 653 2528 timentur.
688 2490 811 2541 Judcx
835 2504 922 2528 vcro
943 2502 1134 2543 quantum
1166 2491 1281 2530 habet
1302 2493 1547 2531 dominatum
1569 2494 1580 2531 ?
1613 2508 1691 2547 quo
1725 2494 1863 2531 timore

452 2566 633 2595 nocentes
654 2557 803 2595 adicit?
836 2559 898 2595 An
922 2572 997 2597 non
1019 2559 1072 2597 cst
1098 2559 1224 2599 omnis
1248 2569 1388 2605 metus,
1412 2559 1596 2600 servitus?
1635 2560 1743 2613 Qid
1764 2560 1861 2598 valet
