2223 3003
495 221 583 273 296
830 217 937 257 DE
996 213 1574 254 SENECTUTE.

497 320 621 374 digna
639 317 726 358 effet
742 315 925 369 opinione
946 313 1076 359 vestra,
1098 313 1303 367 nostroque
1321 313 1557 366 cognomine
1573 311 1601 364 !)
1623 311 1664 350 in
1683 309 1759 351 hoc
1774 312 1907 352 sumus

502 385 701 439 sapientes,
734 381 840 435 quod
864 389 1040 419 naturam
1059 380 1252 433 optimam
1272 379 1427 424 ducern,
1459 388 1643 431 tanquam
1669 377 1816 422 Deum,
1849 378 1907 416 se-

503 452 675 503 quimur,
711 449 823 501 eique
853 459 1030 500 paremus
1049 465 1059 491 ;
1091 459 1112 484 a
1131 460 1207 499 qua
1235 460 1314 485 non
1334 445 1535 484 verifimile
1553 444 1620 490 est,
1651 457 1746 482 curn
1765 451 1908 482 caeterae

504 525 626 568 partes
648 514 766 553 :etatis
787 513 883 551 bene
903 511 1097 565 descriptae
1118 511 1204 556 sint,
1235 522 1455 550 extremum
1488 512 1632 555 aetum,
1657 518 1841 562 tanquam
1861 506 1909 545 ab

498 581 616 619 ‚inerti
638 588 762 634 poeta,
784 578 856 618 effe
886 578 1121 631 neglectum.
1166 577 1237 616 Sed
1259 588 1388 616 tamen
1409 576 1550 615 necesse
1570 575 1646 614 fuit
1665 574 1736 613 effe
1761 571 1910 626 aliquid

504 657 738 692 extremum,
771 657 823 691 et,
860 654 1044 698 tanquam
1066 645 1105 683 in
1140 645 1321 683 arborum
1343 644 1469 682 baccis
1502 652 1684 696 terraeque
1715 640 1909 694 frugibus,

504 714 725 753 maturitate
745 710 966 764 tempestiva
984 710 1086 763 quasi
1105 711 1255 749 vietum
1275 719 1313 748 et
1333 710 1524 748 caducum
1540 727 1552 754 ;
1584 707 1689 761 quod
1709 705 1912 745 ferendum

503 779 558 818 est
577 779 747 818 molliter
765 777 937 830 sapienti.
961 776 1070 827 Qid
1085 776 1190 814 enim
1212 776 1265 814 est
1280 775 1398 821 aliud,
1415 776 1620 829 gigantum
1638 773 1756 812 modo
1773 771 1912 811 bellare

505 859 598 884 cum
617 845 719 889 Diis,
743 843 810 881 nis1
832 851 974 880 naturae
995 843 1230 894 repugnare?

561 912 763 949 LAELms.
811 906 951 959 Atqui,
991 907 1105 951 Cato,
1144 906 1401 958 gratiffimum
1439 907 1566 951 nobis,
1611 915 1653 945 ut
1691 907 1808 944 etiam
1844 915 1914 957 pro

506 977 686 1030 Scipione
714 974 925 1027 pollicear,
962 971 1123 1018 feceris,
1159 973 1211 1018 fi,
1244 973 1430 1026 quoniam
1460 973 1673 1026 speramus,
1709 973 1912 1024 (volumus

505 1042 666 1097 quidem
693 1041 813 1092 certe)
846 1039 948 1078 senes
970 1039 1066 1085 fieri,
1098 1048 1185 1078 ante
1205 1039 1334 1078 multo
1354 1052 1374 1077 a
1405 1048 1442 1077 te
1472 1039 1736 1083 didicerimus,
1772 1038 1914 1091 quibus

503 1108 696 1148 facillime
744 1105 956 1145 rationibus
1001 1105 1329 1158 ingravescentem
1378 1114 1529 1144 aetatem
1565 1103 1663 1143 ferre
1712 1104 1913 1158 poffirnus.

509 1178 660 1216 CATO.
684 1174 841 1214 Faciam
867 1186 970 1218 vero,
1003 1173 1100 1211 Laeli
1116 1191 1128 1219 5
1160 1172 1368 1226 praesertim
1401 1172 1427 1211 fi
1459 1172 1613 1226 utrique
1643 1171 1809 1211 vestrum
1829 1185 1916 1224 gra-

508 1252 611 1288 tum,
634 1251 677 1280 ut
697 1240 807 1286 dieis,
839 1239 1018 1278 futurum
1040 1239 1106 1278 est.
1149 1241 1315 1278 SC1P10.
1339 1239 1533 1277 Volumus
1553 1239 1650 1285 sane,
1683 1239 1752 1277 nisi
1774 1239 1916 1278 moles-

510 1319 596 1348 tum
617 1308 682 1354 est,
715 1309 828 1352 Cato,
856 1315 1041 1359 tanquam
1062 1305 1233 1358 aliquam
1254 1306 1357 1344 viam
1377 1305 1535 1358 longam
1553 1304 1778 1351 confeceris,
1799 1320 1918 1359 quam

509 1376 622 1414 nobis
653 1387 809 1427 quoque
839 1371 1137 1426 ingrediendum
1178 1371 1237 1418 fit,
1269 1371 1380 1418 istuc,
1418 1386 1497 1425 quo
1526 1371 1744 1426 pervenisti,
1775 1373 1916 1419 videre,

508 1442 624 1496 quale
645 1441 702 1480 fit.

566 1510 641 1547 ΙΙΙ.
675 1509 820 1546 CATO.
858 1507 1029 1552 Faciam,
1068 1516 1112 1545 ut
1144 1516 1293 1560 potero,
1330 1507 1451 1546 Laeli:
1498 1506 1592 1560 saepe
1621 1506 1728 1545 enim
1763 1505 1921 1545 interfui

508 1574 676 1631 querelis
699 1587 877 1612 meorum
908 1573 1130 1626 aequalium‚
1166 1574 1299 1626 (pares
1327 1582 1456 1611 autern
1478 1586 1571 1611 cum
1602 1573 1772 1626 paribus,
1791 1573 1923 1612 *veteri

512 1641 730 1696 proverbio,
763 1639 953 1678 facillime
981 1641 1280 1694 congregantur)
1312 1654 1398 1693 quae
1432 1641 1480 1678 C.
1504 1639 1704 1685 Salinator,
1738 1653 1823 1693 quae
1855 1641 1920 1693 Sp.

512 1709 697 1753 Albinus,
731 1706 910 1745 homines
931 1706 1160 1752 consulares,
1183 1707 1300 1746 nostri
1334 1705 1414 1745 fere
1439 1706 1618 1760 aequales,
1649 1706 1842 1760 deplorare
1861 1706 1923 1745 so-

512 1775 670 1820 lebant;
702 1783 789 1812 turn
810 1772 916 1826 quod
936 1773 1200 1827 voluptatibus
1218 1782 1402 1818 carerent,
1434 1772 1509 1811 fine
1529 1773 1673 1826 quibus
1692 1774 1811 1811 vitam
1832 1773 1923 1811 nul-

514 1842 592 1879 lam
613 1850 816 1893 putarent;
840 1849 925 1878 tum
947 1839 1052 1892 quod
1073 1840 1337 1893 spernerentur
1357 1840 1404 1878 ab
1424 1840 1485 1885 iis,
1508 1853 1528 1878 a
1548 1840 1690 1893 quibus
1711 1839 1829 1879 effent
1848 1839 1925 1878 coli

515 1907 643 1945 soliti:
676 1907 744 1958 qui
766 1904 865 1942 mihi
898 1918 974 1943 non
1007 1905 1046 1942 id
1079 1905 1306 1943 videbantur
1337 1905 1521 1951 accusare,
1552 1907 1658 1958 quod
1693 1906 1781 1945 esset
1809 1920 1924 1944 accu-

517 1973 692 2011 sandum.
726 1971 848 2015 Nam,
876 1970 901 2008 fi
924 1970 962 2008 id
982 1970 1097 2023 culpa
1118 1970 1318 2009 senectutis
1339 1971 1542 2016 accideret,
1571 1971 1704 2009 eadem
1726 1970 1826 2009 mihi
1858 1972 1926 2010 usu

517 2039 728 2082 evenirent,
762 2036 993 2089 reliquisque
1027 2037 1225 2082 omnibus,
1257 2037 1467 2090 majoribus
1500 2046 1619 2082 natu;
1652 2051 1821 2090 quorum
1854 2051 1927 2090 ego

517 2105 735 2144 multorum
757 2104 924 2156 cognovi
947 2103 1180 2141 senectutem
1204 2103 1278 2142 sine
1299 2103 1466 2157 querela,
1496 2104 1564 2157 qui
1587 2103 1621 2142 se
1650 2114 1689 2142 et
1717 2104 1927 2143 libidinum

518 2172 684 2210 vinculis
706 2171 850 2208 laxatos
871 2168 942 2207 esse
962 2183 1039 2208 non
1071 2169 1228 2208 moleste
1249 2168 1406 2214 ferrent,
1446 2184 1514 2209 nec
1536 2183 1556 2208 a
1583 2170 1657 2209 suis
1687 2170 1926 2224 despiceren-

521 2249 595 2276 tur.
640 2237 711 2275 Sed
742 2237 923 2275 omnium
955 2235 1168 2274 istiusmodi
1188 2236 1429 2290 querelarum
1461 2237 1500 2275 in
1533 2237 1707 2275 moribus
1727 2237 1780 2275 est
1799 2237 1926 2290 culpa,

520 2319 595 2342 non
630 2304 667 2341 in
701 2313 833 2341 aetate:
867 2302 1053 2341 moderati
1087 2303 1208 2347 enim,
1244 2312 1282 2340 et
1303 2316 1373 2341 nce
1400 2302 1593 2347 difficiles,
1626 2315 1694 2340 nec
1724 2301 1927 2340 inhumani

520 2371 624 2410 senes
657 2369 896 2407 tolerabilem
932 2379 1051 2422 agunt
1072 2369 1328 2408 senectutem:
1361 2369 1635 2423 importunitas
1656 2379 1786 2407 autem
1808 2378 1844 2407 ct
1868 2370 1928 2408 in-

518 2436 741 2475 humanitas
762 2436 870 2473 omni
892 2437 991 2473 artati
1013 2435 1170 2474 molesta
1188 2435 1253 2474 est.

581 2504 775 2542 mes.
811 2502 889 2546 Est,
913 2512 954 2540 ut
975 2503 1086 2548 dicis,
1119 2504 1243 2541 Cato:
1278 2502 1337 2540 scd
1374 2500 1521 2541 fortasse
1552 2502 1692 2541 dixerit
1722 2501 1928 2556 quispiam,

520 2569 593 2610 tibi
615 2578 772 2623 propter
792 2583 897 2623 opes,
923 2578 959 2608 ct
980 2570 1123 2624 copias,
1155 2578 1193 2608 et
1220 2569 1452 2624 dignitatem
1482 2578 1604 2616 tuam,
1634 2568 1930 2611 tolerabiliorem
