2223 3003
738 200 1340 242 FRAGMENTA.

1648 221 1718 255 431

323 308 361 338 et
381 300 432 338 ob
462 298 529 338 has
550 307 725 352 generata
743 299 883 345 causas,
916 294 1039 338 unum
1059 300 1268 338 circuitum
1290 301 1391 340 orbis
1426 301 1545 340 efficit
1581 302 1726 356 sapien-

325 365 512 404 tiffimum
534 374 648 418 atque
668 366 894 418 optimum:
927 366 1064 404 menfis
1096 376 1237 411 autem,
1273 367 1427 419 quando
1459 368 1548 406 luna
1574 370 1728 409 lustrato

323 430 390 468 suo
410 431 520 469 cursu
544 431 664 470 solem
683 431 884 470 consecuta
905 432 956 469 est
976 447 985 470 :
1018 446 1153 477 annus,
1188 433 1255 470 ubi
1276 433 1327 472 sol
1350 434 1461 473 suum
1484 444 1611 474 totum
1630 451 1726 475 con-

323 495 417 535 fecit
437 506 475 536 et
505 498 716 550 peragravit
747 498 896 536 orbem.
942 499 1179 537 Caeterorum
1212 509 1340 537 autem
1362 501 1527 540 siderum
1559 504 1727 543 ambitus

324 563 541 616 ignorantes
575 563 770 609 homines,
814 573 950 617 practer
983 564 1195 602 admodum
1229 579 1385 617 paucos,
1430 582 1554 621 neque
1584 583 1728 609 nomen

326 629 533 682 appellant,
565 642 690 681 neque
720 630 820 668 inter
854 630 889 667 se
923 643 1087 668 numero
1116 632 1438 672 commetiuntur.
1485 636 1617 687 Itaque
1645 637 1728 674 nes-

323 696 457 740 ciunt,
501 694 573 734 hos
608 695 773 733 siderum
803 709 946 733 errores
981 696 1021 733 id
1054 696 1180 748 ipsum
1214 697 1309 742 effe,
1355 700 1459 750 quod
1489 701 1558 738 rite
1588 703 1730 741 dicitur

325 770 493 814 tempus,
515 760 769 799 multitudine
787 761 952 806 infinita,
984 762 1161 800 varietate
1181 762 1398 801 admirabili
1419 766 1611 817 praeditos.
1654 770 1730 806 At-

325 835 455 865 tamen
489 827 588 866 illud
620 826 782 881 perspici
817 837 854 866 et
890 827 1057 880 intelligi
1091 828 1234 881 potest,
1276 830 1450 868 absoluto
1483 831 1731 886 perfectoque

324 907 486 933 numero
518 895 720 947 temporiS‚
751 894 970 933 absolutum
1002 893 1293 947 perfeetumque
1320 910 1465 935 annum
1492 907 1585 936 tunc
1617 914 1729 938 com-

324 960 422 1012 pleri
443 960 622 1013 denique,
654 973 746 998 cum
776 960 813 999 se
844 963 930 999 offilo
951 961 1134 1005 ambitus,
1167 961 1351 1000 confectis
1372 963 1446 1001 suiS
1468 965 1653 1010 curfibus,
1685 967 1730 1004 ad

324 1026 429 1064 idem
451 1036 566 1080 caput
586 1026 810 1072 retulerunt,
842 1041 1011 1080 cumque
1038 1041 1101 1065 eos
1129 1028 1350 1080 permensus
1372 1029 1424 1067 est
1444 1030 1547 1068 idem
1569 1041 1606 1069 et
1628 1032 1729 1070 sem-

325 1105 392 1145 per
422 1093 478 1130 sui
498 1093 633 1131 fimilis
654 1093 772 1131 orbis.
819 1095 902 1132 Has
925 1094 1043 1146 igitur
1063 1094 1113 1131 ob
1134 1094 1259 1132 causas
1280 1104 1367 1133 nata
1397 1096 1490 1133 astra
1515 1097 1615 1143 sunt,
1647 1112 1731 1150 qum

326 1172 391 1211 per
410 1159 549 1198 caelum
582 1160 819 1212 penetrantia
839 1160 1024 1198 solstitiali
1056 1160 1090 1197 se
1121 1168 1158 1197 et
1188 1160 1356 1199 brumali
1377 1163 1614 1201 revocatione
1634 1178 1730 1202 con-

325 1234 538 1270 verterent,
562 1233 605 1262 ut
624 1223 700 1263 hoc
721 1239 837 1264 omne
856 1225 1012 1271 animal,
1037 1225 1141 1277 quod
1161 1226 1351 1272 videmus,
1372 1227 1461 1266 esset
1480 1228 1538 1266 illi
1559 1229 1730 1274 animali,

326 1290 432 1344 quod
451 1291 650 1335 sentimus,
673 1290 719 1328 ad
739 1291 960 1330 aeternitatis
980 1291 1240 1330 imitationem
1261 1292 1522 1332 simillimum.

381 1357 434 1396 X.
466 1358 520 1396 Et
540 1366 674 1396 caetera
699 1357 860 1410 quidem
880 1358 999 1410 usque
1029 1358 1076 1396 ad
1105 1358 1289 1411 temporis
1320 1369 1450 1398 ortum
1481 1360 1656 1413 impressa
1686 1361 1733 1399 ab

326 1423 429 1470 illis,
463 1437 550 1476 quae
587 1423 834 1469 imitabatur,
883 1425 1108 1463 effinxerat:
1152 1424 1229 1469 sed,
1273 1425 1365 1478 quia
1404 1426 1580 1465 nondum
1615 1441 1732 1465 omne

327 1489 471 1527 animal
500 1489 541 1526 in
575 1488 725 1526 mundo
754 1490 858 1526 intus
895 1489 1123 1534 incluserat,
1168 1503 1214 1527 ex
1245 1504 1287 1527 ea
1319 1500 1424 1543 parte
1458 1492 1656 1532 deficiebat
1686 1494 1732 1531 ad

326 1555 566 1608 propositum
587 1553 784 1606 exemplar
803 1555 984 1607 imaginis
1002 1555 1228 1593 fimilitudo.
1261 1556 1370 1607 Qot
1389 1557 1522 1610 igitur,
1543 1568 1580 1596 et
1601 1559 1731 1611 quales

327 1620 556 1659 animalium
576 1618 718 1658 formas
740 1633 864 1665 mem,
893 1620 933 1658 in
955 1619 1120 1673 speciem
1142 1634 1269 1659 rerum
1290 1621 1458 1667 intuens,
1481 1631 1628 1676 poterat
1647 1637 1732 1662 cer-

327 1699 430 1731 nere,
464 1685 628 1724 totidem
659 1694 698 1723 et
729 1685 820 1724 tales
852 1686 891 1724 in
912 1684 987 1724 hoc
1009 1686 1156 1725 mundo
1177 1686 1306 1725 secum
1327 1688 1510 1741 cogitavit
1536 1689 1731 1743 effingere.

328 1753 450 1791 Erant
468 1761 598 1791 autem
619 1752 878 1791 animantium
909 1766 1045 1806 genera
1072 1762 1238 1806 quatuor
1248 1771 1260 1798 3
1292 1768 1459 1806 quorum
1487 1769 1609 1794 unum
1631 1757 1732 1795 divi-

328 1833 425 1858 num
460 1828 576 1871 atque
609 1819 772 1865 celeste;
814 1819 978 1858 alterum
1009 1820 1264 1873 pennigerum
1299 1831 1338 1859 et
1367 1822 1513 1860 aerium
1530 1840 1541 1866 3
1575 1823 1732 1861 tertium

326 1885 493 1938 aquatile
509 1903 522 1930 3
553 1885 736 1931 terrestre,
759 1895 954 1938 quartum.
988 1887 1141 1925 Divinae
1172 1886 1417 1925 animationis
1453 1888 1623 1926 maxime
1649 1888 1734 1942 spe-

328 1952 429 1990 ciem
450 1949 615 1990 faciebat
647 1963 694 1990 ex
729 1951 832 2004 igne,
863 1952 915 1990 ita
946 1961 991 1991 ut
1023 1951 1345 2005 splendidissimus
1377 1952 1480 1998 ess'et,
1511 1963 1549 1992 et
1583 1954 1734 2007 aspectu

330 2016 630 2070 pulcherrimus.
663 2018 847 2071 Cumque
867 2017 1033 2057 similem
1050 2018 1300 2056 universitatis
1322 2028 1462 2057 naturae
1481 2019 1630 2057 efficere
1651 2021 1732 2058 vel-

330 2082 397 2128 Iet,
433 2083 480 2121 ad
512 2083 800 2122 volubilitatem
833 2084 1082 2129 rotundavit,
1122 2083 1389 2135 comitemque
1421 2096 1513 2122 eum
1546 2083 1735 2137 sapientiae

329 2162 447 2201 quam
465 2149 623 2201 optimae
644 2150 787 2187 mentis
807 2149 950 2194 effecit,
983 2150 1211 2201 circumque
1231 2148 1369 2186 caelum
1391 2150 1585 2202 aequaliter
1605 2151 1732 2190 distri-

330 2215 430 2261 buit,
464 2225 506 2253 ut
526 2213 632 2253 hunc
651 2213 723 2253 hac
752 2215 930 2253 varietate
961 2215 1198 2260 distinetum,
1225 2215 1321 2253 bene
1342 2216 1469 2254 Graeci
1498 2215 1633 2265 κόσμον,
1664 2232 1733 2256 nos

331 2282 526 2321 lucentem
546 2281 740 2320 mundum
761 2282 1063 2321 nominaremus.
1099 2282 1220 2320 Dedit
1251 2292 1381 2321 autem
1407 2283 1546 2322 divinis
1567 2284 1644 2323 duo
1664 2298 1732 2338 ge-

331 2359 420 2386 nera
438 2347 567 2387 motus
584 2366 597 2393 5
630 2361 767 2394 unum,
803 2348 908 2401 quod
928 2347 1077 2401 semper
1095 2347 1184 2386 effet
1203 2347 1243 2386 in
1264 2348 1401 2387 eodem
1422 2363 1542 2402 aeque,
1563 2360 1600 2389 et
1629 2351 1733 2388 idem

332 2413 373 2451 in
393 2415 590 2460 omnibus,
612 2424 727 2467 atque
746 2429 825 2453 uno
844 2415 962 2453 modo
981 2415 1158 2453 celeraret
1175 2433 1186 2459 ς
1218 2414 1396 2461 alterum,
1429 2417 1532 2469 quod
1562 2417 1603 2454 in
1633 2417 1732 2454 anti-

332 2493 418 2518 cam
438 2490 586 2534 partem
606 2494 626 2519 a
641 2481 883 2521 conversione
903 2481 1086 2534 ejusdem,
1103 2490 1141 2520 et
1156 2480 1288 2520 similis
1310 2482 1523 2534 pelleretur.
1547 2483 1736 2534 Qinque
