<?xml version="1.0" encoding="UTF-8"?>
<!DOCTYPE html PUBLIC "-//W3C//DTD XHTML 1.0 Transitional//EN"
    "http://www.w3.org/TR/xhtml1/DTD/xhtml1-transitional.dtd">
<html xmlns="http://www.w3.org/1999/xhtml" xml:lang="en" lang="en">
 <head>
  <title>
</title>
<meta http-equiv="Content-Type" content="text/html;charset=utf-8" />
  <meta name='ocr-system' content='tesseract 3.04.00' />
  <meta name='ocr-capabilities' content='ocr_page ocr_carea ocr_par ocr_line ocrx_word'/>
</head>
<body>
  <div class='ocr_page' id='page_1' title='image "./operacumindicibu03ciceuoft_0075.png"; bbox 0 0 2223 3003; ppageno 0'>
   <div class='ocr_carea' id='block_1_1' title="bbox 706 253 1818 310">
    <p class='ocr_par' dir='ltr' id='par_1_1' title="bbox 706 253 1818 310">
     <span class='ocr_line' id='line_1_1' title="bbox 706 253 1818 310; baseline 0.004 -19"><span class='ocrx_word' id='word_1_1' title='bbox 706 253 980 292; x_wconf 92' lang='lat' dir='ltr'><strong>LIBER</strong></span> <span class='ocrx_word' id='word_1_2' title='bbox 1038 253 1534 294; x_wconf 89' lang='lat' dir='ltr'><strong>SECUNDUS.</strong></span> <span class='ocrx_word' id='word_1_3' title='bbox 1767 261 1818 310; x_wconf 87' lang='lat'><strong>69</strong></span> 
     </span>
    </p>
   </div>
   <div class='ocr_carea' id='block_1_2' title="bbox 428 352 1827 2634">
    <p class='ocr_par' dir='ltr' id='par_1_2' title="bbox 429 352 1822 656">
     <span class='ocr_line' id='line_1_2' title="bbox 429 352 1819 408; baseline 0.003 -17"><span class='ocrx_word' id='word_1_4' title='bbox 429 352 584 404; x_wconf 89' lang='lat' dir='ltr'><strong>poteris.</strong></span> <span class='ocrx_word' id='word_1_5' title='bbox 607 353 644 391; x_wconf 92' lang='lat' dir='ltr'><strong>Si</strong></span> <span class='ocrx_word' id='word_1_6' title='bbox 665 353 812 391; x_wconf 88' lang='lat' dir='ltr'><strong>nullam</strong></span> <span class='ocrx_word' id='word_1_7' title='bbox 826 354 1005 407; x_wconf 76' lang='lat' dir='ltr'><strong>reperies3</strong></span> <span class='ocrx_word' id='word_1_8' title='bbox 1028 353 1125 392; x_wconf 88' lang='lat' dir='ltr'><strong>illud</strong></span> <span class='ocrx_word' id='word_1_9' title='bbox 1146 363 1274 393; x_wconf 87' lang='lat' dir='ltr'><strong>tamen</strong></span> <span class='ocrx_word' id='word_1_10' title='bbox 1289 355 1529 408; x_wconf 85' lang='lat' dir='ltr'><strong>exploratum</strong></span> <span class='ocrx_word' id='word_1_11' title='bbox 1549 355 1702 401; x_wconf 91' lang='lat' dir='ltr'><strong>habeto,</strong></span> <span class='ocrx_word' id='word_1_12' title='bbox 1720 356 1819 395; x_wconf 88' lang='lat' dir='ltr'><strong>nihil</strong></span> 
     </span>
     <span class='ocr_line' id='line_1_3' title="bbox 431 418 1818 473; baseline 0.004 -18"><span class='ocrx_word' id='word_1_13' title='bbox 431 418 513 456; x_wconf 90' lang='lat' dir='ltr'><strong>fieri</strong></span> <span class='ocrx_word' id='word_1_14' title='bbox 533 418 692 471; x_wconf 84' lang='lat' dir='ltr'><strong>potuiffe</strong></span> <span class='ocrx_word' id='word_1_15' title='bbox 713 419 787 456; x_wconf 87' lang='lat' dir='ltr'><strong>fine</strong></span> <span class='ocrx_word' id='word_1_16' title='bbox 807 419 914 456; x_wconf 90' lang='lat' dir='ltr'><strong>causa</strong></span> <span class='ocrx_word' id='word_1_17' title='bbox 926 438 937 463; x_wconf 61' lang='grc' dir='ltr'><strong><em>ς</em></strong></span> <span class='ocrx_word' id='word_1_18' title='bbox 970 433 1137 471; x_wconf 89' lang='lat' dir='ltr'><strong>eumque</strong></span> <span class='ocrx_word' id='word_1_19' title='bbox 1157 434 1336 465; x_wconf 89' lang='lat' dir='ltr'><strong>errorem,</strong></span> <span class='ocrx_word' id='word_1_20' title='bbox 1365 435 1482 473; x_wconf 91' lang='lat' dir='ltr'><strong>quem</strong></span> <span class='ocrx_word' id='word_1_21' title='bbox 1509 422 1580 460; x_wconf 86' lang='lat' dir='ltr'><strong>tibi</strong></span> <span class='ocrx_word' id='word_1_22' title='bbox 1600 423 1653 460; x_wconf 88' lang='lat' dir='ltr'><strong>rei</strong></span> <span class='ocrx_word' id='word_1_23' title='bbox 1673 423 1818 461; x_wconf 87' lang='lat' dir='ltr'><strong>novitas</strong></span> 
     </span>
     <span class='ocr_line' id='line_1_4' title="bbox 432 483 1821 534; baseline 0.004 -13"><span class='ocrx_word' id='word_1_24' title='bbox 432 485 618 528; x_wconf 85' lang='lat' dir='ltr'><strong>attulerit,</strong></span> <span class='ocrx_word' id='word_1_25' title='bbox 639 493 779 521; x_wconf 82' lang='lat' dir='ltr'><strong>naturae</strong></span> <span class='ocrx_word' id='word_1_26' title='bbox 800 484 944 520; x_wconf 90' lang='lat' dir='ltr'><strong>ratione</strong></span> <span class='ocrx_word' id='word_1_27' title='bbox 964 483 1158 534; x_wconf 90' lang='lat' dir='ltr'><strong>depellito.</strong></span> <span class='ocrx_word' id='word_1_28' title='bbox 1193 486 1250 522; x_wconf 91' lang='lat' dir='ltr'><strong>Ita</strong></span> <span class='ocrx_word' id='word_1_29' title='bbox 1269 495 1305 522; x_wconf 89' lang='lat' dir='ltr'><strong>te</strong></span> <span class='ocrx_word' id='word_1_30' title='bbox 1325 499 1394 523; x_wconf 90' lang='lat' dir='ltr'><strong>nec</strong></span> <span class='ocrx_word' id='word_1_31' title='bbox 1418 496 1522 525; x_wconf 86' lang='lat' dir='ltr'><strong>terrae</strong></span> <span class='ocrx_word' id='word_1_32' title='bbox 1542 487 1734 533; x_wconf 90' lang='lat' dir='ltr'>fremitus,</span> <span class='ocrx_word' id='word_1_33' title='bbox 1751 502 1821 526; x_wconf 90' lang='lat' dir='ltr'><strong>nec</strong></span> 
     </span>
     <span class='ocr_line' id='line_1_5' title="bbox 429 546 1822 605; baseline 0.006 -20"><span class='ocrx_word' id='word_1_34' title='bbox 429 548 512 585; x_wconf 82' lang='lat' dir='ltr'><strong>caeli</strong></span> <span class='ocrx_word' id='word_1_35' title='bbox 533 547 719 591; x_wconf 76' lang='lat' dir='ltr'><strong>discessus,</strong></span> <span class='ocrx_word' id='word_1_36' title='bbox 752 560 821 584; x_wconf 91' lang='lat' dir='ltr'><strong>nec</strong></span> <span class='ocrx_word' id='word_1_37' title='bbox 842 546 1025 598; x_wconf 87' lang='lat' dir='ltr'><strong>lapideus,</strong></span> <span class='ocrx_word' id='word_1_38' title='bbox 1056 556 1120 584; x_wconf 92' lang='lat' dir='ltr'><strong>aut</strong></span> <span class='ocrx_word' id='word_1_39' title='bbox 1150 547 1374 599; x_wconf 87' lang='lat' dir='ltr'><strong>sanguineus</strong></span> <span class='ocrx_word' id='word_1_40' title='bbox 1392 550 1530 595; x_wconf 82' lang='lat' dir='ltr'>imber,</span> <span class='ocrx_word' id='word_1_41' title='bbox 1563 566 1632 590; x_wconf 87' lang='lat' dir='ltr'><strong>nec</strong></span> <span class='ocrx_word' id='word_1_42' title='bbox 1653 555 1822 605; x_wconf 68' lang='lat' dir='ltr'><strong>trajectio</strong></span> 
     </span>
     <span class='ocr_line' id='line_1_6' title="bbox 430 610 1098 656; baseline 0.001 -7"><span class='ocrx_word' id='word_1_43' title='bbox 430 612 554 656; x_wconf 81' lang='lat' dir='ltr'><strong>stellae,</strong></span> <span class='ocrx_word' id='word_1_44' title='bbox 576 625 646 649; x_wconf 91' lang='lat' dir='ltr'><strong>nec</strong></span> <span class='ocrx_word' id='word_1_45' title='bbox 665 610 764 648; x_wconf 87' lang='lat' dir='ltr'><strong>faces</strong></span> <span class='ocrx_word' id='word_1_46' title='bbox 786 610 869 648; x_wconf 83' lang='lat' dir='ltr'><strong>visae</strong></span> <span class='ocrx_word' id='word_1_47' title='bbox 889 611 1098 650; x_wconf 90' lang='lat' dir='ltr'><strong>terrebunt.</strong></span> 
     </span>
    </p>

    <p class='ocr_par' dir='ltr' id='par_1_3' title="bbox 428 676 1823 1322">
     <span class='ocr_line' id='line_1_7' title="bbox 472 676 1820 734; baseline 0.005 -20"><span class='ocrx_word' id='word_1_48' title='bbox 472 679 653 729; x_wconf 85' lang='lat' dir='ltr'><strong>Qorum</strong></span> <span class='ocrx_word' id='word_1_49' title='bbox 678 678 857 715; x_wconf 90' lang='lat' dir='ltr'><strong>omnium</strong></span> <span class='ocrx_word' id='word_1_50' title='bbox 878 676 1001 715; x_wconf 86' lang='lat' dir='ltr'>causas</span> <span class='ocrx_word' id='word_1_51' title='bbox 1023 678 1049 715; x_wconf 88' lang='lat' dir='ltr'>fi</span> <span class='ocrx_word' id='word_1_52' title='bbox 1070 691 1089 715; x_wconf 92' lang='lat' dir='ltr'><strong>a</strong></span> <span class='ocrx_word' id='word_1_53' title='bbox 1105 677 1319 731; x_wconf 77' lang='lat' dir='ltr'><strong>Chrysippo</strong></span> <span class='ocrx_word' id='word_1_54' title='bbox 1338 693 1520 732; x_wconf 83' lang='lat' dir='ltr'><strong>quaeram,</strong></span> <span class='ocrx_word' id='word_1_55' title='bbox 1541 681 1618 734; x_wconf 88' lang='lat' dir='ltr'><strong>ipse</strong></span> <span class='ocrx_word' id='word_1_56' title='bbox 1637 683 1701 720; x_wconf 91' lang='lat' dir='ltr'><strong>ille</strong></span> <span class='ocrx_word' id='word_1_57' title='bbox 1721 684 1820 722; x_wconf 90' lang='lat' dir='ltr'><strong>divi-</strong></span> 
     </span>
     <span class='ocr_line' id='line_1_8' title="bbox 430 743 1822 801; baseline 0.005 -21"><span class='ocrx_word' id='word_1_58' title='bbox 430 744 594 781; x_wconf 80' lang='lat' dir='ltr'><strong>nationis</strong></span> <span class='ocrx_word' id='word_1_59' title='bbox 615 745 743 780; x_wconf 56' lang='lat' dir='ltr'><strong>austor</strong></span> <span class='ocrx_word' id='word_1_60' title='bbox 773 756 972 794; x_wconf 90' lang='lat' dir='ltr'><strong>nunquam</strong></span> <span class='ocrx_word' id='word_1_61' title='bbox 1004 743 1069 781; x_wconf 92' lang='lat' dir='ltr'><strong>illa</strong></span> <span class='ocrx_word' id='word_1_62' title='bbox 1088 744 1191 782; x_wconf 91' lang='lat' dir='ltr'><strong>dicet</strong></span> <span class='ocrx_word' id='word_1_63' title='bbox 1210 743 1307 782; x_wconf 67' lang='lat' dir='ltr'><strong>fasta</strong></span> <span class='ocrx_word' id='word_1_64' title='bbox 1337 744 1512 791; x_wconf 87' lang='lat' dir='ltr'><strong>fortuito,</strong></span> <span class='ocrx_word' id='word_1_65' title='bbox 1535 748 1822 801; x_wconf 80' lang='lat' dir='ltr'><strong>naturalemque</strong></span> 
     </span>
     <span class='ocr_line' id='line_1_9' title="bbox 430 808 1821 865; baseline 0.004 -19"><span class='ocrx_word' id='word_1_66' title='bbox 430 809 615 847; x_wconf 87' lang='lat' dir='ltr'><strong>rationem</strong></span> <span class='ocrx_word' id='word_1_67' title='bbox 636 808 816 846; x_wconf 90' lang='lat' dir='ltr'><strong>omnium</strong></span> <span class='ocrx_word' id='word_1_68' title='bbox 835 808 977 846; x_wconf 87' lang='lat' dir='ltr'><strong>reddet.</strong></span> <span class='ocrx_word' id='word_1_69' title='bbox 1010 808 1125 847; x_wconf 89' lang='lat' dir='ltr'><strong>Nihil</strong></span> <span class='ocrx_word' id='word_1_70' title='bbox 1146 810 1251 847; x_wconf 89' lang='lat' dir='ltr'><strong>enim</strong></span> <span class='ocrx_word' id='word_1_71' title='bbox 1272 810 1351 848; x_wconf 89' lang='lat' dir='ltr'><strong>fieri</strong></span> <span class='ocrx_word' id='word_1_72' title='bbox 1367 811 1444 848; x_wconf 87' lang='lat' dir='ltr'><strong>fine</strong></span> <span class='ocrx_word' id='word_1_73' title='bbox 1464 812 1572 850; x_wconf 87' lang='lat' dir='ltr'><strong>causa</strong></span> <span class='ocrx_word' id='word_1_74' title='bbox 1585 813 1729 865; x_wconf 73' lang='lat' dir='ltr'><strong>potest,</strong></span> <span class='ocrx_word' id='word_1_75' title='bbox 1753 828 1821 853; x_wconf 87' lang='lat' dir='ltr'><strong>nec</strong></span> 
     </span>
     <span class='ocr_line' id='line_1_10' title="bbox 430 872 1822 930; baseline 0.006 -21"><span class='ocrx_word' id='word_1_76' title='bbox 430 873 640 925; x_wconf 90' lang='lat' dir='ltr'><strong>quicquam</strong></span> <span class='ocrx_word' id='word_1_77' title='bbox 671 872 728 918; x_wconf 93' lang='lat' dir='ltr'><strong>fit,</strong></span> <span class='ocrx_word' id='word_1_78' title='bbox 759 874 865 925; x_wconf 90' lang='lat' dir='ltr'><strong>quod</strong></span> <span class='ocrx_word' id='word_1_79' title='bbox 884 873 965 911; x_wconf 91' lang='lat' dir='ltr'><strong>fieri</strong></span> <span class='ocrx_word' id='word_1_80' title='bbox 987 887 1064 911; x_wconf 91' lang='lat' dir='ltr'><strong>non</strong></span> <span class='ocrx_word' id='word_1_81' title='bbox 1090 875 1211 927; x_wconf 90' lang='lat' dir='ltr'><strong>potest</strong></span> <span class='ocrx_word' id='word_1_82' title='bbox 1223 893 1235 920; x_wconf 73' lang='lat'>5</span> <span class='ocrx_word' id='word_1_83' title='bbox 1266 888 1351 920; x_wconf 90' lang='lat' dir='ltr'><strong>nec,</strong></span> <span class='ocrx_word' id='word_1_84' title='bbox 1373 876 1398 914; x_wconf 89' lang='lat' dir='ltr'><strong>fi</strong></span> <span class='ocrx_word' id='word_1_85' title='bbox 1422 876 1462 913; x_wconf 82' lang='lat' dir='ltr'><strong>id</strong></span> <span class='ocrx_word' id='word_1_86' title='bbox 1481 876 1626 915; x_wconf 63' lang='lat' dir='ltr'><strong>factum</strong></span> <span class='ocrx_word' id='word_1_87' title='bbox 1647 878 1698 915; x_wconf 92' lang='lat' dir='ltr'><strong>est</strong></span> <span class='ocrx_word' id='word_1_88' title='bbox 1719 881 1822 930; x_wconf 90' lang='lat' dir='ltr'><strong>quod</strong></span> 
     </span>
     <span class='ocr_line' id='line_1_11' title="bbox 428 939 1819 995; baseline 0.004 -19"><span class='ocrx_word' id='word_1_89' title='bbox 428 939 555 991; x_wconf 90' lang='lat' dir='ltr'><strong>potuit</strong></span> <span class='ocrx_word' id='word_1_90' title='bbox 575 939 668 984; x_wconf 90' lang='lat' dir='ltr'><strong>fieri,</strong></span> <span class='ocrx_word' id='word_1_91' title='bbox 691 948 914 991; x_wconf 89' lang='lat' dir='ltr'>portentum</span> <span class='ocrx_word' id='word_1_92' title='bbox 935 940 1047 977; x_wconf 89' lang='lat' dir='ltr'><strong>debet</strong></span> <span class='ocrx_word' id='word_1_93' title='bbox 1066 940 1199 978; x_wconf 89' lang='lat' dir='ltr'><strong>videri.</strong></span> <span class='ocrx_word' id='word_1_94' title='bbox 1242 941 1364 979; x_wconf 89' lang='lat' dir='ltr'><strong>Nulla</strong></span> <span class='ocrx_word' id='word_1_95' title='bbox 1394 942 1513 994; x_wconf 89' lang='lat' dir='ltr'><strong>igitur</strong></span> <span class='ocrx_word' id='word_1_96' title='bbox 1528 951 1703 995; x_wconf 85' lang='lat' dir='ltr'><strong>portenta</strong></span> <span class='ocrx_word' id='word_1_97' title='bbox 1721 944 1819 982; x_wconf 87' lang='lat' dir='ltr'><strong>sunt.</strong></span> 
     </span>
     <span class='ocr_line' id='line_1_12' title="bbox 431 1006 1823 1062; baseline 0.004 -19"><span class='ocrx_word' id='word_1_98' title='bbox 431 1006 536 1044; x_wconf 91' lang='lat' dir='ltr'><strong>Nam</strong></span> <span class='ocrx_word' id='word_1_99' title='bbox 558 1006 599 1051; x_wconf 89' lang='lat' dir='ltr'><strong>fi,</strong></span> <span class='ocrx_word' id='word_1_100' title='bbox 632 1006 737 1058; x_wconf 90' lang='lat' dir='ltr'><strong>quod</strong></span> <span class='ocrx_word' id='word_1_101' title='bbox 767 1020 849 1044; x_wconf 82' lang='lat' dir='ltr'><strong>raro</strong></span> <span class='ocrx_word' id='word_1_102' title='bbox 869 1006 926 1050; x_wconf 88' lang='lat' dir='ltr'><strong>fit,</strong></span> <span class='ocrx_word' id='word_1_103' title='bbox 957 1007 996 1044; x_wconf 90' lang='lat' dir='ltr'><strong>id</strong></span> <span class='ocrx_word' id='word_1_104' title='bbox 1016 1016 1239 1059; x_wconf 87' lang='lat' dir='ltr'>portentum</span> <span class='ocrx_word' id='word_1_105' title='bbox 1269 1008 1485 1060; x_wconf 89' lang='lat' dir='ltr'><strong>putandum</strong></span> <span class='ocrx_word' id='word_1_106' title='bbox 1506 1009 1583 1054; x_wconf 91' lang='lat' dir='ltr'><strong>est‚-</strong></span> <span class='ocrx_word' id='word_1_107' title='bbox 1616 1010 1823 1062; x_wconf 85' lang='lat' dir='ltr'>sapientem</span> 
     </span>
     <span class='ocr_line' id='line_1_13' title="bbox 430 1071 1823 1128; baseline 0.004 -20"><span class='ocrx_word' id='word_1_108' title='bbox 430 1071 514 1116; x_wconf 84' lang='lat' dir='ltr'><strong>effe,</strong></span> <span class='ocrx_word' id='word_1_109' title='bbox 535 1080 757 1123; x_wconf 88' lang='lat' dir='ltr'>portentum</span> <span class='ocrx_word' id='word_1_110' title='bbox 777 1071 852 1109; x_wconf 88' lang='lat' dir='ltr'><strong>est:</strong></span> <span class='ocrx_word' id='word_1_111' title='bbox 875 1072 1007 1124; x_wconf 86' lang='lat' dir='ltr'><strong>saepius</strong></span> <span class='ocrx_word' id='word_1_112' title='bbox 1027 1073 1131 1110; x_wconf 87' lang='lat' dir='ltr'><strong>enim</strong></span> <span class='ocrx_word' id='word_1_113' title='bbox 1152 1073 1298 1111; x_wconf 88' lang='lat' dir='ltr'><strong>mulam</strong></span> <span class='ocrx_word' id='word_1_114' title='bbox 1315 1074 1495 1126; x_wconf 73' lang='lat' dir='ltr'><strong>peperisse</strong></span> <span class='ocrx_word' id='word_1_115' title='bbox 1512 1075 1685 1120; x_wconf 87' lang='lat' dir='ltr'>arbitror,</span> <span class='ocrx_word' id='word_1_116' title='bbox 1705 1089 1823 1128; x_wconf 87' lang='lat' dir='ltr'><strong>quam</strong></span> 
     </span>
     <span class='ocr_line' id='line_1_14' title="bbox 431 1137 1823 1193; baseline 0.004 -19"><span class='ocrx_word' id='word_1_117' title='bbox 431 1137 637 1190; x_wconf 86' lang='lat' dir='ltr'><strong>sapientem</strong></span> <span class='ocrx_word' id='word_1_118' title='bbox 658 1137 779 1175; x_wconf 83' lang='lat' dir='ltr'><strong>fuiffe.</strong></span> <span class='ocrx_word' id='word_1_119' title='bbox 812 1137 884 1175; x_wconf 87' lang='lat' dir='ltr'><strong>Illa</strong></span> <span class='ocrx_word' id='word_1_120' title='bbox 902 1139 1021 1189; x_wconf 87' lang='lat' dir='ltr'><strong>igitur</strong></span> <span class='ocrx_word' id='word_1_121' title='bbox 1040 1139 1134 1176; x_wconf 89' lang='lat' dir='ltr'><strong>ratio</strong></span> <span class='ocrx_word' id='word_1_122' title='bbox 1153 1139 1425 1184; x_wconf 78' lang='lat' dir='ltr'><strong>concluditur3</strong></span> <span class='ocrx_word' id='word_1_123' title='bbox 1458 1154 1527 1178; x_wconf 87' lang='lat' dir='ltr'><strong>nec</strong></span> <span class='ocrx_word' id='word_1_124' title='bbox 1548 1142 1601 1186; x_wconf 89' lang='lat' dir='ltr'><strong>id,</strong></span> <span class='ocrx_word' id='word_1_125' title='bbox 1623 1142 1727 1193; x_wconf 92' lang='lat' dir='ltr'><strong>quod</strong></span> <span class='ocrx_word' id='word_1_126' title='bbox 1747 1156 1823 1180; x_wconf 90' lang='lat' dir='ltr'><strong>non</strong></span> 
     </span>
     <span class='ocr_line' id='line_1_15' title="bbox 430 1203 1822 1260; baseline 0.003 -18"><span class='ocrx_word' id='word_1_127' title='bbox 430 1205 597 1256; x_wconf 88' lang='lat' dir='ltr'><strong>potuerit</strong></span> <span class='ocrx_word' id='word_1_128' title='bbox 616 1204 712 1248; x_wconf 90' lang='lat' dir='ltr'><strong>fieri,</strong></span> <span class='ocrx_word' id='word_1_129' title='bbox 742 1203 887 1241; x_wconf 60' lang='lat' dir='ltr'><strong>factum</strong></span> <span class='ocrx_word' id='word_1_130' title='bbox 907 1217 1079 1255; x_wconf 88' lang='lat' dir='ltr'><strong>unquam</strong></span> <span class='ocrx_word' id='word_1_131' title='bbox 1099 1204 1195 1248; x_wconf 67' lang='lat' dir='ltr'><strong>effe,</strong></span> <span class='ocrx_word' id='word_1_132' title='bbox 1228 1218 1297 1242; x_wconf 91' lang='lat' dir='ltr'><strong>nec</strong></span> <span class='ocrx_word' id='word_1_133' title='bbox 1328 1206 1433 1256; x_wconf 92' lang='lat' dir='ltr'><strong>quod</strong></span> <span class='ocrx_word' id='word_1_134' title='bbox 1452 1209 1633 1258; x_wconf 90' lang='lat' dir='ltr'><strong>potuerit,</strong></span> <span class='ocrx_word' id='word_1_135' title='bbox 1665 1208 1704 1245; x_wconf 91' lang='lat' dir='ltr'><strong>id</strong></span> <span class='ocrx_word' id='word_1_136' title='bbox 1732 1222 1822 1260; x_wconf 91' lang='lat' dir='ltr'><strong>por-</strong></span> 
     </span>
     <span class='ocr_line' id='line_1_16' title="bbox 430 1269 1488 1322; baseline 0.002 -15"><span class='ocrx_word' id='word_1_137' title='bbox 430 1278 583 1309; x_wconf 89' lang='lat' dir='ltr'><strong>tentum</strong></span> <span class='ocrx_word' id='word_1_138' title='bbox 603 1269 672 1307; x_wconf 84' lang='lat' dir='ltr'><strong>esse</strong></span> <span class='ocrx_word' id='word_1_139' title='bbox 691 1284 699 1306; x_wconf 93' lang='lat'><strong>:</strong></span> <span class='ocrx_word' id='word_1_140' title='bbox 731 1269 784 1306; x_wconf 90' lang='lat' dir='ltr'><strong>ita</strong></span> <span class='ocrx_word' id='word_1_141' title='bbox 804 1269 964 1307; x_wconf 90' lang='lat' dir='ltr'><strong>omnino</strong></span> <span class='ocrx_word' id='word_1_142' title='bbox 984 1269 1139 1307; x_wconf 92' lang='lat' dir='ltr'><strong>nullum</strong></span> <span class='ocrx_word' id='word_1_143' title='bbox 1159 1269 1229 1308; x_wconf 82' lang='lat' dir='ltr'><strong>effe</strong></span> <span class='ocrx_word' id='word_1_144' title='bbox 1248 1279 1488 1322; x_wconf 88' lang='lat' dir='ltr'><strong>portentum.</strong></span> 
     </span>
    </p>

    <p class='ocr_par' dir='ltr' id='par_1_4' title="bbox 430 1335 1826 1714">
     <span class='ocr_line' id='line_1_17' title="bbox 487 1335 1824 1390; baseline 0.003 -17"><span class='ocrx_word' id='word_1_145' title='bbox 487 1336 605 1388; x_wconf 84' lang='lat' dir='ltr'><strong>Qod</strong></span> <span class='ocrx_word' id='word_1_146' title='bbox 625 1336 740 1373; x_wconf 89' lang='lat' dir='ltr'><strong>etiam</strong></span> <span class='ocrx_word' id='word_1_147' title='bbox 762 1336 953 1387; x_wconf 68' lang='lat' dir='ltr'><strong>conjector</strong></span> <span class='ocrx_word' id='word_1_148' title='bbox 983 1335 1142 1387; x_wconf 88' lang='lat' dir='ltr'><strong>quidam</strong></span> <span class='ocrx_word' id='word_1_149' title='bbox 1174 1344 1211 1373; x_wconf 90' lang='lat' dir='ltr'><strong>et</strong></span> <span class='ocrx_word' id='word_1_150' title='bbox 1241 1337 1424 1389; x_wconf 85' lang='lat' dir='ltr'><strong>interpres</strong></span> <span class='ocrx_word' id='word_1_151' title='bbox 1444 1346 1712 1390; x_wconf 88' lang='lat' dir='ltr'><strong>portentorum</strong></span> <span class='ocrx_word' id='word_1_152' title='bbox 1746 1352 1824 1377; x_wconf 90' lang='lat' dir='ltr'><strong>non</strong></span> 
     </span>
     <span class='ocr_line' id='line_1_18' title="bbox 430 1401 1825 1457; baseline 0.001 -17"><span class='ocrx_word' id='word_1_153' title='bbox 430 1402 563 1440; x_wconf 89' lang='lat' dir='ltr'><strong>inscite</strong></span> <span class='ocrx_word' id='word_1_154' title='bbox 594 1401 819 1455; x_wconf 71' lang='lat' dir='ltr'><strong>respondisse</strong></span> <span class='ocrx_word' id='word_1_155' title='bbox 853 1402 993 1440; x_wconf 88' lang='lat' dir='ltr'><strong>dicitur</strong></span> <span class='ocrx_word' id='word_1_156' title='bbox 1012 1402 1060 1447; x_wconf 85' lang='lat' dir='ltr'><strong>ei,</strong></span> <span class='ocrx_word' id='word_1_157' title='bbox 1092 1403 1159 1454; x_wconf 92' lang='lat' dir='ltr'><strong>qui</strong></span> <span class='ocrx_word' id='word_1_158' title='bbox 1188 1415 1280 1441; x_wconf 93' lang='lat' dir='ltr'><strong>cum</strong></span> <span class='ocrx_word' id='word_1_159' title='bbox 1299 1403 1345 1440; x_wconf 91' lang='lat' dir='ltr'><strong>ad</strong></span> <span class='ocrx_word' id='word_1_160' title='bbox 1376 1417 1466 1441; x_wconf 90' lang='lat' dir='ltr'><strong>eum</strong></span> <span class='ocrx_word' id='word_1_161' title='bbox 1497 1403 1692 1449; x_wconf 82' lang='lat' dir='ltr'><strong>retuliffet‚</strong></span> <span class='ocrx_word' id='word_1_162' title='bbox 1723 1405 1825 1457; x_wconf 87' lang='lat' dir='ltr'><strong>quafi</strong></span> 
     </span>
     <span class='ocr_line' id='line_1_19' title="bbox 433 1467 1826 1521; baseline 0.002 -16"><span class='ocrx_word' id='word_1_163' title='bbox 433 1468 638 1512; x_wconf 90' lang='lat' dir='ltr'><strong>ostentum,</strong></span> <span class='ocrx_word' id='word_1_164' title='bbox 669 1467 774 1520; x_wconf 77' lang='lat' dir='ltr'><strong>quod</strong></span> <span class='ocrx_word' id='word_1_165' title='bbox 805 1467 938 1520; x_wconf 85' lang='lat' dir='ltr'><strong>anguis</strong></span> <span class='ocrx_word' id='word_1_166' title='bbox 969 1468 1077 1506; x_wconf 92' lang='lat' dir='ltr'><strong>domi</strong></span> <span class='ocrx_word' id='word_1_167' title='bbox 1096 1470 1243 1506; x_wconf 62' lang='lat' dir='ltr'><strong>veetem</strong></span> <span class='ocrx_word' id='word_1_168' title='bbox 1267 1469 1535 1521; x_wconf 64' lang='lat' dir='ltr'><strong>circumjedtus</strong></span> <span class='ocrx_word' id='word_1_169' title='bbox 1555 1469 1693 1515; x_wconf 76' lang='lat' dir='ltr'><strong>fuisset,</strong></span> <span class='ocrx_word' id='word_1_170' title='bbox 1716 1471 1826 1508; x_wconf 91' lang='lat' dir='ltr'><strong>Tum</strong></span> 
     </span>
     <span class='ocr_line' id='line_1_20' title="bbox 434 1531 1824 1587; baseline 0.002 -17"><span class='ocrx_word' id='word_1_171' title='bbox 434 1532 534 1577; x_wconf 84' lang='lat' dir='ltr'><strong>effet,</strong></span> <span class='ocrx_word' id='word_1_172' title='bbox 555 1533 696 1584; x_wconf 90' lang='lat' dir='ltr'><strong>inquit,</strong></span> <span class='ocrx_word' id='word_1_173' title='bbox 718 1531 924 1577; x_wconf 90' lang='lat' dir='ltr'><strong>ostentum,</strong></span> <span class='ocrx_word' id='word_1_174' title='bbox 947 1532 973 1570; x_wconf 92' lang='lat' dir='ltr'><strong>s1</strong></span> <span class='ocrx_word' id='word_1_175' title='bbox 993 1546 1158 1585; x_wconf 86' lang='lat' dir='ltr'><strong>anguem</strong></span> <span class='ocrx_word' id='word_1_176' title='bbox 1183 1534 1296 1571; x_wconf 58' lang='lat' dir='ltr'><strong>vectis</strong></span> <span class='ocrx_word' id='word_1_177' title='bbox 1317 1534 1687 1587; x_wconf 81' lang='lat' dir='ltr'><strong>circumplicaviffet.</strong></span> <span class='ocrx_word' id='word_1_178' title='bbox 1734 1535 1824 1572; x_wconf 92' lang='lat' dir='ltr'><strong>Hoc</strong></span> 
     </span>
     <span class='ocr_line' id='line_1_21' title="bbox 434 1597 1823 1651; baseline 0.001 -16"><span class='ocrx_word' id='word_1_179' title='bbox 434 1598 500 1635; x_wconf 90' lang='lat' dir='ltr'><strong>ille</strong></span> <span class='ocrx_word' id='word_1_180' title='bbox 521 1597 694 1650; x_wconf 88' lang='lat' dir='ltr'><strong>responso</strong></span> <span class='ocrx_word' id='word_1_181' title='bbox 714 1598 799 1635; x_wconf 85' lang='lat' dir='ltr'><strong>satis</strong></span> <span class='ocrx_word' id='word_1_182' title='bbox 820 1606 946 1649; x_wconf 86' lang='lat' dir='ltr'><strong>aperte</strong></span> <span class='ocrx_word' id='word_1_183' title='bbox 966 1597 1181 1642; x_wconf 89' lang='lat' dir='ltr'><strong>declaravit,</strong></span> <span class='ocrx_word' id='word_1_184' title='bbox 1213 1598 1312 1635; x_wconf 90' lang='lat' dir='ltr'><strong>nihil</strong></span> <span class='ocrx_word' id='word_1_185' title='bbox 1332 1597 1553 1637; x_wconf 90' lang='lat' dir='ltr'><strong>habendum</strong></span> <span class='ocrx_word' id='word_1_186' title='bbox 1573 1600 1643 1637; x_wconf 83' lang='lat' dir='ltr'><strong>effe</strong></span> <span class='ocrx_word' id='word_1_187' title='bbox 1666 1609 1823 1651; x_wconf 91' lang='lat' dir='ltr'><strong>porten-</strong></span> 
     </span>
     <span class='ocr_line' id='line_1_22' title="bbox 434 1661 911 1714; baseline -0.002 -14"><span class='ocrx_word' id='word_1_188' title='bbox 434 1672 534 1707; x_wconf 89' lang='lat' dir='ltr'><strong>tum,</strong></span> <span class='ocrx_word' id='word_1_189' title='bbox 556 1662 660 1714; x_wconf 93' lang='lat' dir='ltr'><strong>quod</strong></span> <span class='ocrx_word' id='word_1_190' title='bbox 679 1661 761 1699; x_wconf 88' lang='lat' dir='ltr'><strong>fieri</strong></span> <span class='ocrx_word' id='word_1_191' title='bbox 781 1661 911 1714; x_wconf 86' lang='lat' dir='ltr'><strong>posset.</strong></span> 
     </span>
    </p>

    <p class='ocr_par' dir='ltr' id='par_1_5' title="bbox 434 1726 1827 2505">
     <span class='ocr_line' id='line_1_23' title="bbox 487 1726 1823 1780; baseline 0.001 -14"><span class='ocrx_word' id='word_1_192' title='bbox 487 1727 640 1766; x_wconf 92' lang='lat' dir='ltr'>XXIX.</span> <span class='ocrx_word' id='word_1_193' title='bbox 674 1727 721 1764; x_wconf 88' lang='lat' dir='ltr'><strong>C.</strong></span> <span class='ocrx_word' id='word_1_194' title='bbox 741 1726 939 1764; x_wconf 84' lang='lat' dir='ltr'><strong>Gracchus</strong></span> <span class='ocrx_word' id='word_1_195' title='bbox 970 1728 1015 1765; x_wconf 92' lang='lat' dir='ltr'><strong>ad</strong></span> <span class='ocrx_word' id='word_1_196' title='bbox 1035 1729 1098 1766; x_wconf 88' lang='lat' dir='ltr'><strong>M.</strong></span> <span class='ocrx_word' id='word_1_197' title='bbox 1121 1728 1383 1780; x_wconf 91' lang='lat' dir='ltr'><strong>Pomponium</strong></span> <span class='ocrx_word' id='word_1_198' title='bbox 1403 1728 1560 1780; x_wconf 78' lang='lat' dir='ltr'><strong>scripsit,</strong></span> <span class='ocrx_word' id='word_1_199' title='bbox 1585 1728 1734 1767; x_wconf 89' lang='lat' dir='ltr'><strong>duobus</strong></span> <span class='ocrx_word' id='word_1_200' title='bbox 1755 1743 1823 1767; x_wconf 90' lang='lat' dir='ltr'><strong>an-</strong></span> 
     </span>
     <span class='ocr_line' id='line_1_24' title="bbox 434 1791 1825 1847; baseline 0.001 -14"><span class='ocrx_word' id='word_1_201' title='bbox 434 1795 576 1847; x_wconf 89' lang='lat' dir='ltr'><strong>guibus</strong></span> <span class='ocrx_word' id='word_1_202' title='bbox 596 1793 703 1832; x_wconf 90' lang='lat' dir='ltr'><strong>domi</strong></span> <span class='ocrx_word' id='word_1_203' title='bbox 723 1791 1018 1845; x_wconf 83' lang='lat' dir='ltr'><strong>comprehensis,</strong></span> <span class='ocrx_word' id='word_1_204' title='bbox 1050 1792 1265 1846; x_wconf 85' lang='lat' dir='ltr'><strong>haruspices</strong></span> <span class='ocrx_word' id='word_1_205' title='bbox 1292 1807 1312 1830; x_wconf 94' lang='lat' dir='ltr'><strong>a</strong></span> <span class='ocrx_word' id='word_1_206' title='bbox 1337 1804 1441 1847; x_wconf 91' lang='lat' dir='ltr'><strong>patre</strong></span> <span class='ocrx_word' id='word_1_207' title='bbox 1461 1804 1703 1834; x_wconf 90' lang='lat' dir='ltr'><strong>convocatos.</strong></span> <span class='ocrx_word' id='word_1_208' title='bbox 1744 1797 1825 1847; x_wconf 82' lang='lat' dir='ltr'><strong>Qi</strong></span> 
     </span>
     <span class='ocr_line' id='line_1_25' title="bbox 434 1858 1826 1912; baseline 0.001 -14"><span class='ocrx_word' id='word_1_209' title='bbox 434 1860 556 1912; x_wconf 89' lang='lat' dir='ltr'><strong>magis</strong></span> <span class='ocrx_word' id='word_1_210' title='bbox 577 1859 778 1911; x_wconf 89' lang='lat' dir='ltr'><strong>anguibus,</strong></span> <span class='ocrx_word' id='word_1_211' title='bbox 810 1872 928 1911; x_wconf 90' lang='lat' dir='ltr'><strong>quam</strong></span> <span class='ocrx_word' id='word_1_212' title='bbox 960 1858 1123 1904; x_wconf 90' lang='lat' dir='ltr'><strong>lacertis,</strong></span> <span class='ocrx_word' id='word_1_213' title='bbox 1154 1873 1270 1911; x_wconf 88' lang='lat' dir='ltr'><strong>quam</strong></span> <span class='ocrx_word' id='word_1_214' title='bbox 1290 1861 1465 1898; x_wconf 90' lang='lat' dir='ltr'><strong>muribus</strong></span> <span class='ocrx_word' id='word_1_215' title='bbox 1484 1862 1496 1897; x_wconf 88' lang='lat'>?</span> <span class='ocrx_word' id='word_1_216' title='bbox 1528 1861 1618 1912; x_wconf 89' lang='lat' dir='ltr'><strong>quia</strong></span> <span class='ocrx_word' id='word_1_217' title='bbox 1636 1861 1721 1898; x_wconf 90' lang='lat' dir='ltr'><strong>sunt</strong></span> <span class='ocrx_word' id='word_1_218' title='bbox 1744 1860 1826 1899; x_wconf 77' lang='lat' dir='ltr'><strong>haec</strong></span> 
     </span>
     <span class='ocr_line' id='line_1_26' title="bbox 434 1925 1825 1979; baseline 0 -16"><span class='ocrx_word' id='word_1_219' title='bbox 434 1925 667 1978; x_wconf 88' lang='lat' dir='ltr'><strong>quotidiana,</strong></span> <span class='ocrx_word' id='word_1_220' title='bbox 690 1937 830 1977; x_wconf 85' lang='lat' dir='ltr'><strong>angues</strong></span> <span class='ocrx_word' id='word_1_221' title='bbox 853 1938 930 1963; x_wconf 85' lang='lat' dir='ltr'><strong>non</strong></span> <span class='ocrx_word' id='word_1_222' title='bbox 950 1925 1060 1963; x_wconf 89' lang='lat' dir='ltr'><strong>item.</strong></span> <span class='ocrx_word' id='word_1_223' title='bbox 1107 1925 1222 1976; x_wconf 81' lang='lat' dir='ltr'><strong>Qasi</strong></span> <span class='ocrx_word' id='word_1_224' title='bbox 1243 1939 1331 1963; x_wconf 90' lang='lat' dir='ltr'><strong>vero</strong></span> <span class='ocrx_word' id='word_1_225' title='bbox 1351 1925 1497 1971; x_wconf 86' lang='lat' dir='ltr'><strong>referat,</strong></span> <span class='ocrx_word' id='word_1_226' title='bbox 1529 1926 1633 1978; x_wconf 90' lang='lat' dir='ltr'><strong>quod</strong></span> <span class='ocrx_word' id='word_1_227' title='bbox 1654 1926 1734 1963; x_wconf 88' lang='lat' dir='ltr'><strong>fieri</strong></span> <span class='ocrx_word' id='word_1_228' title='bbox 1754 1940 1825 1979; x_wconf 91' lang='lat' dir='ltr'><strong>po-</strong></span> 
     </span>
     <span class='ocr_line' id='line_1_27' title="bbox 435 1991 1827 2044; baseline 0.001 -15"><span class='ocrx_word' id='word_1_229' title='bbox 435 1992 517 2037; x_wconf 89' lang='lat' dir='ltr'><strong>test,</strong></span> <span class='ocrx_word' id='word_1_230' title='bbox 548 2005 665 2044; x_wconf 90' lang='lat' dir='ltr'><strong>quam</strong></span> <span class='ocrx_word' id='word_1_231' title='bbox 698 1991 738 2029; x_wconf 91' lang='lat' dir='ltr'><strong>id</strong></span> <span class='ocrx_word' id='word_1_232' title='bbox 757 1991 849 2044; x_wconf 77' lang='lat' dir='ltr'><strong>saepe</strong></span> <span class='ocrx_word' id='word_1_233' title='bbox 881 1991 959 2029; x_wconf 86' lang='lat' dir='ltr'><strong>fiat.</strong></span> <span class='ocrx_word' id='word_1_234' title='bbox 1003 1992 1090 2044; x_wconf 88' lang='lat' dir='ltr'><strong>Ego</strong></span> <span class='ocrx_word' id='word_1_235' title='bbox 1124 2001 1251 2030; x_wconf 88' lang='lat' dir='ltr'><strong>tamen</strong></span> <span class='ocrx_word' id='word_1_236' title='bbox 1272 1992 1404 2036; x_wconf 89' lang='lat' dir='ltr'><strong>miror,</strong></span> <span class='ocrx_word' id='word_1_237' title='bbox 1437 1992 1461 2029; x_wconf 87' lang='lat' dir='ltr'>fi</span> <span class='ocrx_word' id='word_1_238' title='bbox 1489 1992 1636 2030; x_wconf 86' lang='lat' dir='ltr'><strong>emiffio</strong></span> <span class='ocrx_word' id='word_1_239' title='bbox 1656 1991 1827 2030; x_wconf 81' lang='lat' dir='ltr'><strong>foeminae</strong></span> 
     </span>
     <span class='ocr_line' id='line_1_28' title="bbox 435 2056 1827 2110; baseline 0.001 -16"><span class='ocrx_word' id='word_1_240' title='bbox 435 2058 568 2110; x_wconf 89' lang='lat' dir='ltr'><strong>anguis</strong></span> <span class='ocrx_word' id='word_1_241' title='bbox 602 2066 770 2096; x_wconf 88' lang='lat' dir='ltr'><strong>mortem</strong></span> <span class='ocrx_word' id='word_1_242' title='bbox 804 2056 983 2095; x_wconf 86' lang='lat' dir='ltr'><strong>afferebat</strong></span> <span class='ocrx_word' id='word_1_243' title='bbox 1015 2057 1110 2095; x_wconf 90' lang='lat' dir='ltr'><strong>Tib.</strong></span> <span class='ocrx_word' id='word_1_244' title='bbox 1140 2056 1319 2096; x_wconf 83' lang='lat' dir='ltr'><strong>Graccho</strong></span> <span class='ocrx_word' id='word_1_245' title='bbox 1334 2076 1345 2101; x_wconf 75' lang='lat'>3</span> <span class='ocrx_word' id='word_1_246' title='bbox 1378 2057 1524 2095; x_wconf 82' lang='lat' dir='ltr'><strong>emiffio</strong></span> <span class='ocrx_word' id='word_1_247' title='bbox 1557 2068 1685 2095; x_wconf 88' lang='lat' dir='ltr'><strong>autem</strong></span> <span class='ocrx_word' id='word_1_248' title='bbox 1712 2059 1827 2095; x_wconf 84' lang='lat' dir='ltr'><strong>maris</strong></span> 
     </span>
     <span class='ocr_line' id='line_1_29' title="bbox 435 2121 1826 2176; baseline -0.001 -15"><span class='ocrx_word' id='word_1_249' title='bbox 435 2124 568 2176; x_wconf 85' lang='lat' dir='ltr'><strong>anguis</strong></span> <span class='ocrx_word' id='word_1_250' title='bbox 588 2133 666 2161; x_wconf 86' lang='lat' dir='ltr'><strong>erat</strong></span> <span class='ocrx_word' id='word_1_251' title='bbox 685 2121 881 2161; x_wconf 89' lang='lat' dir='ltr'><strong>mortifera</strong></span> <span class='ocrx_word' id='word_1_252' title='bbox 901 2123 1088 2160; x_wconf 87' lang='lat' dir='ltr'><strong>Corneliae</strong></span> <span class='ocrx_word' id='word_1_253' title='bbox 1105 2141 1118 2168; x_wconf 79' lang='lat'>3</span> <span class='ocrx_word' id='word_1_254' title='bbox 1149 2136 1217 2161; x_wconf 90' lang='lat' dir='ltr'><strong>cur</strong></span> <span class='ocrx_word' id='word_1_255' title='bbox 1247 2123 1467 2160; x_wconf 83' lang='lat' dir='ltr'><strong>alterutram</strong></span> <span class='ocrx_word' id='word_1_256' title='bbox 1488 2123 1664 2161; x_wconf 88' lang='lat' dir='ltr'><strong>emiserit.</strong></span> <span class='ocrx_word' id='word_1_257' title='bbox 1711 2123 1826 2161; x_wconf 74' lang='lat' dir='ltr'><strong>Nihil</strong></span> 
     </span>
     <span class='ocr_line' id='line_1_30' title="bbox 436 2187 1825 2242; baseline -0.001 -14"><span class='ocrx_word' id='word_1_258' title='bbox 436 2190 540 2228; x_wconf 82' lang='lat' dir='ltr'><strong>enim</strong></span> <span class='ocrx_word' id='word_1_259' title='bbox 561 2189 692 2227; x_wconf 91' lang='lat' dir='ltr'><strong>scribit</strong></span> <span class='ocrx_word' id='word_1_260' title='bbox 713 2188 936 2242; x_wconf 84' lang='lat' dir='ltr'><strong>respondiffe</strong></span> <span class='ocrx_word' id='word_1_261' title='bbox 955 2187 1186 2241; x_wconf 88' lang='lat' dir='ltr'><strong>haruspices,</strong></span> <span class='ocrx_word' id='word_1_262' title='bbox 1209 2189 1234 2226; x_wconf 91' lang='lat' dir='ltr'>fi</span> <span class='ocrx_word' id='word_1_263' title='bbox 1255 2198 1387 2227; x_wconf 88' lang='lat' dir='ltr'><strong>neuter</strong></span> <span class='ocrx_word' id='word_1_264' title='bbox 1401 2190 1534 2241; x_wconf 86' lang='lat' dir='ltr'><strong>anguis</strong></span> <span class='ocrx_word' id='word_1_265' title='bbox 1555 2188 1707 2227; x_wconf 78' lang='lat' dir='ltr'><strong>emissus</strong></span> <span class='ocrx_word' id='word_1_266' title='bbox 1723 2189 1825 2234; x_wconf 85' lang='lat' dir='ltr'><strong>esset,</strong></span> 
     </span>
     <span class='ocr_line' id='line_1_31' title="bbox 436 2254 1826 2308; baseline -0.001 -15"><span class='ocrx_word' id='word_1_267' title='bbox 436 2255 531 2308; x_wconf 91' lang='lat' dir='ltr'><strong>quid</strong></span> <span class='ocrx_word' id='word_1_268' title='bbox 551 2255 639 2294; x_wconf 86' lang='lat' dir='ltr'><strong>effet</strong></span> <span class='ocrx_word' id='word_1_269' title='bbox 658 2254 849 2293; x_wconf 89' lang='lat' dir='ltr'><strong>futurum.</strong></span> <span class='ocrx_word' id='word_1_270' title='bbox 882 2255 936 2292; x_wconf 92' lang='lat' dir='ltr'><strong>At</strong></span> <span class='ocrx_word' id='word_1_271' title='bbox 957 2267 1060 2292; x_wconf 92' lang='lat' dir='ltr'><strong>mors</strong></span> <span class='ocrx_word' id='word_1_272' title='bbox 1080 2254 1248 2292; x_wconf 88' lang='lat' dir='ltr'><strong>insecuta</strong></span> <span class='ocrx_word' id='word_1_273' title='bbox 1264 2254 1487 2293; x_wconf 87' lang='lat' dir='ltr'><strong>Gracchum</strong></span> <span class='ocrx_word' id='word_1_274' title='bbox 1510 2255 1575 2292; x_wconf 89' lang='lat' dir='ltr'><strong>est.</strong></span> <span class='ocrx_word' id='word_1_275' title='bbox 1599 2255 1717 2292; x_wconf 82' lang='lat' dir='ltr'><strong>Causa</strong></span> <span class='ocrx_word' id='word_1_276' title='bbox 1737 2255 1826 2307; x_wconf 87' lang='lat' dir='ltr'><strong>qui-</strong></span> 
     </span>
     <span class='ocr_line' id='line_1_32' title="bbox 436 2319 1824 2372; baseline -0.001 -13"><span class='ocrx_word' id='word_1_277' title='bbox 436 2322 540 2367; x_wconf 87' lang='lat' dir='ltr'><strong>dem,</strong></span> <span class='ocrx_word' id='word_1_278' title='bbox 572 2321 698 2365; x_wconf 89' lang='lat' dir='ltr'><strong>credo,</strong></span> <span class='ocrx_word' id='word_1_279' title='bbox 735 2321 860 2372; x_wconf 90' lang='lat' dir='ltr'><strong>aliqua</strong></span> <span class='ocrx_word' id='word_1_280' title='bbox 894 2320 1019 2358; x_wconf 90' lang='lat' dir='ltr'><strong>morbi</strong></span> <span class='ocrx_word' id='word_1_281' title='bbox 1050 2321 1244 2372; x_wconf 88' lang='lat' dir='ltr'><strong>gravioris,</strong></span> <span class='ocrx_word' id='word_1_282' title='bbox 1280 2333 1356 2358; x_wconf 93' lang='lat' dir='ltr'><strong>non</strong></span> <span class='ocrx_word' id='word_1_283' title='bbox 1391 2319 1587 2358; x_wconf 88' lang='lat' dir='ltr'><strong>emiffione</strong></span> <span class='ocrx_word' id='word_1_284' title='bbox 1618 2319 1796 2372; x_wconf 86' lang='lat' dir='ltr'><strong>serpentis</strong></span> <span class='ocrx_word' id='word_1_285' title='bbox 1816 2334 1824 2356; x_wconf 90' lang='lat'>:</span> 
     </span>
     <span class='ocr_line' id='line_1_33' title="bbox 438 2384 1824 2438; baseline -0.003 -13"><span class='ocrx_word' id='word_1_286' title='bbox 438 2399 562 2438; x_wconf 90' lang='lat' dir='ltr'><strong>neque</strong></span> <span class='ocrx_word' id='word_1_287' title='bbox 581 2388 687 2425; x_wconf 89' lang='lat' dir='ltr'><strong>enim</strong></span> <span class='ocrx_word' id='word_1_288' title='bbox 707 2396 810 2424; x_wconf 87' lang='lat' dir='ltr'><strong>tanta</strong></span> <span class='ocrx_word' id='word_1_289' title='bbox 840 2386 892 2424; x_wconf 89' lang='lat' dir='ltr'><strong>est</strong></span> <span class='ocrx_word' id='word_1_290' title='bbox 922 2384 1124 2424; x_wconf 87' lang='lat' dir='ltr'><strong>infelicitas</strong></span> <span class='ocrx_word' id='word_1_291' title='bbox 1145 2385 1403 2438; x_wconf 87' lang='lat' dir='ltr'><strong>haruspicum,</strong></span> <span class='ocrx_word' id='word_1_292' title='bbox 1436 2395 1478 2423; x_wconf 92' lang='lat' dir='ltr'><strong>ut</strong></span> <span class='ocrx_word' id='word_1_293' title='bbox 1499 2399 1545 2423; x_wconf 90' lang='lat' dir='ltr'><strong>ne</strong></span> <span class='ocrx_word' id='word_1_294' title='bbox 1565 2385 1649 2423; x_wconf 90' lang='lat' dir='ltr'><strong>casu</strong></span> <span class='ocrx_word' id='word_1_295' title='bbox 1669 2386 1824 2438; x_wconf 84' lang='lat' dir='ltr'><strong>quidem</strong></span> 
     </span>
     <span class='ocr_line' id='line_1_34' title="bbox 441 2451 1398 2505; baseline 0.002 -19"><span class='ocrx_word' id='word_1_296' title='bbox 441 2463 610 2502; x_wconf 90' lang='lat' dir='ltr'><strong>unquam</strong></span> <span class='ocrx_word' id='word_1_297' title='bbox 630 2451 708 2496; x_wconf 89' lang='lat' dir='ltr'><strong>fiat,</strong></span> <span class='ocrx_word' id='word_1_298' title='bbox 731 2452 834 2505; x_wconf 91' lang='lat' dir='ltr'><strong>quod</strong></span> <span class='ocrx_word' id='word_1_299' title='bbox 854 2451 1031 2490; x_wconf 90' lang='lat' dir='ltr'><strong>futurum</strong></span> <span class='ocrx_word' id='word_1_300' title='bbox 1051 2452 1109 2489; x_wconf 91' lang='lat' dir='ltr'><strong>illi</strong></span> <span class='ocrx_word' id='word_1_301' title='bbox 1129 2451 1199 2489; x_wconf 83' lang='lat' dir='ltr'><strong>effe</strong></span> <span class='ocrx_word' id='word_1_302' title='bbox 1218 2451 1398 2489; x_wconf 87' lang='lat' dir='ltr'><strong>dixerint.</strong></span> 
     </span>
    </p>

    <p class='ocr_par' dir='ltr' id='par_1_6' title="bbox 440 2513 1826 2634">
     <span class='ocr_line' id='line_1_35' title="bbox 495 2513 1824 2569; baseline -0.002 -17"><span class='ocrx_word' id='word_1_303' title='bbox 495 2515 601 2553; x_wconf 89' lang='lat' dir='ltr'><strong>Nam</strong></span> <span class='ocrx_word' id='word_1_304' title='bbox 631 2517 728 2554; x_wconf 92' lang='lat' dir='ltr'><strong>illud</strong></span> <span class='ocrx_word' id='word_1_305' title='bbox 757 2519 926 2562; x_wconf 90' lang='lat' dir='ltr'><strong>mirarer,</strong></span> <span class='ocrx_word' id='word_1_306' title='bbox 957 2518 982 2555; x_wconf 90' lang='lat' dir='ltr'><strong>fi</strong></span> <span class='ocrx_word' id='word_1_307' title='bbox 1013 2518 1220 2561; x_wconf 87' lang='lat' dir='ltr'><strong>crederem,</strong></span> <span class='ocrx_word' id='word_1_308' title='bbox 1251 2517 1354 2569; x_wconf 91' lang='lat' dir='ltr'><strong>quod</strong></span> <span class='ocrx_word' id='word_1_309' title='bbox 1374 2517 1472 2569; x_wconf 89' lang='lat' dir='ltr'><strong>apud</strong></span> <span class='ocrx_word' id='word_1_310' title='bbox 1494 2517 1712 2554; x_wconf 89' lang='lat' dir='ltr'><strong>Homerum</strong></span> <span class='ocrx_word' id='word_1_311' title='bbox 1734 2513 1824 2551; x_wconf 81' lang='lat' dir='ltr'><strong>Cal-</strong></span> 
     </span>
     <span class='ocr_line' id='line_1_36' title="bbox 440 2577 1826 2634; baseline -0.002 -17"><span class='ocrx_word' id='word_1_312' title='bbox 440 2577 618 2619; x_wconf 85' lang='lat' dir='ltr'><strong>chantem</strong></span> <span class='ocrx_word' id='word_1_313' title='bbox 666 2580 791 2619; x_wconf 84' lang='lat' dir='ltr'><strong>dixisti</strong></span> <span class='ocrx_word' id='word_1_314' title='bbox 835 2595 881 2619; x_wconf 87' lang='lat' dir='ltr'><strong>ex</strong></span> <span class='ocrx_word' id='word_1_315' title='bbox 927 2581 1111 2634; x_wconf 74' lang='lat' dir='ltr'><strong>passerum</strong></span> <span class='ocrx_word' id='word_1_316' title='bbox 1160 2595 1319 2620; x_wconf 85' lang='lat' dir='ltr'><strong>numero</strong></span> <span class='ocrx_word' id='word_1_317' title='bbox 1367 2581 1459 2619; x_wconf 87' lang='lat' dir='ltr'><strong>belli</strong></span> <span class='ocrx_word' id='word_1_318' title='bbox 1508 2580 1665 2631; x_wconf 87' lang='lat' dir='ltr'><strong>Trojani</strong></span> <span class='ocrx_word' id='word_1_319' title='bbox 1709 2591 1826 2615; x_wconf 62' lang='lat' dir='ltr'><strong>annos</strong></span> 
     </span>
    </p>
   </div>
  </div>
 </body>
</html>
