2223 3003
695 213 1298 254 FRAGMENTA.
1625 231 1708 272 415·

303 320 341 350 et
360 312 504 358 omnia,
536 325 620 365 quae
640 311 708 351 sub
729 311 922 365 aspectum
954 313 1111 358 cadunt,
1147 312 1544 366 comprehenduntur.
1588 315 1708 367 Qod

303 379 409 417 enim
428 377 739 432 pulcherrimum
759 379 800 416 in
820 392 946 417 rerum
968 388 1101 417 natura
1132 379 1300 432 intelligi
1319 379 1454 433 potest,
1479 389 1517 418 et
1536 381 1641 433 quod
1661 394 1708 420 ex

302 444 414 482 omni
433 453 537 497 parte
557 443 879 482 absolutiffimum
902 444 969 489 est,
1000 458 1090 482 cum
1118 445 1224 483 Deus
1246 446 1411 484 fimilem
1430 446 1626 485 mundum
1646 446 1706 485 ef-

303 507 414 547 ficere
434 510 562 555 vellet,
583 509 726 548 animal
747 523 885 554 unum,
916 509 1181 562 adspectabile,
1212 511 1252 548 in
1273 524 1350 563 quo
1371 512 1502 550 omnia
1528 511 1708 550 animalia

302 576 604 620 continerentur,
625 574 767 613 effecit.
790 575 959 613 Rectene
978 577 1096 628 igitur
1117 589 1239 614 unum
1256 578 1448 615 mundum
1469 578 1678 617 dixerimus
1692 596 1706 623 5

303 654 349 680 an
370 641 460 686 fuit,
486 642 613 694 plures
633 650 672 678 et
702 641 1016 686 innumerabiles,
1048 643 1153 679 dictu
1181 643 1304 680 verius
1331 652 1370 680 et
1390 643 1527 682 melius
1549 644 1560 680 ?
1593 645 1706 682 Unus

302 707 489 760 profesto,
520 706 709 759 siquidem
729 705 850 744 fastus
881 706 934 743 est
954 707 1000 744 ad
1019 707 1260 758 exemplum.
1298 709 1417 759 Qod
1437 710 1542 747 enim
1572 723 1706 748 omnes

302 774 514 812 animantes
544 785 622 817 eos,
655 772 724 824 qui
754 772 900 810 ratione
930 772 1218 825 intelliguntur,
1249 773 1532 826 complectitur,
1563 775 1602 812 id
1629 789 1708 814 non

301 840 425 893 potest
454 840 526 878 esse
559 853 652 878 cum
683 839 816 877 altero.
866 839 1013 878 Rursus
1045 840 1149 878 enim
1176 840 1271 878 alius
1303 840 1491 886 animans,
1523 842 1591 894 qui
1617 855 1709 880 eum

300 906 512 951 contineat,
534 906 578 943 fit
598 904 741 943 neceffe
761 905 827 950 est,
857 907 968 957 cujus
993 914 1114 958 partes
1146 905 1218 943 s1nt
1237 907 1448 944 animantes
1469 907 1676 959 superiores
1692 927 1707 954 ,ς

301 972 520 1025 caelumque
539 970 628 1016 hoc,
650 971 897 1010 fimulacrum
918 971 1023 1010 illius
1044 971 1176 1010 ultimi
1195 972 1254 1017 s1t,
1277 986 1353 1010 non
1375 974 1558 1026 proximi.
1593 974 1708 1025 Qo-

302 1051 389 1076 rum
410 1051 457 1075 ne
477 1037 573 1090 quid
592 1037 795 1082 accideret,
827 1047 940 1090 atque
972 1046 1015 1075 ut
1034 1035 1099 1075 hic
1120 1037 1290 1076 mundus
1311 1038 1401 1076 efl‘et
1430 1039 1616 1077 animanti
1637 1039 1706 1078 ab-

302 1103 428 1142 soluto
447 1103 682 1148 fimillimus,
704 1102 779 1141 hoc
799 1103 895 1156 ips0‚
917 1104 1022 1156 quod
1041 1103 1140 1142 solus
1161 1113 1274 1156 atque
1295 1117 1394 1142 unus
1415 1104 1503 1143 effet
1519 1123 1530 1150 ς
1561 1105 1714 1144 idcirco·

302 1169 534 1223 fingularem
567 1170 675 1208 Deus
709 1168 815 1208 hunc
846 1170 1056 1215 mundum,
1090 1179 1206 1222 atque
1242 1171 1449 1223 unigenam
1479 1171 1710 1224 procreavit.

303 1237 544 1289 Corporeum
574 1245 721 1282 autem,
751 1246 790 1274 et
808 1236 1046 1289 aspectabile,
1076 1237 1250 1289 itemque
1270 1237 1464 1275 tractabile
1489 1251 1606 1275 omne
1636 1251 1707 1276 ne-

302 1302 395 1341 ceffe
414 1303 466 1341 est
486 1303 570 1348 effe,
601 1302 707 1355 quod
726 1311 862 1340 natum
883 1302 949 1341 est.
981 1301 1098 1341 Nihil
1119 1316 1247 1355 porro,
1283 1304 1365 1356 igni
1385 1316 1565 1348 vacuum,
1587 1303 1710 1341 videri

302 1369 450 1421 potest3
495 1382 565 1408 nec
603 1382 693 1407 vero
731 1369 851 1422 tangi,
891 1368 997 1421 quod
1034 1378 1158 1407 careat
1194 1368 1342 1414 solido;
1380 1368 1547 1407 solidum
1578 1378 1708 1409 autem

305 1435 434 1482 nihil,
484 1436 591 1488 quod
631 1445 738 1474 terrae
779 1435 826 1474 s1t
863 1449 1013 1488 expers.
1080 1435 1350 1486 Qamobrem
1389 1436 1584 1474 mundum
1621 1437 1708 1475 effi-

302 1513 387 1540 cere
407 1500 570 1539 moliens
592 1501 713 1544 Deus,
736 1508 875 1537 terram
894 1500 1084 1551 primum,
1111 1500 1320 1552 ignemque
1334 1501 1537 1553 jungebat.
1563 1502 1712 1540 Omnia

303 1577 431 1605 autem
453 1567 529 1604 duo
548 1566 595 1604 ad
623 1563 911 1610 cohaerendum,
940 1566 1099 1603 tertium
1128 1565 1276 1617 aliquid
1302 1566 1515 1618 requirunt,
1547 1575 1585 1605 et
1604 1568 1708 1619 quasi

303 1632 452 1672 nodum
472 1631 755 1684 vinculumque
784 1631 1008 1670 desiderant.
1054 1630 1124 1670 Sed
1143 1631 1390 1670 vinculorum
1421 1632 1462 1670 id
1491 1631 1543 1670 est
1562 1633 1707 1685 aptiffi-

306 1713 419 1738 mum
440 1708 554 1752 atque
574 1696 900 1751 pulcherrimum,
937 1697 1042 1750 quod
1062 1711 1109 1736 ex
1130 1697 1179 1743 se,
1210 1707 1325 1749 atque
1347 1697 1393 1735 de
1413 1697 1487 1743 his,
1523 1712 1609 1751 quae
1640 1699 1708 1737 ad-

302 1765 467 1818 stringit,
489 1779 607 1819 quam
627 1764 797 1803 maxime
817 1777 941 1802 unum
960 1764 1093 1803 efficit.
1143 1764 1188 1802 Id
1207 1764 1356 1817 optime
1375 1764 1595 1817 assequitur,
1623 1779 1709 1818 quae

303 1832 440 1869 Graece
457 1829 642 1878 ἀναλογία,
664 1830 802 1869 Latine
834 1829 1072 1881 (audendum
1092 1829 1145 1868 est
1164 1830 1286 1875 enim,
1316 1831 1502 1882 quoniam
1523 1829 1605 1868 haec
1626 1831 1708 1883 pri-

302 1910 417 1935 mum
436 1910 457 1935 a
476 1896 588 1935 nobis
609 1897 814 1948 novantur)
837 1897 1087 1948 comparatio,
1108 1896 1354 1949 proportiove
1373 1896 1450 1933 dici
1470 1896 1605 1948 potest.

356 1963 408 2002 V.
441 1962 608 2012 Qando
638 1962 744 2001 enim
765 1962 886 2001 trium
916 1962 976 2000 vel
996 1975 1264 2006 numerorum,
1300 1962 1359 2000 vel
1391 1961 1617 2015 figurarum,
1648 1963 1709 2001 vel

302 2043 627 2083 quorumcunque
645 2043 830 2083 generum
850 2029 1058 2082 contingit,
1081 2038 1124 2067 ut
1144 2029 1249 2081 quod
1269 2028 1445 2067 medium
1465 2028 1522 2073 fit,
1547 2029 1604 2066 uti
1625 2030 1706 2082 pri-

302 2109 414 2134 mum
449 2097 711 2149 proportione,
755 2097 809 2134 ita
838 2095 878 2133 id
915 2095 1108 2148 postremo
1150 2104 1394 2147 comparetur
1411 2123 1422 2138 ,
1469 2094 1708 2148 vicissimque

302 2172 347 2201 ut
372 2171 593 2201 extremum
613 2174 704 2199 cum
725 2162 868 2205 medio,
903 2161 952 2198 fic
973 2161 1149 2198 medium
1177 2173 1269 2198 cum
1298 2160 1440 2212 primo,
1462 2159 1679 2199 conferatur
1691 2179 1705 2207 ;

300 2228 355 2273 id,
377 2228 483 2281 quod
508 2227 684 2265 medium
709 2226 776 2271 est,
798 2235 883 2264 tum
900 2225 1074 2278 primum
1092 2224 1151 2271 fit,
1173 2234 1258 2264 tum
1278 2226 1514 2279 postremum
1527 2244 1539 2271 5
1561 2226 1707 2280 postre-

304 2307 366 2332 ma
386 2308 489 2339 vero,
520 2303 559 2332 et
591 2293 717 2347 prima
737 2293 862 2331 media
882 2291 994 2331 fiunt.
1041 2293 1100 2330 Ita
1125 2292 1317 2331 neceffitas
1347 2293 1467 2345 cogit,
1500 2301 1542 2331 ut
1572 2293 1707 2332 eadem

304 2359 376 2398 fint
406 2373 461 2406 ea,
495 2374 581 2414 quae
610 2359 787 2412 dejunCta
816 2359 986 2398 fuerunt.
1032 2358 1180 2397 Eadem
1209 2369 1338 2397 autem
1369 2372 1461 2397 cum
1491 2358 1588 2397 faeta
1617 2360 1704 2405 fint‚

303 2426 493 2473 efficitur,
538 2436 583 2465 ut
615 2427 747 2466 omnia
781 2427 853 2465 fint
888 2439 1026 2464 unum.
1077 2426 1196 2477 Qod
1224 2426 1252 2464 fi
1286 2426 1535 2464 univerfitatis
1567 2439 1705 2479 corpus

304 2492 467 2545 planum
498 2502 536 2533 et
565 2493 752 2547 aequabile
780 2493 1046 2547 explicaretur,
1077 2504 1203 2546 neque
1232 2493 1273 2531 in
1299 2505 1344 2531 eo
1375 2492 1588 2545 quidquam
1616 2492 1706 2531 ess‘et
