2223 3003
719 213 824 254 DE
882 215 1459 257 SENECTUTE.
1686 232 1762 274 305¹

361 321 402 353 et
434 312 637 353 infirmitas
672 327 896 367 puerorum,
926 322 964 353 et
997 313 1173 353 ferocitas
1198 314 1403 367 juvenum,
1434 324 1471 353 et
1499 315 1660 368 gravitas
1681 317 1765 368 jam

357 380 567 419 constantis
590 381 724 425 aetatis,
754 390 793 418 et
826 380 1026 419 senectutis
1058 380 1256 419 maturitas
1287 380 1456 420 naturale
1476 380 1663 434 quiddam
1691 380 1763 419 ha-

361 446 462 492 beat,
484 446 588 499 quod
609 446 674 484 suo
697 456 867 498 tempore
888 447 1032 499 percipi
1052 447 1200 485 debeat.

417 513 597 551 Arbitror
617 521 654 550 te
673 511 816 556 audire,
851 511 993 563 Scipio,
1026 510 1161 564 hospes
1194 519 1281 550 tuus
1315 512 1438 551 avitus
1458 512 1651 551 Mafiniffa
1679 527 1764 566 quae

361 575 478 616 faciat
497 576 626 621 hodie,
659 576 865 628 nonaginta
884 589 1002 614 annos
1023 585 1134 614 natus
1152 591 1162 615 z
1193 590 1286 615 cum
1306 577 1487 630 ingress‘us
1512 578 1584 617 iter
1602 578 1763 631 pedibus

360 643 420 689 fit,
442 645 483 682 in
503 656 649 696 equum
668 643 831 681 omnino
852 655 929 680 non
949 642 1172 680 adscendere
1183 661 1196 688 3
1228 656 1321 681 cum
1340 656 1454 696 equo,
1483 657 1530 682 ex
1559 658 1658 697 equo
1686 658 1764 683 non

359 709 610 754 descendere3
641 708 751 747 nullo
771 707 909 753 imbre,
940 707 1051 746 nullo
1070 707 1212 760 frigore
1239 709 1392 754 adduci,
1416 719 1459 747 ut
1478 710 1603 762 capite
1631 721 1766 764 operto

359 775 406 814 fit
421 793 433 821 3
465 775 658 814 summam
678 775 719 812 in
739 787 785 813 eo
803 774 875 813 esse
905 774 1075 828 corporis
1095 774 1305 814 siccitatem
1321 793 1334 821 3
1365 775 1497 828 itaque
1517 777 1655 828 exequi
1675 790 1762 815 om-

359 840 423 878 nia
441 841 540 893 regis
559 840 686 879 officia
705 849 743 879 et
763 853 934 879 munera.
977 840 1105 879 Potest
1124 841 1244 894 igitur
1275 841 1511 886 exercitatio,
1543 850 1582 880 et
1613 850 1762 895 tempe-

358 906 479 944 tantia
496 907 613 945 etiam
633 906 817 945 senectuti
840 906 1058 945 conservare
1078 907 1226 959 aliquid
1246 907 1395 960 pristini
1414 907 1576 946 roboris.
1744 958 1747 961 Δ

400 972 474 1011 ΧΙ.
497 973 593 1011 Non
613 972 700 1011 sunt
719 973 760 1011 in
781 972 970 1011 senectute
990 973 1087 1012 vires
1105 974 1117 1010 ?
1145 973 1211 1012 Ne
1232 973 1472 1026 postulantur
1489 974 1648 1026 quidem
1668 974 1764 1013 vires

357 1052 378 1078 a
398 1038 586 1078 senestute
603 1054 612 1078 :
644 1053 734 1093 ergo
753 1048 791 1078 et
811 1039 961 1093 legibus
982 1049 1020 1079 et
1039 1040 1223 1079 institutis
1244 1049 1351 1079 vacat
1371 1049 1457 1079 aetas
1477 1040 1603 1079 nostra
1622 1054 1763 1079 mune-

356 1105 464 1144 ribus
491 1106 553 1151 iis,
583 1119 668 1159 quae
697 1120 775 1144 non
803 1105 956 1159 poffunt
986 1107 1063 1145 fine
1092 1107 1239 1146 viribus
1270 1106 1457 1146 sustineri.
1517 1108 1651 1160 Itaque
1686 1120 1765 1145 non

356 1172 491 1217 modo,
512 1172 618 1225 quod
637 1186 715 1212 non
733 1171 947 1225 poffumus,
979 1172 1042 1211 sed
1072 1185 1121 1211 ne
1153 1182 1344 1226 quantum
1362 1172 1560 1226 poffumus
1587 1173 1762 1226 quidem,

357 1238 552 1290 cogimur.

410 1306 468 1343 At
487 1305 540 1343 ita
559 1303 676 1343 multi
695 1303 783 1343 sunt
813 1304 1005 1343 imbecilli
1024 1304 1142 1350 senes,
1174 1313 1219 1343 ut
1238 1305 1394 1344 nullum
1414 1304 1549 1350 officii,
1581 1313 1646 1343 aut
1673 1318 1763 1343 om-

355 1369 452 1410 nino
484 1372 572 1410 vitae
601 1384 745 1410 munus
771 1371 912 1424 exequi
932 1370 1086 1424 poffint.
1118 1373 1174 1410 At
1204 1371 1245 1409 id
1265 1372 1425 1424 quidem
1456 1384 1533 1410 non
1563 1372 1764 1424 proprium

356 1437 560 1478 senectutis
580 1438 633 1477 est
652 1438 809 1484 vitium,
840 1438 902 1477 sed
922 1452 1135 1477 commune
1153 1438 1397 1478 valetudinis.
1436 1438 1569 1490 Qam
1587 1436 1666 1477 fuit
1685 1438 1764 1476 im-

359 1503 523 1542 becillus
543 1505 588 1542 P.
611 1503 786 1542 Africani
805 1504 909 1542 filius
930 1505 976 1549 is,
1008 1504 1075 1556 qui
1097 1513 1134 1542 te
1152 1504 1346 1557 adoptavit
1364 1504 1378 1541 ?
1408 1517 1526 1556 quam
1549 1503 1668 1548 tenui,
1700 1512 1765 1542 aut

357 1569 467 1607 nulla
485 1570 615 1622 potius
637 1569 875 1607 valetudine?
898 1569 1003 1622 quod
1024 1570 1065 1607 ni
1084 1570 1138 1607 ita
1156 1568 1297 1615 fuisset,
1315 1569 1479 1608 alterum
1499 1569 1566 1606 ille
1584 1569 1765 1608 extitisset

356 1635 492 1673 lumen
512 1634 697 1673 civitatis:
720 1634 765 1672 ad
785 1643 981 1687 paternam
1003 1636 1109 1672 enim
1129 1634 1439 1687 magnitudinem
1457 1634 1578 1672 animi
1593 1634 1765 1673 doCtrina

356 1701 512 1739 uberior
544 1699 754 1739 accesserat.
806 1700 915 1752 Qid
942 1700 1088 1738 mirum
1123 1700 1241 1752 igitur
1272 1701 1313 1738 in
1344 1699 1510 1744 senibus,
1557 1699 1583 1738 fi
1612 1699 1762 1739 infirmi

356 1767 445 1806 sunt
464 1767 684 1820 aliquando,
707 1780 799 1805 cum
821 1779 868 1804 ne
888 1766 927 1804 id
947 1766 1107 1819 quidem
1127 1765 1379 1805 adolescentes
1405 1765 1571 1819 effugere
1591 1765 1730 1820 poffint
1747 1765 1762 1803 ἲ

356 1833 637 1878 Refistendum,
660 1833 757 1872 Laeli
777 1842 815 1871 et
836 1833 979 1886 Scipio,
1001 1832 1184 1871 senestuti
1205 1833 1271 1878 est,
1302 1832 1460 1885 ejusque
1480 1832 1573 1870 vitia
1591 1832 1761 1886 diligen·

355 1900 411 1938 tia
429 1900 709 1953 compensanda
729 1899 830 1938 sunt.
873 1899 1147 1952 Pugnandum‚
1182 1908 1366 1951 tanquam
1397 1907 1529 1937 contra
1559 1899 1761 1945 morbum,

356 1966 406 2005 fic
426 1975 559 2005 contra
579 1965 825 2004 senectutem.

411 2032 604 2072 Habenda
634 2033 730 2071 ratio
762 2031 1018 2070 valetudinis:
1051 2031 1241 2071 utendum
1260 2030 1600 2071 exercitationibus
1631 2031 1762 2070 modi·

353 2098 440 2137 cis:
470 2107 623 2138 tanturn
642 2099 722 2138 cibi
751 2107 790 2136 et
809 2098 978 2151 potionis
1007 2096 1287 2142 adhibendum,
1323 2106 1367 2135 ut
1399 2096 1618 2135 reficiantur
1646 2097 1760 2143 vires,

356 2177 436 2203 non
455 2165 738 2218 opprimantur.
783 2165 873 2203 Nec
903 2177 992 2202 vero
1020 2164 1172 2215 corpori
1193 2162 1262 2201 soli
1282 2162 1586 2201 subveniendum
1605 2162 1671 2209 est,
1698 2163 1762 2202 sed

356 2231 482 2270 menti
501 2240 616 2284 atque
646 2230 778 2268 animo
807 2229 935 2268 multo
966 2229 1115 2281 magis:
1148 2242 1238 2267 nam
1268 2227 1349 2267 haec
1369 2241 1539 2282 quoque,
1574 2229 1643 2268 nisi
1673 2238 1761 2268 tan-

354 2310 475 2350 quam
506 2296 650 2334 lumini
678 2296 811 2334 oleum
831 2294 1005 2340 instilles,
1038 2295 1320 2347 extinguuntur
1339 2294 1542 2334 senectute.
1590 2296 1643 2334 Et
1672 2309 1759 2334 cor-

357 2375 450 2415 pora
468 2363 628 2416 quidem
660 2360 932 2414 defatigatione
961 2370 999 2399 et
1019 2361 1290 2399 exercitatione
1309 2360 1577 2414 ingravescunt
1594 2380 1606 2407 3
1638 2361 1760 2400 anImi

357 2437 488 2467 autem
517 2429 762 2468 exercitando
797 2429 982 2467 levantur.
1032 2428 1153 2474 Nam,
1188 2441 1286 2481 quos
1316 2428 1370 2467 ait
1403 2429 1584 2467 Caecilius
1619 2429 1760 2468 comicos

346 2493 477 2549 stultos
499 2496 628 2547 fines,
676 2494 747 2534 hos
792 2495 978 2548 fignificat
1020 2494 1208 2540 credulos,
1255 2494 1460 2534 obliviosos
1474 2524 1487 2541 ,
1527 2494 1723 2534 diffolutos
1745 2507 1757 2532 ε

358 2571 444 2612 quae
464 2559 557 2597 vitia
585 2560 670 2599 sunt
690 2575 768 2601 non
795 2561 1010 2607 senectutis,
1043 2561 1103 2600 sed
1123 2561 1270 2608 inertis,
1306 2561 1466 2615 ignavae,
1495 2559 1759 2601 somniculosae

444 2626 513 2665 To
523 2638 575 2665 M.
606 2626 681 2666 111.
1361 2628 1461 2682 Qq
