2223 3003
408 196 481 223 100
877 183 980 221 DE
1065 182 1316 223 FATO.

459 282 510 319 ΙΙ.
545 281 698 333 Qibus
719 280 823 323 actis,
856 278 964 330 Qid
993 280 1111 331 ergo?
1141 280 1271 331 inquit
1301 279 1380 323 ille,
1402 281 1587 332 quoniam
1616 285 1793 324 oratorias

345 374 348 377 v
401 347 688 385 exercitationes
708 358 785 383 non
807 353 849 381 tu
870 344 1043 395 quidem,
1066 352 1108 382 ut
1128 343 1248 395 spero,
1281 343 1480 396 reliquisti,
1501 346 1562 384 sed
1582 357 1683 386 certe
1701 349 1792 401 phi-

402 411 614 462 losophiam
634 410 711 446 illis
732 408 986 460 anteposuisti,
1018 407 1219 461 possumne
1238 408 1385 461 aliquid
1406 409 1562 448 audire?
1596 414 1662 451 Tu
1691 427 1792 460 vero,

400 478 573 527 inquam,
594 473 653 512 vel
672 473 815 518 audire,
835 473 895 513 vel
915 473 1052 513 dicere.
1090 474 1177 513 Nec
1193 475 1299 513 enim
1322 475 1444 527 (quod
1465 478 1562 515 recle
1581 478 1790 531 existimas)

400 541 560 578 oratoria
589 539 655 577 illa
673 539 795 577 studia
813 539 971 585 deserui,
1003 539 1144 592 quibus
1165 541 1280 578 etiam
1311 550 1348 578 te
1368 541 1535 587 incendi,
1571 557 1794 597 quanquam

400 605 745 658 flagrantissimum,
766 617 983 658 acceperam
1000 623 1011 650 ;
1043 618 1113 644 nec
1134 619 1190 651 ea,
1212 620 1296 658 quae
1316 620 1419 645 nunc
1441 609 1572 653 tracto,
1594 610 1792 655 minuunt,

401 671 461 709 sed
481 681 621 724 augent
636 672 779 724 potius,
796 670 904 709 illam
921 670 1158 709 facultatem.
1182 672 1287 710 Nam
1307 685 1399 710 cum
1418 672 1494 711 hoc
1509 687 1646 726 genere
1661 674 1793 727 philo-

400 735 552 789 sophiae,
585 736 689 789 quod
721 749 789 774 nos
809 735 1018 788 sequimur,
1054 749 1233 788 magnam
1266 735 1382 776 habet
1401 748 1524 777 orator
1544 738 1762 778 societatem
1780 755 1790 778 z

399 802 651 840 subtilitatem
670 802 776 839 enim
805 800 852 838 ab
872 801 1082 839 Academia
1102 810 1314 847 mutuatur,
1345 812 1384 841 et
1413 804 1449 841 ei
1479 803 1640 842 viciffim
1669 804 1793 843 reddit

398 867 611 905 ubertatem
645 866 842 911 orationis,
877 875 915 904 et
948 875 1172 904 ornamenta
1204 867 1371 905 dicendi.
1415 869 1697 920 Qamobrem‚
1727 870 1791 909 in-

397 946 529 985 quam,
559 932 743 985 quoniam
762 931 958 984 utriusque
977 931 1091 969 studii
1112 931 1233 970 nostra
1250 932 1421 985 poffeffio
1445 934 1512 980 est,
1544 933 1674 981 hodie,
1705 946 1792 976 utro

396 997 472 1036 frui
493 998 619 1042 malis,
640 997 748 1049 optio
767 996 811 1035 fit
832 1005 910 1036 tua.

437 1065 548 1102 Tum
564 1063 734 1108 Hirtius,
752 1062 1036 1108 Gratiffimum,
1052 1063 1196 1115 inquit,
1217 1071 1255 1101 et
1273 1071 1431 1103 tuorum
1446 1065 1628 1103 omnium
1642 1065 1789 1118 limile:

393 1128 494 1168 nihil
513 1129 618 1168 enim
634 1142 808 1182 unquam
823 1129 958 1168 abnuit
978 1142 1065 1168 meo
1080 1129 1203 1168 studio
1219 1129 1393 1169 voluntas
1410 1140 1488 1170 tua.
1503 1131 1588 1177 Sed,
1605 1133 1790 1185 quoniam

393 1196 583 1236 rhetorica
602 1194 702 1234 mihi
721 1196 840 1234 vestra
859 1195 913 1233 sat
932 1204 1035 1240 nota,
1068 1204 1181 1247 teque
1203 1196 1244 1233 in
1263 1195 1310 1234 iis
1330 1206 1368 1234 et
1386 1197 1603 1236 audivimus
1623 1198 1730 1250 saepe,
1751 1209 1790 1237 et

393 1262 591 1301 audiemus
607 1279 619 1307 ς
651 1269 765 1314 atque
794 1260 894 1299 hanc
915 1260 1255 1306 Academicorum,
1287 1272 1420 1301 contra
1453 1263 1690 1316 propofitum
1710 1264 1788 1303 dis-

392 1328 566 1381 putandi,
598 1327 915 1366 consuetudinem
936 1326 1120 1379 >indicant
1140 1336 1176 1365 te
1196 1327 1390 1381 suscepiss‘e
1408 1328 1637 1368 Tusculanae
1656 1329 1788 1383 dispu-

392 1394 552 1432 tationes
569 1412 581 1439 ς
613 1406 753 1447 ponere
772 1393 933 1446 aliquid,
954 1392 1000 1430 ad
1019 1393 1124 1445 quod
1143 1393 1310 1439 audiam,
1336 1394 1362 1432 fi
1383 1395 1455 1434 tibi
1475 1408 1552 1433 non
1573 1395 1625 1434 est
1645 1395 1786 1435 moles-

392 1468 492 1505 tum,
514 1460 615 1499 volo.

445 1527 509 1564 An
531 1525 646 1569 mihi,
667 1525 842 1577 inquam,
863 1520 866 1522 ’
873 1524 995 1577 potest
1014 1524 1228 1576 quidquam
1248 1525 1318 1563 esse
1338 1526 1558 1571 molestum,
1591 1527 1695 1578 quod
1716 1526 1788 1565 tibi

388 1599 542 1644 gratum
562 1589 742 1629 futurum
761 1590 806 1628 fit
823 1590 836 1626 ?
869 1590 939 1628 Sed
959 1591 1011 1629 ita
1030 1590 1173 1635 audies,
1195 1599 1238 1628 ut
1258 1591 1484 1630 Romanum
1504 1591 1721 1638 hominem,
1743 1602 1787 1632 ut

389 1656 526 1696 timide
545 1656 824 1709 ingredientem
841 1655 887 1693 ad
906 1654 981 1695 hoc
1001 1669 1122 1710 genus
1136 1655 1369 1710 disputandi,
1386 1667 1430 1696 ut
1449 1658 1567 1711 longo
1586 1658 1787 1697 intervallo

388 1722 469 1761 haec
489 1721 610 1760 studia
629 1729 880 1774 repetentem.

442 1790 514 1833 Ita,
536 1788 679 1840 inquit,
704 1787 857 1826 audiam
878 1796 915 1825 te
935 1786 1206 1840 disputantem,
1240 1797 1284 1826 ut
1303 1800 1345 1826 ea
1370 1787 1457 1841 lego
1477 1800 1562 1841 quae
1581 1787 1754 1842 scripsisti
1772 1803 1782 1828 z

388 1852 548 1905 proinde
566 1852 704 1889 ordire.

443 1917 518 1956 111.
550 1919 574 1942 ἐ
592 1918 615 1942 *
633 1918 656 1942 *
678 1916 970 1955 Considetamus
991 1915 1055 1954 hic
1075 1919 1099 1943 *
1115 1919 1139 1943 ’ἒ
1158 1919 1182 1943 '⁶
1203 1930 1371 1970 quorum
1392 1917 1432 1955 in
1452 1917 1548 1962 aliis,
1571 1928 1614 1956 ut
1636 1919 1673 1956 in
1698 1921 1782 1957 An·

390 1983 528 2035 tipatro
548 1990 673 2035 poeta,
705 1990 749 2019 ut
769 1982 808 2019 in
830 1981 996 2020 brumali
1017 1982 1079 2020 die
1100 1984 1209 2028 natis,
1242 1993 1283 2021 ut
1310 1983 1348 2021 in
1370 1983 1482 2021 simul
1510 1985 1782 2036 aegrotantibus

390 2048 582 2093 fratribus,
614 2057 656 2085 ut
688 2047 727 2086 in
756 2047 876 2093 urina,
910 2057 953 2086 ut
979 2049 1019 2087 in
1047 2049 1255 2102 unguibus,
1292 2059 1333 2087 ut
1365 2050 1404 2087 in
1432 2049 1585 2102 reliquis
1614 2051 1780 2101 ejusmo-

388 2114 441 2159 di,
476 2123 617 2153 natura:
646 2113 826 2166 contagio
858 2113 984 2159 valet;
1017 2128 1134 2167 quam
1165 2129 1237 2168 ego
1269 2129 1345 2153 non
1377 2116 1500 2154 tollo:
1529 2117 1584 2154 vis
1605 2117 1655 2154 cst
1678 2116 1783 2154 nulla

388 2179 525 2217 fatalis.
573 2180 616 2217 In
652 2180 733 2218 aliis
765 2189 893 2218 autem
918 2179 1077 2218 fortuita
1097 2182 1271 2233 quaedam
1291 2180 1360 2219 csse
1381 2181 1546 2234 poffunt,
1581 2192 1622 2220 ut
1655 2182 1692 2220 in
1714 2183 1781 2219 illo

390 2244 584 2297 naufrago,
621 2255 662 2283 ut
698 2246 736 2283 in
759 2246 901 2290 Icadio,
931 2256 974 2284 ut
995 2247 1032 2284 in
1056 2246 1239 2299 Daphita.
1278 2247 1464 2299 Qaedam
1486 2248 1602 2285 etiam
1627 2247 1779 2285 Posido-

390 2312 473 2347 nius
497 2312 606 2363 (pacc
627 2312 794 2363 magistri
815 2312 997 2362 dixerim)
1020 2314 1263 2351 comminisci
1285 2314 1447 2351 videtur.
1473 2316 1581 2357 Sunt,
1606 2314 1777 2365 inquam,

388 2376 546 2427 quidem
577 2376 745 2415 absurda.
793 2378 901 2429 Qid
928 2378 1033 2415 enim
1054 2379 1065 2415 ?
1109 2380 1146 2416 Si
1169 2378 1347 2432 Daphitae
1367 2378 1490 2417 fatum
1513 2378 1586 2417 fuit
1613 2394 1656 2416 cx
1679 2393 1779 2430 equo

385 2442 530 2486 cadere,
563 2451 673 2495 atque
707 2444 756 2480 im
790 2443 934 2495 perirc;
966 2458 1011 2482 cx
1034 2444 1155 2482 hocne
1175 2459 1287 2497 equo,
1320 2446 1402 2497 qui,
1435 2459 1526 2483 cum
1553 2459 1671 2497 equus
1701 2459 1776 2483 non

386 2507 488 2553 css'ct,
523 2521 665 2548 nomen
697 2508 860 2549 habebat
887 2509 1084 2551 alienum?
1115 2512 1197 2551 Aut
1218 2510 1421 2565 Philippus
1452 2510 1559 2552 hasce
1581 2512 1619 2551 in
1640 2511 1777 2565 capulo
