2223 3003
552 220 843 260 VARIAE
928 219 1479 261 LECTIONES.

297 331 358 398 ¹3³18
380 359 417 389 26
436 359 610 388 conservaret
624 360 647 388 E
664 360 678 387 Ι
693 361 838 397 „servam
1062 329 1121 398 {¹9
1145 369 1183 396 34
1204 358 1230 387 se
1244 360 1267 388 E
1283 361 1312 387 d.

379 409 416 434 27
438 399 680 433 velEspdmvi
1144 408 1178 436 3ς
1203 398 1504 437 ηεΕΠηκψηεᾳιιι

381 441 417 468 28
442 447 530 466 morte
545 439 567 466 E
581 449 682 466 mortem
694 439 724 467 U
739 439 872 474 marusim
1165 447 1173 466 1
1201 438 1232 466 fit
1246 438 1269 465 E
1284 451 1308 471 v,
1322 436 1349 472 ψ
1363 440 1416 474 :ssa

380 493 421 500 —
442 478 495 505 luit
511 479 523 505 Ι
537 491 561 509 v,
577 478 602 511 ψ
616 477 665 505 luit
680 477 794 505 Tmmii
809 479 835 505 N
852 479 878 507 d.
1162 487 1177 505 2
1200 477 1346 505 admistum
1364 478 1385 505 E
1401 480 1542 505 admixtum

377 533 418 539 —
439 517 577 545 Cannensi
596 517 754 554 ignominia
776 518 961 546 temeritatem
982 518 1004 545 E
1140 530 1180 538 —-
1200 515 1293 551 dispar
1308 516 1347 544 sui
1362 517 1452 553 Efive
1466 518 1554 554 dispar

486 557 615 593 Cannetfi
626 555 689 584 bello
701 560 847 594 ignomniae
860 560 999 585 temeritate
1163 566 1177 593 3
1200 555 1279 593 poffit
1295 556 1317 583 E
1332 568 1352 585 ο,
1366 569 1379 582 υ
1389 556 1465 592 poffie

381 605 418 632 29
438 605 493 623 non
509 609 519 623 ι
534 599 600 623 novi
1158 606 1177 631 4
1199 594 1266 622 scire
1280 595 1378 629 Estire
1389 598 1443 623 dua

378 650 418 656 —
439 635 606 669 neExlaenec
1105 640 1112 646 ”
1161 644 1176 672 5
1201 634 1399 668 finto‚4fimt

379 683 416 712 30
437 675 541 702 honore
556 673 582 708 ψ
597 675 708 702 bonorem
1160 674 1178 700 6
1201 681 1231 701 ut
1247 674 1258 700 1
1275 677 1315 700 ita
1331 682 1358 700 ut

379 723 412 750 3¹
438 713 513 751 quod
531 727 555 746 η,
569 727 591 746 o,
606 714 632 747 ψ
645 725 710 751 quas
1138 726 1178 733 -·
1199 720 1257 740 turn
1273 711 1366 749 ssjam

379 762 415 790 32
439 752 574 790 profectas
587 766 598 780 ο
610 757 750 789 proveaas
1160 761 1177 788 7
1200 751 1338 779 reminisci
1354 758 1382 779 et
1394 764 1406 781 n
1420 752 1449 779 d.

379 802 414 829 33
438 792 524 829 Qod
541 792 563 819 E
580 805 603 824 η,
620 805 631 818 ο
646 793 722 828 Qid
1138 806 1178 813 -
1200 790 1322 819 Platonis
1339 790 1396 819 sere
1412 791 1434 819 E
1453 791 1585 820 Platonem
1598 794 1690 831 serunt
1711 793 1724 821 1
1741 805 1765 827 a,

376 845 417 854 ..-
437 831 552 868 quidem
569 843 581 860 n
595 835 640 869 qui
1243 843 1266 861 v,
1283 829 1309 864 ψ
1325 830 1441 859 Platonis
1453 836 1517 868 June
1529 835 1591 870 stre
1606 833 1633 861 N
1650 832 1768 862 Platonis

1064 447 1119 474 320

379 880 418 908 34
438 871 467 897 id
484 884 497 900 ιι
511 872 538 898 d.
1236 870 1369 907 firesimt

375 925 416 931 -—
435 909 617 939 extimescent
631 909 645 937 Ῑ
657 910 817 947 extimfiunt
832 908 859 946 ψ
876 912 1006 949 pertimes-
1159 921 1178 948 9
1199 909 1320 937 moriens
1333 909 1363 937 N
1378 910 1405 937 d.

484 958 543 977 cunt
1138 965 1180 972 —
1200 949 1287 985 major
1302 948 1362 976 haec
1380 949 1400 976 E
1415 950 1442 978 d.

1144 999 1179 1017 ιο
1200 988 1270 1017 dicit
1284 1001 1306 1020 ο,
1323 987 1349 1022 ψ
1364 990 1435 1017 dixit

1139 1044 1179 1051 —
1200 1028 1271 1055 mihi
1286 1028 1309 1055 E
1323 1030 1371 1055 nei

1144 1078 1177 1106 ¹3
1199 1068 1289 1106 igitur
1302 1081 1313 1095 ο
1327 1078 1384 1105 ergo

1145 1118 1180 1146 14
1201 1107 1309 1135 nullum
1326 1120 1339 1136 η
1354 1106 1450 1135 nullum
1462 1112 1573 1138 animum

1144 1149 1178 1177 16
1198 1156 1295 1174 eorum
1310 1145 1336 1181 ψ
1351 1148 1377 1175 d.

1145 1197 1179 1224 ¹7
1201 1196 1343 1224 nunquam
1360 1187 1384 1219 ψ
1399 1198 1526 1226 nunquam
1539 1190 1571 1216 id

1144 1229 1178 1255 18
1199 1226 1292 1263 potuit
1307 1226 1329 1253 E
1345 1226 1460 1263 Ipctm't

1139 1281 1181 1290 -—
1201 1266 1368 1295 mortalibus
1383 1279 1395 1295 η
1409 1266 1553 1295 mortalium

1146 1315 1178 1345 19
1201 1314 1264 1333 cum
1275 1305 1289 1332 Ι
1303 1317 1356 1333 cum
1367 1314 1450 1334 auum

1140 1360 1180 1368 —-
1201 1352 1260 1372 turn
1276 1344 1299 1372 E
1314 1346 1340 1372 d.
1362 1358 1376 1372 υ
1390 1354 1474 1373 tamen

1142 1395 1179 1415 20
1200 1392 1234 1411 ex
1250 1384 1279 1412 N
1295 1386 1322 1411 d.

1138 1439 1178 1447 -—
1199 1423 1341 1460 infipienti
1356 1424 1378 1451 E
1394 1424 1522 1461 itfipiente

1138 1480 1178 1486 —
1198 1463 1274 1490 omni
1291 1464 1313 1490 E
1327 1462 1362 1490 ab
1375 1467 1442 1490 omni

298 999 356 1028 3¹9
401 999 411 1017 1
438 989 589 1017 studiorum
607 990 620 1018 1
635 988 666 1017 Ν
682 989 712 1018 U
727 1003 751 1022 η,
767 1003 790 1024 ο,
803 1004 828 1024 υ,
841 991 867 1025 ψ
883 1001 965 1020 rerum

398 1038 413 1066 3
436 1037 465 1057 et
479 1029 505 1063 ψ
518 1032 606 1056 etenim

398 1078 413 1106 5
436 1068 519 1104 hujus
534 1068 558 1096 E
573 1068 603 1096 N
617 1068 646 1097 U
660 1083 685 1103 n,
699 1082 721 1102 o,
736 1082 760 1102 v,
773 1070 798 1103 ψ
811 1072 863 1107 q'us

377 1123 418 1130 —
438 1118 454 1136 a
468 1108 490 1136 E
507 1122 530 1141 κ,
545 1108 570 1142 ψ
585 1112 613 1136 in

377 1163 418 1170 —
439 1147 501 1175 sunt
516 1149 538 1176 E
550 1149 644 1183 *lt-fiant
660 1159 743 1178 autem

377 1203 417 1210 —
436 1196 502 1224 ergo
585 1187 731 1217 senestutis
747 1201 759 1219 n
773 1189 800 1217 d.

397 1237 414 1264 7
437 1227 473 1254 fic
487 1227 623 1255 occidunt
637 1228 708 1266 Efic

372 1281 413 1289 -
435 1267 528 1295 evenit
542 1267 566 1295 E
581 1281 606 1300 n,
621 1281 643 1301 o,
655 1269 680 1302 ψ
694 1271 810 1296 evenerit

397 1317 416 1345 9
438 1307 506 1344 quid
523 1319 536 1336 η
547 1309 614 1344 qued
624 1307 649 1341 ψ
663 1308 690 1335 d.

375 1361 416 1369 —
435 1346 494 1383 ipse
509 1347 531 1374 E
543 1357 587 1384 ego
601 1347 652 1384 ipſs

381 1396 416 1414 ιο
437 1394 471 1413 eo
486 1386 508 1414 E
522 1397 565 1423 ego

380 1435 411 1454 ¹¹
436 1425 532 1494 ἒέἰῖ-ζξ
547 1424 763 1501 limbi?

377 1519 419 1527 ·—-
438 1504 538 1532 vestros
554 1503 585 1532 N
599 1507 691 1542 nostrat

379 1553 389 1573 1
399 1553 414 1574 2
435 1544 753 1611 mihiquisz³2njciffim⁰³
769 1545 792 1572 E
807 1545 871 1572 mibi
883 1546 1004 1581 amiciffi'-

484 1595 534 1611 mv!
612 1604 620 1612 ο

1141 1513 1173 1533 21
1198 1502 1372 1530 admixtione
1385 1502 1410 1536 ψ
1424 1503 1547 1539 amiffi‘one

1142 1553 1176 1581 ²5
1200 1541 1270 1569 solus
1285 1555 1299 1570 v
1312 1543 1337 1570 d.

1142 1584 1178 1611 26
1199 1581 1251 1609 esse
1266 1581 1288 1609 Ε
1302 1583 1330 1610 d.

379 1633 413 1662 13
437 1633 496 1653 eam
520 1623 634 1661 quidem
657 1624 744 1652 vitam
772 1624 795 1651 E
819 1623 833 1652 Ι
856 1635 886 1652 ea
907 1625 1004 1662 quidem
1138 1638 1179 1645 —
1200 1621 1325 1648 somnum
1346 1621 1489 1656 „strunium

484 1666 549 1691 vita
1141 1672 1176 1699 ²7
1199 1661 1285 1688 animi
1301 1674 1313 1690 ιι
1329 1663 1354 1688 d.

375 1719 416 1728 —
436 1703 609 1732 nominanda
624 1704 646 1731 E
663 1703 676 1730 Ι
690 1706 845 1732 numeranda
858 1718 871 1732 v
885 1715 1002 1732 annume-
1139 1717 1179 1723 —
1201 1701 1322 1728 maxime
1338 1714 1351 1728 υ
1366 1702 1393 1728 d.

485 1745 571 1771 razda

380 1793 416 1822 14
436 1783 622 1821 compagibus
638 1797 650 1813 η
664 1785 853 1821 compaginibus

379 1832 413 1862 ις
436 1825 481 1852 Est
495 1823 570 1851 enim
587 1823 609 1850 E
624 1826 712 1851 etenim

380 1864 416 1892 16
438 1874 472 1892 ex
487 1865 510 1892 E
523 1866 551 1890 d.

375 1918 417 1926 —
437 1902 576 1931 demersus
591 1915 604 1932 η
619 1903 729 1939 dcmffir

379 1951 413 1980 ¹7
437 1943 528 1971 locum
545 1941 559 1969 Ι
573 1946 596 1968 ei
609 1942 685 1969 lotum
701 1956 724 1975 n,
738 1943 763 1977 ψ
776 1943 808 1971 id
818 1943 851 1980 est
862 1943 889 1970 in
902 1941 978 1969 Iocum

378 1990 414 2020 19
435 1983 561 2010 ordinem
574 1981 597 2008 E
608 1985 723 2010 ardenam

377 2031 410 2050 21
436 2032 468 2050 ac
483 2023 506 2050 E
520 2030 566 2050 aut

374 2075 416 2129 Σ
437 2061 592 2129 2‘353312?
585 2061 742 2128 ss'Zsb‘llZm

374 2155 415 2162 -
435 2140 519 2169 etiam
535 2140 565 2167 N
579 2149 602 2167 n

375 2195 416 2202 —
436 2179 605 2208 summorum
622 2180 644 2207 E
660 2179 684 2207 d.

375 2235 416 2242 —
435 2228 463 2248 et
477 2221 500 2248 Ε
514 2220 540 2249 d.

378 2269 414 2298 25
437 2259 487 2297 qui
503 2273 516 2290 η
530 2262 575 2297 qui
587 2270 661 2297 quum

373 2314 415 2321 —
434 2299 595 2336 philosophi
611 2299 639 2326 N
655 2299 683 2326 d.

375 2353 417 2361 —
435 2339 578 2376 quondam
593 2352 606 2366 ν
620 2340 648 2366 d.

377 2377 415 2406 26
436 2379 576 2406 delibatos
591 2378 614 2406 E
629 2377 750 2407 ddibutcs

378 2427 414 2454 ³²
437 2423 479 2445 tot
493 2426 577 2450 artes,
590 2426 674 2446 tantae
688 2418 820 2451 scientiae,
834 2423 876 2445 tot
890 2416 1002 2445 inventa

483 2457 506 2484 E
520 2470 542 2489 o,
554 2457 580 2490 ψ
592 2465 628 2485 tot
634 2460 771 2495 senlenriae
785 2466 821 2487 10!
836 2460 949 2486 virinus

381 2504 415 2533 33
438 2505 483 2525 eas
499 2497 527 2525 U
541 2498 611 2534 ipsas

1062 2266 1113 2295 32¹

1141 1744 1178 1770 28
1201 1741 1289 1768 multa
1305 1741 1326 1768 E
1341 1740 1416 1768 multi

1141 1791 1177 1820 29
1201 1782 1243 1808 Ex
1257 1790 1314 1816 quo
1329 1781 1350 1808 E
1366 1780 1409 1807 Ex
1420 1780 1478 1808 hine

1139 1837 1179 1843 —
1200 1820 1370 1856 intelligitur
1385 1833 1397 1849 η
1412 1819 1573 1856 intelligatur

1140 1871 1177 1898 30
1199 1861 1321 1896 corporis
1336 1860 1357 1887 E
1371 1868 1496 1896 corpcrum

1136 1915 1177 1923 —-
1197 1899 1383 1928 relaxaverint
1400 1901 1419 1926 [a
1439 1899 1620 1936 relffiz-verim
1639 1898 1653 1926 1
1675 1898 1704 1927 U
1724 1899 1766 1927 rt-'

1243 1938 1362 1966 [az-arim
1377 1951 1389 1967 η
1401 1937 1555 1966 laxavermr

1140 1989 1172 2018 31
1199 1978 1314 2007 colitote
1331 1978 1352 2005 E
1368 1977 1396 2004 U
1412 1991 1433 2011 ο,
1449 1991 1472 2009 v,
1489 1978 1513 2010 ψ
1534 1978 1629 2007 colum
1648 1981 1730 2017 inquit
1749 1977 1766 2004 1

1241 2017 1280 2046 col
1288 2026 1313 2045 u
1326 2020 1410 2054 inqui!

1136 2074 1176 2081 —
1197 2058 1234 2086 fin
1249 2057 1271 2084 E
1278 2058 1309 2094 st

1141 2108 1177 2135 3²
1201 2104 1323 2125 verentes
1338 2109 1351 2126 η
1365 2104 1515 2124 venerantes

1138 2152 1179 2159 —
1198 2136 1248 2175 qui
1265 2136 1287 2163 E
1301 2138 1328 2163 d.

1141 2187 1178 2214 34
1198 2175 1318 2204 moriens
1333 2175 1355 2202 Ε
1370 2188 1381 2202 ο
1395 2177 1497 2203 mor-itm
1510 2175 1578 2202 dixit

1141 2226 1175 2254 35
1198 2215 1342 2243 videamus
1357 2228 1370 2243 υ
1383 2216 1518 2243 audnamus

1163 2265 1172 2284 1
1198 2264 1245 2283 aut
1261 2255 1283 2282 E
1298 2263 1325 2283 ut

1160 2305 1176 2324 2
1198 2295 1313 2322 Paulum
1329 2300 1377 2322 aut
1391 2293 1460 2322 duos
1475 2307 1489 2324 η
1501 2295 1528 2322 d.

1137 2350 1178 2357 —
1199 2343 1264 2362 avos
1280 2334 1303 2362 E
1319 2333 1366 2367 Ιψ
1379 2344 1446 2361 avo:
1460 2342 1513 2361 tuos
1527 2346 1538 2363 η
1553 2333 1579 2362 d.

1140 2389 1176 2397 —
1199 2374 1315 2402 Paulum
1330 2374 1353 2401 E
1368 2372 1488 2401 Publium

1160 2424 1174 2452 3
1198 2414 1300 2441 multos
1315 2426 1326 2441 n
1339 2416 1415 2441 etiam
1427 2412 1515 2440 multos

1159 2464 1178 2490 4
1199 2462 1254 2483 non
1270 2452 1292 2480 E
1306 2454 1375 2481 nodo
1389 2462 1435 2479 non
