2223 3003
488 283 565 325 ²3²
913 265 1018 304 DE
1089 265 1518 305 OFFICIIS

486 369 673 423 primum,
706 365 752 403 ab
773 363 954 402 inanimis
989 363 1190 416 procellas,
1223 362 1479 416 tempestates,
1511 361 1721 418 naufragia,
1748 366 1888 414 ruinas,

486 433 663 473 incendia
674 449 686 476 ς
719 429 870 473 deinde,
902 442 924 467 a
943 429 1069 468 bestiis
1101 430 1213 474 ierus,
1246 428 1409 474 morsus,
1430 430 1615 482 impetus.
1663 431 1760 469 Haec
1786 444 1891 485 ergo,

487 508 530 537 ut
551 498 645 542 dixi,
663 496 813 535 rariora.
836 497 891 534 At
910 509 998 535 vero
1018 496 1196 534 interitus
1217 496 1474 541 exercituum,
1497 505 1541 534 ut
1560 496 1739 548 proxime
1755 497 1892 544 trium,

486 565 579 617 saepe
610 563 827 602 multorum
849 581 861 608 ς
893 562 1017 601 clades
1041 563 1336 616 imperatorum,
1367 571 1411 601 ut
1436 576 1557 616 nuper
1577 562 1722 602 summi
1742 577 1785 602 ac
1815 564 1891 604 fin-

484 629 626 683 gularis
647 629 716 668 viri
733 647 745 675 3
777 628 932 667 invidiae
965 638 1144 683 praeterea
1163 629 1443 675 multitudinis,
1474 638 1589 681 atque
1620 629 1671 668 ob
1691 643 1766 676 eas,
1796 629 1894 670 bene

487 696 716 735 meritorum
737 694 831 748 saepe
850 695 998 734 civium
1017 695 1273 749 expulsiones,
1305 695 1556 740 calamitates,
1587 693 1690 748 fugae
1708 710 1717 734 :
1750 695 1895 734 rursus-

486 776 562 815 que
583 761 754 800 secundae
775 775 847 806 res,
868 760 1046 807 honores,
1079 762 1254 814 imperia,
1286 762 1467 807 vietoriae,
1495 775 1719 814 quanquam
1738 760 1897 800 fortuita

486 828 588 873 sunt,
612 836 739 865 tamen
771 827 847 865 fine
866 825 1075 865 hominum
1107 827 1246 879 opibus
1277 836 1317 865 et
1336 827 1468 866 studiis
1489 837 1665 867 neutram
1685 828 1726 866 in
1746 836 1896 881 partem

486 895 589 933 effici
609 893 776 946 poffunt.
809 893 900 931 Hoc
922 893 1042 945 igitur
1062 892 1234 945 cognito,
1266 892 1477 932 dicendum
1499 893 1566 939 est,
1587 907 1758 947 quonam
1775 893 1897 934 modo

486 959 698 998 hominum
718 958 840 996 studia
858 958 905 996 ad
925 958 1110 997 utilitates
1132 959 1273 998 nostras
1293 959 1444 998 allicere
1474 968 1590 1012 atque
1623 961 1789 999 excitare
1808 960 1896 1013 pos-

487 1027 620 1066 fimus.
663 1026 763 1077 Qae
782 1025 809 1063 s1
840 1025 994 1078 longior
1013 1023 1132 1064 fuerit
1151 1027 1286 1072 oratio,
1317 1039 1409 1065 cum
1430 1027 1699 1079 magnitudine
1719 1027 1897 1066 utilitatis

487 1101 732 1146 comparetur
747 1111 759 1138 ς
791 1092 846 1131 ita
863 1091 1025 1131 fortaffis
1045 1093 1164 1131 etiam
1185 1093 1336 1132 brevior
1353 1092 1564 1132 videbitur.

543 1162 800 1214 Qaecunque
830 1160 950 1214 igitur
978 1159 1159 1200 homines
1191 1159 1346 1200 homini
1366 1160 1546 1199 tribuunt
1576 1159 1623 1199 ad
1642 1173 1734 1200 eum
1754 1171 1900 1214 augen-

487 1228 586 1266 dum
607 1236 722 1279 atque
740 1225 1037 1274 honestandum‚
1071 1237 1137 1266 aut
1167 1227 1441 1266 benevolentiae
1465 1227 1591 1280 gratia
1609 1225 1774 1273 faciunt,
1809 1225 1902 1265 cum

489 1294 617 1346 aliqua
637 1293 683 1331 de
714 1293 822 1331 causa
841 1294 1068 1346 quempiam
1098 1294 1296 1347 diligunt;
1327 1302 1393 1332 aut
1423 1291 1598 1339 honoris,
1632 1293 1660 1332 fi
1691 1294 1802 1346 cujus
1821 1294 1901 1332 vir-

489 1369 615 1399 tutem
646 1358 873 1412 suspiciunt,
909 1372 1106 1412 quemque
1139 1359 1304 1413 dignum
1332 1358 1489 1398 fortuna
1519 1373 1637 1412 quam
1673 1357 1902 1413 ampliffima

490 1434 629 1479 putant
647 1443 660 1470 3
692 1431 756 1463 aut
787 1425 852 1464 cui
871 1423 991 1464 fidem
1010 1423 1170 1471 habent,
1201 1435 1239 1465 et
1269 1425 1368 1465 bene
1387 1425 1501 1464 rebus
1522 1425 1598 1464 suis
1619 1425 1816 1464 consulere
1840 1438 1902 1463 ar-

491 1492 683 1531 bitrantur
694 1509 707 1537 3
730 1500 794 1530 aut
814 1491 924 1543 cujus
945 1504 1035 1544 opes
1057 1500 1239 1530 metuunt
1254 1510 1267 1537 ;
1298 1500 1364 1530 aut
1383 1501 1531 1537 contra,
1553 1505 1574 1529 a
1594 1491 1737 1544 quibus
1757 1490 1906 1545 aliquid

489 1559 707 1611 expectant,
743 1566 786 1595 ut
806 1570 898 1595 cum
919 1570 1024 1610 reges
1044 1556 1290 1611 popularesve
1309 1555 1489 1596 homines
1514 1557 1738 1610 largitiones
1757 1557 1904 1610 aliquas

491 1631 715 1677 proponunt
730 1641 742 1668 ς
775 1631 840 1661 aut
873 1622 1079 1676 postremo,
1110 1623 1236 1677 pretio
1269 1636 1312 1663 ac
1347 1623 1524 1662 mercede
1558 1623 1782 1663 ducuntur:
1819 1637 1906 1677 quae

490 1690 744 1730 sordidiffima
763 1689 816 1729 est
835 1690 902 1729 illa
920 1691 1082 1744 quidem
1107 1691 1219 1737 ratio,
1250 1700 1288 1730 et
1319 1689 1640 1744 inquinatiffima,
1673 1700 1712 1730 et
1740 1691 1804 1737 iis,
1836 1691 1906 1744 qui

491 1757 536 1796 ea
556 1766 749 1802 tenentur,
771 1766 809 1795 et
829 1757 923 1803 illis,
945 1758 1014 1811 qui
1034 1758 1081 1797 ad
1101 1771 1186 1797 eam
1205 1757 1414 1812 confugere
1433 1766 1636 1797 conantur.
1669 1756 1778 1797 Male
1797 1757 1906 1797 enim

493 1824 530 1863 se
550 1837 606 1862 res
626 1822 756 1868 habet,
778 1837 886 1869 cum,
908 1824 1014 1876 quod
1036 1825 1177 1864 virtute
1197 1825 1300 1864 effici
1321 1824 1448 1871 debet,
1476 1823 1516 1863 id
1538 1832 1706 1863 tentatur
1724 1823 1904 1877 pecunia.

495 1889 567 1929 Sed
581 1918 592 1934 ,
632 1889 818 1941 quoniam
859 1903 1140 1942 nonnunquam
1179 1890 1254 1928 hoc
1294 1891 1503 1929 subsidium
1544 1890 1794 1929 neceffarium
1832 1890 1906 1935 est,

496 1955 830 2008 quemadmodum
853 1955 896 1993 sit
931 1955 1120 1995 utendum
1140 1969 1200 2002 eo,
1232 1956 1422 2001 dicemus,
1459 1955 1484 1994 si
1505 1956 1611 2009 prius
1643 1956 1689 1994 iis
1710 1956 1757 1994 de
1776 1956 1906 2001 rebus,

496 2036 583 2074 qua:
618 2021 752 2060 virtuti
772 2021 970 2075 propiores
992 2021 1093 2068 sunt,
1126 2022 1353 2061 dixerimus,
1393 2023 1527 2075 Atque
1556 2022 1672 2060 etiam
1694 2021 1908 2075 subjiciunt

496 2089 532 2128 se
551 2087 731 2126 homines
765 2087 931 2141 imperio
951 2088 1105 2127 alterius
1125 2098 1162 2127 et
1183 2089 1357 2142 potestati
1379 2089 1555 2142 pluribus
1575 2088 1621 2127 de
1642 2088 1776 2127 caus13.
1818 2089 1909 2127 Du-

497 2165 640 2194 cuntur
660 2154 767 2193 enim
799 2162 865 2192 aut
898 2154 1179 2201 benevolentia,
1211 2165 1276 2194 aut
1311 2155 1590 2194 beneficiorum
1625 2154 1909 2208 magnitudine,

498 2234 563 2261 aut
583 2221 782 2276 dignitatis
803 2221 1028 2275 praestantia,
1053 2231 1118 2261 aut
1138 2221 1215 2276 spe,
1228 2222 1313 2261 'fibi
1334 2222 1373 2261 id
1390 2221 1485 2261 utile
1504 2221 1705 2268 futurum,
1738 2231 1804 2260 aut
1823 2235 1909 2260 me-

502 2298 558 2334 tu,
581 2303 627 2328 ne
648 2289 683 2326 vi
706 2302 833 2341 parere
852 2298 1067 2341 cogantur,
1099 2299 1163 2328 aut
1185 2289 1246 2343 spe
1265 2288 1494 2342 largitionis,
1522 2287 1911 2342 promissionibusque

500 2356 602 2408 capti
620 2373 632 2400 ;
664 2365 728 2393 aut
751 2355 956 2408 postremo,
980 2365 1023 2395 ut
1043 2356 1137 2411 saepe
1163 2356 1203 2395 in
1230 2355 1354 2395 nostra
1373 2355 1572 2409 republica
1591 2355 1783 2400 videmus,
1806 2368 1910 2394 mer-

500 2422 593 2460 cede
613 2421 808 2461 conducti.

560 2489 651 2527 V11.
686 2489 880 2528 Omnium
901 2498 1031 2529 autem
1056 2502 1184 2529 rerum
1205 2502 1275 2528 nec
1293 2489 1418 2543 aptius
1438 2488 1490 2528 est
1511 2489 1727 2543 quidquam
1754 2488 1800 2527 ad
1819 2500 1909 2543 opes

502 2555 661 2595 tuendas
692 2569 733 2595 ac
767 2556 961 2603 tenendas,
997 2570 1116 2611 quam
1146 2556 1287 2611 diligi;
1320 2569 1390 2596 nec
1411 2556 1586 2603 alienius,
1618 2569 1738 2610 quam
1764 2554 1906 2596 timeri.
