2223 3003
710 223 987 265 LIBER
1044 225 1467 266 TERTIUS.
1711 228 1787 284 267

443 325 515 364 IX.
539 323 648 363 Hinc
669 324 734 363 ille
753 325 884 378 Gyges
904 325 1101 364 inducitur
1120 339 1140 364 a
1161 326 1319 365 Platone
1332 344 1344 371 ;
1376 326 1460 379 qui,
1481 339 1573 364 cum
1595 334 1691 364 terra
1711 327 1787 365 dis-

388 390 544 429 cessiffet
562 391 712 443 magnis
733 391 964 443 quibusdam
983 391 1190 436 imbribus,
1212 393 1251 429 in
1272 392 1386 430 illum
1407 391 1558 430 hiatum
1578 392 1785 436 descendit,

389 470 617 509 aeneumque
651 470 797 510 equum
830 458 898 508 (ut
927 456 1056 495 ferunt
1088 457 1250 509 fabulae)
1283 458 1564 504 animadvertit,
1599 459 1709 510 cujus
1746 458 1788 495 in

388 521 568 561 lateribus
603 522 702 561 fores
736 521 883 566 essent;
926 523 1068 574 quibus
1107 524 1268 575 apertis,
1310 523 1491 562 hominis·
1512 525 1656 563 mortui
1691 524 1789 562 vidit

387 601 525 641 corpus
545 587 813 640 magnitudine
847 586 1034 631 inufitata,
1066 588 1334 639 annulumque
1370 602 1527 627 aureum
1562 591 1600 627 in
1635 590 1785 642 digito;

387 667 506 706 quem
528 664 570 691 ut
589 652 767 697 detraxit,
802 651 881 704 ipse
910 652 1065 690 induit:
1101 653 1196 704 (erat
1227 663 1356 691 autem
1387 656 1512 707 regius
1535 656 1672 708 pastor)
1704 666 1789 694 tum

389 720 429 757 in
449 718 663 757 concilium
683 717 876 770 pastorum
907 716 943 755 se
974 718 1130 770 recepit.
1175 718 1250 763 Ibi,
1272 732 1365 756 cum
1386 720 1512 772 palam
1546 722 1626 771 ejus
1657 722 1790 759 annuli

387 784 434 822 ad
466 784 636 837 palmam
665 792 914 829 converterat,
945 797 966 821 a
995 784 1105 823 nullo
1130 784 1344 829 videbatur,
1389 785 1467 838 ipse
1497 794 1625 824 autem
1659 789 1791 826 omnia

386 850 567 888 videbat:
599 849 704 887 idem
726 848 851 887 rursus
871 849 1084 895 videbatur,
1114 863 1206 888 cum
1235 851 1276 888 in
1296 850 1430 889 locum
1451 852 1640 890 annulum
1661 853 1789 890 inver-

385 924 496 953 terat.
537 916 683 968 Itaque,
719 914 792 953 hac
826 916 1114 969 opportunitate
1149 916 1282 954 annuli
1313 916 1415 962 usus,
1447 918 1585 970 reginae
1615 917 1790 971 stuprum

385 981 534 1026 intulit,
562 995 680 1034 eaque
700 981 884 1034 adjutrice
904 995 1033 1035 regem
1054 982 1260 1020 dominum
1281 982 1489 1028 interemit,
1523 983 1673 1022 sustulit
1693 997 1790 1037 quos

385 1048 533 1086 obstare
553 1048 805 1087 arbitrabatur
820 1067 833 1094 3
865 1062 936 1087 nec
957 1049 997 1087 in
1024 1048 1083 1087 his
1115 1062 1204 1087 eum
1225 1049 1430 1102 quisquam
1460 1049 1696 1089 facinoribus
1718 1065 1791 1104 po-

384 1115 463 1153 tuit
483 1115 622 1154 videre.
669 1116 731 1154 Sic
762 1125 917 1170 repente
947 1115 1079 1154 annuli
1100 1115 1287 1154 beneficio
1307 1129 1372 1154 rex
1396 1125 1548 1155 exortus
1567 1116 1620 1154 est
1641 1117 1787 1168 Lydiae.

388 1183 511 1221 Hunc
530 1183 651 1236 igitur
683 1183 811 1236 ipsum
842 1183 1030 1221 annulum
1050 1182 1076 1221 fi
1110 1181 1248 1221 habeat
1281 1182 1439 1235 sapiens,
1471 1182 1570 1221 nihil
1601 1183 1686 1236 plus
1721 1184 1791 1222 fibi

386 1247 502 1285 licere
522 1258 634 1300 putet
652 1261 823 1300 peccare,
854 1261 972 1301 quam
992 1247 1019 1286 fi
1051 1261 1129 1286 non
1148 1246 1318 1286 haberet.
1362 1248 1535 1287 Honesta
1553 1249 1658 1287 enim
1680 1249 1790 1288 bonis

386 1313 492 1359 viris,
523 1327 600 1352 non
622 1314 787 1360 occulta,
809 1323 1046 1367 quaeruntur.

442 1382 575 1433 Atque
605 1379 682 1419 hoc
713 1381 800 1420 loco
830 1381 1053 1435 philosophi
1087 1382 1262 1435 quidam,
1293 1382 1458 1421 minime
1491 1382 1584 1420 mali
1613 1383 1671 1421 illi
1701 1383 1792 1436 qui-

387 1447 492 1492 dem,
524 1447 586 1485 scd
607 1461 684 1485 non
706 1446 791 1486 satis
812 1448 930 1493 acuti,
961 1448 1091 1486 fletam
1125 1457 1163 1486 et
1183 1449 1495 1486 commentitiam
1525 1448 1697 1487 fabulam
1731 1449 1793 1487 di·-

387 1521 484 1551 cunt
516 1513 702 1565 prolatam
731 1527 752 1550 a
778 1514 965 1552 Platone:
997 1514 1099 1566 quasi
1129 1528 1216 1552 vero
1247 1514 1327 1559 ille,
1358 1524 1423 1552 aut
1456 1514 1603 1553 factum
1634 1515 1673 1552 id
1706 1515 1793 1560 effe,

387 1587 453 1616 aut
474 1577 554 1616 fieri
587 1577 764 1631 potuiffe,
795 1577 985 1617 defendat.
1045 1580 1144 1618 Haec
1164 1579 1216 1617 est
1250 1580 1305 1618 vis
1326 1579 1441 1632 hujus
1469 1580 1601 1617 annuli
1621 1589 1658 1616 et
1678 1579 1793 1631 hujus

389 1644 586 1697 exempli5
619 1645 645 1682 fi
675 1657 791 1682 nemo
822 1645 997 1690 sciturus,
1029 1658 1144 1682 nemo
1175 1657 1223 1682 ne
1257 1643 1511 1696 suspicaturus
1542 1645 1702 1697 quidem
1733 1645 1793 1690 sit,

388 1725 481 1750 cum
502 1710 662 1764 aliquid,
684 1710 920 1756 divitiarum,
944 1711 1138 1763 potentiae,
1160 1710 1450 1756 dominationis,
1477 1710 1651 1749 libidinis
1671 1711 1793 1757 causa,

389 1776 523 1815 feceris
539 1795 552 1821 3
584 1777 610 1815 fi
641 1776 681 1814 id
701 1777 789 1814 Diis
810 1776 1113 1828 hominibusque
1142 1775 1322 1815 futurum
1343 1776 1386 1814 fit
1407 1776 1553 1829 semper
1586 1777 1792 1829 ignotum;

389 1843 481 1882 fisne
518 1842 720 1881 facturus?
770 1843 928 1896 Negant
966 1843 1006 1881 id
1040 1842 1121 1880 fieri
1162 1842 1292 1896 poffe:
1340 1856 1562 1895 quanquam
1596 1843 1719 1895 potest
1754 1843 1795 1881 id

389 1909 562 1962 quidem.
607 1909 678 1947 Sed
709 1922 853 1961 quaero,
888 1909 993 1961 quod
1014 1918 1154 1961 negant
1183 1907 1298 1961 poffe,
1329 1908 1369 1946 id
1390 1907 1415 1945 fi
1442 1907 1575 1960 poffet,
1606 1908 1797 1960 quidnam

388 1974 588 2014 facerent?
620 1975 773 2028 Urgent
805 1974 943 2013 rustice
977 1974 1087 2012 sane:
1121 1983 1263 2027 negant
1296 1973 1402 2012 enirn
1441 1973 1556 2026 posse,
1605 1983 1644 2012 et
1672 1975 1713 2013 in
1751 1988 1797 2013 eo

389 2041 586 2095 perstant:
631 2040 707 2079 hoc
739 2041 902 2079 verbum
933 2041 1029 2093 quid
1059 2041 1193 2086 valeat,
1224 2053 1303 2078 non
1343 2039 1489 2077 vident.
1551 2040 1655 2078 Cum
1689 2041 1797 2079 enim

390 2107 611 2160 quaerimus,
643 2107 668 2145 fi
700 2106 840 2160 poffint
870 2106 1005 2151 celare,
1036 2106 1132 2159 quid
1163 2105 1300 2144 facturi
1327 2105 1424 2149 sint,
1458 2118 1535 2142 non
1570 2105 1795 2156 quaerimus,

390 2172 580 2226 poffintne
613 2172 757 2217 celare,
800 2172 860 2210 sed
893 2182 1077 2223 tanquam
1115 2179 1305 2208 tormenta
1337 2170 1512 2221 quaedam
1551 2169 1796 2217 adhibemus,

391 2248 448 2284 ut,
479 2238 506 2276 fi
534 2237 810 2291 responderint,
842 2236 890 2281 se,
920 2236 1152 2288 impunitate
1172 2235 1375 2288 propofita,
1407 2234 1571 2274 fac'turos
1592 2237 1698 2289 quod
1727 2250 1797 2276 ex-

392 2304 534 2358 pediat,
570 2302 800 2342 facinorosos
837 2302 871 2340 se
902 2301 973 2339 effe
1003 2300 1218 2346 fateantur;
1262 2301 1287 2339 fi
1318 2311 1473 2354 negent,
1506 2303 1637 2340 omnia
1672 2303 1799 2356 turpia

393 2383 459 2422 per
477 2369 592 2423 seipsa
611 2368 794 2422 fugienda
813 2368 883 2406 esse
904 2367 1129 2406 concedant.
1163 2367 1233 2406 Sed
1248 2368 1331 2420 jam
1347 2368 1393 2405 ad
1413 2368 1651 2422 propofitum
1672 2382 1797 2407 rever-

395 2444 533 2474 tarnur.

437 2501 488 2539 X.
512 2502 694 2541 Incidunt
714 2503 807 2556 saepe
828 2502 961 2541 multae
978 2501 1107 2547 causae,
1123 2515 1206 2554 quae
1227 2502 1461 2541 conturbent
1481 2502 1629 2541 animos
1651 2502 1799 2540 utilita-

397 2567 446 2606 tis
466 2567 611 2621 specie,
644 2582 737 2615 non,
759 2584 851 2608 cum
873 2569 947 2610 hoc
968 2569 1211 2614 deliberetur,
1242 2569 1541 2621 relinquendane
1562 2569 1604 2607 fit
1627 2568 1800 2608 honestas

1384 2634 1496 2673 le
