2223 3003
767 283 1044 322 LIBER
1102 283 1465 323 PRIMUS.
1745 296 1819 338 225

418 382 575 437 publica
593 394 662 435 pro
683 381 717 420 se
738 381 874 435 suscipi
893 382 1010 421 volet.
1057 382 1128 420 Sed
1158 381 1234 420 hoc
1261 381 1508 421 commodius
1539 380 1575 420 se
1605 393 1662 420 res
1690 379 1820 427 habet,

419 448 525 500 qubd
545 462 622 487 non
650 448 771 501 potest
805 448 974 485 accidere
1005 457 1174 500 tempus,
1206 457 1249 486 ut
1280 448 1424 487 interfit
1450 447 1673 501 reipublicae
1704 447 1821 501 quid-

419 528 538 566 quam
558 515 718 552 illorum
739 512 861 551 facere
881 512 1104 564 sapientem.

476 581 607 632 Qare
635 579 712 617 hoc
734 578 894 630 quidem
914 576 1095 614 effectum
1115 578 1173 622 fit,
1204 577 1245 614 in
1279 578 1417 616 officiis
1449 579 1661 631 deligendis
1688 579 1728 617 id
1754 591 1822 632 ge-

371 643 375 646 *
420 659 494 684 nus
527 645 747 684 officiorum
782 642 981 687 excellere,
1023 641 1129 694 quod
1163 651 1335 680 teneatur
1375 642 1584 682 hominum
1620 645 1794 683 societate
1812 659 1821 682 :

420 711 567 749 etenim
600 709 864 762 cognitionem
897 707 1221 760 prudentiamque
1250 708 1423 760 sequitur
1452 709 1681 748 considerata
1711 710 1822 748 actio.

422 777 481 816 Ita
500 776 558 822 fit,
581 785 624 815 ut
644 788 751 828 agere
771 774 1002 813 confiderate
1021 773 1142 827 pluris
1176 774 1235 819 fit,
1258 788 1376 826 quam
1405 776 1574 828 cogitare
1603 776 1823 828 prudenter.

420 843 554 895 Atque
572 841 654 880 haec
674 840 834 893 quidem
851 839 1050 879 hactenus.
1093 839 1308 878 Patefactus
1329 840 1382 878 est
1400 841 1506 879 enirn
1533 841 1640 879 locus
1661 841 1751 893 ipse,
1782 848 1827 878 ut

422 921 502 946 non
521 907 566 946 fit
585 906 745 945 difficile
766 906 806 944 in
827 906 1063 958 exquirendo
1083 905 1227 951 officio,
1259 906 1354 958 quid
1373 906 1516 959 cuique
1536 906 1581 945 fit
1600 919 1826 960 praeponen-

421 974 532 1020 dum,
553 974 694 1012 videre.
717 974 763 1012 In
780 972 858 1025 ipsa
877 982 1007 1011 autem
1027 973 1311 1011 communitate
1325 972 1414 1011 sunt
1432 973 1569 1026 gradus
1585 973 1825 1017 officiorum;

421 1054 471 1080 ex
491 1040 650 1094 quibus,
677 1039 774 1092 quid
804 1039 944 1092 cuique
974 1039 1135 1092 praestet,
1167 1038 1334 1091 intelligi
1355 1039 1492 1092 poffit:
1524 1047 1569 1077 ut
1594 1039 1719 1093 prima
1739 1038 1826 1076 Diis

421 1106 709 1145 immortalibus
725 1123 738 1150 ;
788 1104 964 1150 secunda,
999 1105 1129 1158 patriae
1140 1123 1153 1150 5
1199 1105 1322 1150 tertia,
1356 1104 1602 1159 parentibu85
1646 1104 1827 1158 deinceps

422 1173 613 1226 gradatim
633 1171 791 1224 reliquis
811 1171 1032 1210 debeantur.

481 1240 638 1292 Qibus
659 1252 706 1277 ex
725 1238 837 1277 rebus
859 1239 1024 1277 breviter
1043 1237 1242 1291 disputatis
1262 1238 1431 1292 intelligi
1446 1238 1586 1292 potest,
1605 1250 1682 1276 non
1703 1236 1830 1275 solum

423 1306 465 1346 id
483 1305 663 1345 homines
683 1305 799 1344 solere
818 1305 1006 1350 dubitare,
1028 1304 1297 1352 honestumne,
1318 1320 1366 1345 an
1382 1314 1494 1359 turpe
1513 1306 1558 1344 s1t
1573 1323 1585 1351 ς
1617 1303 1678 1343 sed
1697 1303 1829 1347 etiam,

420 1373 577 1413 duobus
597 1372 799 1427 propofitis
819 1371 1001 1418 honestis,
1033 1382 1167 1411 utrum
1185 1372 1398 1412 honestius.
1428 1372 1511 1411 Hic
1530 1371 1638 1410 locus
1657 1385 1677 1409 a
1696 1371 1829 1409 Panae-

424 1441 483 1480 tio
502 1441 569 1487 est,
601 1448 644 1482 ut
663 1439 773 1494 supra
791 1439 887 1485 dixi,
916 1439 1198 1494 praetermissus.
1239 1440 1312 1480 Sed
1335 1441 1420 1494 jam
1440 1439 1487 1479 ad
1516 1438 1666 1494 reliqua
1694 1449 1831 1492 perga-

425 1517 532 1546 mus-

545 2692 689 2732 ToM.
721 2691 797 2732 111.
1468 2686 1548 2731 Ff
