2223 3003
652 188 926 228 LIBER
984 188 1479 226 SECUNDUS.
1714 189 1757 228 81

377 299 415 328 et
445 288 721 341 corrigerentur
755 287 801 325 ab
834 294 979 332 natura,
1021 301 1112 325 cum
1147 287 1182 324 se
1209 287 1285 340 ipsa
1319 286 1531 331 revocasset,
1576 295 1639 324 aut
1673 297 1762 332 arte,

377 363 490 406 atque
511 353 722 391 medicina?
744 361 808 390 aut
828 365 995 404 quorum
1015 352 1155 404 lingua:
1172 353 1220 390 fic
1241 350 1479 396 inhaererent,
1502 361 1544 389 ut
1563 351 1672 404 loqui
1688 365 1765 389 non

378 419 536 471 pollent,
571 431 621 456 eae
641 417 817 470 scalpello
839 417 983 455 reseFtae
1016 417 1290 455 liberarentur?
1321 418 1445 455 Multi
1478 418 1594 455 etiam
1626 427 1766 455 naturae

378 485 518 522 vitium
539 482 786 521 meditatione
805 491 918 532 atque
943 481 1213 518 exercitatione
1233 482 1461 520 sustulerunt
1477 501 1488 527 ;
1520 491 1563 520 ut
1583 482 1766 520 Demost-

377 548 519 587 henem
545 548 674 586 scribit
701 545 917 589 Phalereus,
947 557 1039 582 cum
1072 557 1168 582 Rno
1194 545 1319 582 dicere
1350 547 1523 598 nequiret
1539 566 1549 592 ;
1581 548 1767 586 exercita-

379 615 483 652 tione
502 612 641 655 feciffe,
672 618 715 648 ut
734 610 946 663 planissime
966 609 1118 647 diceret.
1156 610 1274 660 Qod
1294 610 1319 647 fi
1339 609 1420 648 haec
1441 612 1535 650 astro
1554 613 1769 663 ingenerata

379 689 417 716 et
439 679 572 716 tradita
596 676 725 720 effent,
757 675 861 713 nulla
895 688 951 713 res
982 689 1024 712 ea
1054 684 1199 713 mutare
1230 674 1360 728 poffet.
1407 676 1546 727 Qid?
1577 677 1768 715 diffimili-

381 744 473 782 tudo
508 744 681 782 locorum
712 755 839 779 nonne
873 741 1068 779 diffimiles
1090 740 1297 780 hominum
1326 743 1603 795 procreationes
1624 740 1768 780 habet?

380 824 472 861 quas
493 810 650 862 quidem
680 821 895 860 percurrere
925 808 1094 846 oratione
1112 807 1224 846 facile
1253 808 1318 853 est,
1350 808 1444 861 quid
1475 809 1574 846 inter
1599 807 1714 846 Indos
1735 818 1771 845 et

382 875 518 920 Persas,
540 873 742 926 AEthiopas
762 882 799 911 et
821 875 930 925 Syros
951 873 1098 912 differat
1117 874 1355 927 corporibus,
1386 874 1549 919 animis;
1582 883 1625 912 ut
1644 874 1770 912 incre-

380 941 509 978 dibilis
530 941 686 978 varietas
707 939 1050 991 diffimilitudoque
1069 939 1125 977 fit.
1149 940 1210 977 Ex
1227 953 1305 992 quo
1325 939 1568 992 intelligitur,
1589 939 1675 992 plus
1697 947 1773 977 ter-

381 1019 508 1045 rarum
538 1007 642 1051 situs,
678 1019 794 1058 quam
829 1005 930 1043 lunae
963 1007 1117 1050 tractus,
1147 1005 1193 1043 ad
1217 1005 1448 1043 nascendum
1481 1005 1616 1043 valere.
1666 1005 1773 1043 Nam

382 1073 486 1124 quod
505 1073 625 1116 aiunt,
652 1071 928 1123 quadringenta
947 1079 984 1109 et
1005 1071 1241 1124 septuaginta
1260 1071 1384 1109 millia
1402 1084 1590 1109 annorum
1611 1071 1650 1108 in
1672 1071 1773 1123 peri-

382 1137 574 1182 clitandis,
605 1136 923 1189 experiundisque
953 1137 1095 1189 pueris,
1127 1138 1366 1189 quicumque
1386 1136 1503 1175 effent
1523 1137 1616 1181 nati,
1647 1136 1774 1187 Baby-

383 1203 506 1241 lonios
526 1201 700 1254 posuiffe,
732 1200 887 1239 fallunt.
931 1202 970 1238 Si
989 1202 1095 1240 enirn
1115 1201 1203 1239 esset
1222 1201 1453 1246 factitatum,
1475 1216 1551 1240 non
1572 1201 1658 1239 effet
1678 1201 1774 1239 defi-

384 1277 484 1306 tum.
517 1267 732 1306 Neminem
751 1276 882 1306 autem
897 1265 1084 1305 habemus
1105 1269 1312 1312 auctorem,
1329 1267 1398 1319 qui
1417 1266 1456 1305 id
1476 1275 1540 1304 aut
1560 1266 1640 1304 fieri
1660 1267 1774 1310 dicat,

385 1343 448 1372 aut
467 1333 611 1372 factum
634 1333 738 1371 sciat.
996 1332 1001 1334 ⁷

445 1400 614 1438 XLVII.
646 1397 824 1443 Videsne,
857 1411 921 1436 me
940 1411 1018 1437 non
1039 1411 1079 1436 ea
1098 1398 1237 1442 dicere,
1269 1412 1354 1450 quae
1374 1397 1600 1443 Carneades,
1630 1397 1692 1435 sed
1720 1410 1776 1442 ea,

387 1478 471 1516 quae
491 1465 665 1517 princeps
686 1464 902 1502 Stoicorum
924 1465 1110 1502 Panaetius
1131 1464 1296 1502 dixerit?
1319 1465 1405 1517 Ego
1424 1472 1552 1502 autem
1568 1463 1683 1502 etiam
1702 1462 1777 1501 hoc

389 1530 553 1582 requiro,
598 1530 790 1575 omnesne,
831 1531 899 1583 qui
932 1531 1120 1569 Cannensi
1151 1544 1281 1584 pugna
1309 1531 1543 1575 ceciderunt,
1579 1543 1657 1568 uno
1684 1529 1779 1567 astro

388 1595 544 1634 fuerint.
576 1595 715 1633 Exitus
735 1596 893 1647 quidem
913 1596 1094 1637 omnium
1113 1610 1211 1634 unus
1231 1605 1269 1633 et
1298 1597 1402 1633 idem
1421 1595 1510 1633 fuit.
1543 1595 1679 1647 Qid?
1710 1595 1779 1646 qui

388 1662 543 1714 ingenio
574 1669 688 1712 atque
709 1660 838 1698 animo
858 1660 1076 1712 singulares,
1106 1674 1202 1698 num
1233 1660 1327 1698 astro
1349 1674 1504 1713 quoque
1524 1661 1629 1698 uno?
1661 1661 1779 1712 Qod

389 1727 496 1764 enim
517 1734 684 1778 tempus,
706 1738 783 1777 quo
803 1738 879 1762 non
902 1726 1198 1764 innumerabiles
1220 1726 1417 1764 nascantur
1435 1724 1447 1763 ?
1479 1728 1534 1764 At
1552 1735 1652 1764 certe
1673 1726 1780 1765 fimi-

390 1792 437 1830 lis
466 1805 581 1829 nemo
602 1790 781 1829 Homeri.
814 1791 880 1835 Et,
905 1791 930 1828 fi
951 1791 996 1827 ad
1017 1804 1096 1828 rem
1118 1791 1296 1843 pertinet,
1318 1804 1395 1843 quo
1416 1791 1533 1829 modo
1552 1791 1645 1830 caelo
1664 1791 1780 1830 affec-

390 1867 445 1903 to,
476 1856 769 1909 compositisque
795 1855 992 1900 fideribus,
1023 1856 1206 1908 quodque
1235 1856 1376 1894 animal
1402 1856 1571 1901 oriatur3
1602 1858 1722 1894 valeat
1743 1857 1780 1894 id

391 1923 532 1962 neceffe
551 1923 603 1960 est
622 1922 737 1960 etiam
758 1922 799 1959 in
821 1921 931 1959 rebus
960 1921 1141 1960 inanimis
1160 1936 1168 1960 :
1201 1935 1280 1974 quo
1299 1922 1393 1974 quid
1413 1922 1489 1960 dici
1509 1921 1632 1975 potest
1651 1922 1781 1960 absur-

391 1990 475 2027 dius
495 1990 507 2025 ?
539 1990 587 2027 L.
610 1988 768 2041 quidem
789 1988 973 2026 Tarutius
994 1989 1212 2033 Firmanus,
1244 1987 1442 2026 familiaris
1462 1989 1598 2033 noster,
1631 1989 1671 2026 in
1700 1989 1782 2041 pri-

393 2055 467 2093 mis
489 2053 705 2092 Chaldaicis
727 2054 937 2092 rationibus
959 2053 1144 2099 eruditus,
1175 2054 1279 2092 urbis
1310 2054 1425 2092 etiarn
1457 2054 1588 2092 nostrae
1604 2054 1783 2092 'natalem

392 2121 496 2158 diem
516 2120 706 2173 repetebat
725 2120 771 2158 ab
791 2120 837 2158 iis
858 2119 1061 2165 Parilibus,
1093 2120 1233 2172 quibus
1253 2133 1338 2158 eam
1358 2133 1379 2157 a
1398 2120 1571 2158 Romulo
1586 2120 1781 2158 conditam

392 2186 610 2238 accepimus
627 2204 638 2230 ;
671 2186 930 2237 Romamque,
961 2186 1000 2223 in
1017 2187 1114 2237 jugo
1134 2199 1226 2223 cum
1247 2185 1334 2224 effet
1354 2185 1458 2231 luna,
1484 2194 1611 2223 natam
1631 2185 1701 2223 esse
1721 2185 1782 2223 di-

394 2253 518 2297 cebat,
541 2266 611 2290 nec
631 2253 711 2304 ejus
731 2250 807 2289 fata
827 2264 959 2289 canere
979 2251 1192 2290 dubitabat.

451 2319 488 2356 O
509 2318 589 2355 vim
621 2318 831 2355 maximam
851 2317 1009 2355 erroris!
1042 2317 1222 2355 Etiamne
1242 2316 1346 2355 urbis
1373 2317 1505 2356 natalis
1532 2317 1611 2356 dies
1639 2317 1685 2355 ad
1705 2317 1785 2354 vim

400 2383 588 2422 stellarum
609 2393 646 2422 et
666 2384 765 2421 lunae
784 2383 1024 2436 pertinebat?
1056 2384 1087 2421 F
1090 2397 1131 2421 ac
1152 2384 1191 2422 in
1212 2397 1329 2436 puero
1355 2382 1489 2421 referre
1508 2397 1556 2422 ex
1576 2397 1651 2436 qua
1670 2381 1784 2420 affec-

398 2447 502 2484 tione
533 2448 615 2486 caeli
646 2449 817 2500 primum
852 2448 1029 2502 spiritum
1063 2448 1241 2494 duxerit3
1272 2461 1369 2487 num
1388 2447 1464 2486 hoc
1490 2449 1530 2486 in
1564 2450 1692 2492 latere,
1722 2456 1784 2484 aut

506 2512 544 2549 T
563 2525 587 2550 ο
605 2525 656 2552 M.
688 2515 760 2553 111.
1452 2515 1485 2552 L
