2223 3003
691 258 795 298 DE
866 258 1342 301 AMICITIA.

1639 293 1714 318 oo>

318 357 426 396 causa
445 356 514 395 effe
534 355 713 395 facturos.
756 357 906 395 Eorum
927 357 1082 410 querela
1111 358 1336 397 inveteratas
1355 371 1431 397 non
1462 359 1579 398 modo
1599 359 1717 400 fami-

318 423 497 461 liaritates
518 423 692 475 extingui
714 422 842 467 solere,
875 423 938 461 sed
959 424 1075 462 etiarn
1095 423 1182 461 odia
1199 423 1310 476 gigni
1337 424 1575 477 sempiterna.
1618 427 1718 465 Haec

317 489 370 526 ita
401 488 538 533 multa,
570 488 673 541 quafi
693 487 781 532 fata,
803 488 1026 540 impendere
1055 489 1249 534 amicitiis,
1282 499 1339 534 ut,
1374 491 1504 529 omnia
1523 491 1719 531 subterfu-

317 568 432 606 gere,
475 569 553 594 non
589 554 706 592 modo
738 553 953 606 sapientiae,
997 553 1062 592 sed
1088 555 1204 592 etiam
1235 554 1430 595 felicitatis
1465 557 1608 596 diceret
1646 558 1727 597 fibi

318 620 452 659 videri.

372 687 445 724 XI.
478 683 745 736 Qamobrem
778 682 816 720 id
846 683 1021 735 primum
1052 683 1262 730 videamus,
1298 685 1324 723 fi
1355 685 1494 738 placet,
1530 699 1717 740 quatenus

318 764 427 790 amor
455 752 495 789 in
525 750 696 789 amicitia
726 750 904 802 progredi
925 748 1073 788 debeat.
1116 750 1244 795 Num,
1279 750 1305 789 fi
1328 752 1555 791 Coriolanus
1582 754 1719 793 habuit

317 818 478 861 amicos,
510 815 606 853 ferre
625 824 758 854 contra
786 816 949 868 patriam
969 829 1072 854 arma
1099 816 1159 854 illi
1179 830 1272 855 cum
1293 818 1500 857 Coriolano
1526 818 1717 858 debuere?

316 895 414 920 num
434 881 691 920 Viscellinum
711 882 841 927 amici,
859 895 1021 935 regnum
1042 891 1300 935 appetentem,
1314 897 1410 922 num
1431 885 1495 937 Sp.
1519 885 1718 932 Maelium,

317 948 531 986 debuerunt
545 949 678 1000 juvare
693 948 713 985 ,Ρ

373 1015 469 1052 Tib.
492 1014 649 1066 quidem
672 1013 913 1060 Gracchum,
946 1015 1229 1068 rempublicam
1262 1026 1480 1061 vexantem,
1511 1030 1531 1055 a
1552 1017 1719 1069 QTu-

316 1081 472 1125 berone,
493 1080 779 1133 aequalibusque
806 1081 940 1119 amicis
961 1081 1189 1120 derelictum
1209 1082 1446 1121 videbamus.
1477 1084 1532 1121 At
1553 1084 1600 1122 C.
1625 1084 1718 1121 Blo-

317 1146 406 1192 fius,
439 1148 655 1191 Cumanus,
691 1145 824 1199 hospes
856 1146 1013 1185 familiae
1047 1147 1187 1193 vestrae,
1220 1149 1399 1194 Scaevola,
1436 1162 1529 1188 cum
1561 1149 1607 1187 ad
1639 1163 1718 1195 me,

318 1213 387 1264 qui
417 1212 568 1250 aderam
595 1212 743 1260 Laenati
777 1221 816 1250 et
845 1213 1009 1266 Rupilio
1040 1213 1275 1252 Consulibus
1306 1215 1348 1252 in
1378 1215 1549 1260 confilio,
1581 1215 1718 1268 depre-

316 1288 447 1317 catum
480 1277 655 1322 veniffet,
685 1276 811 1323 hanc,
843 1288 886 1316 ut
917 1279 988 1317 fibi
1018 1279 1285 1332 ignoscerem,
1326 1280 1477 1318 causam
1508 1279 1716 1327 afferebat,

315 1343 421 1396 quod
440 1344 537 1383 tanti
557 1343 652 1382 Tib.
677 1342 905 1382 Gracchum
924 1343 1083 1390 feciffet,
1114 1354 1171 1390 ut,
1193 1345 1385 1398 quidquid
1405 1346 1471 1384 ille
1491 1346 1618 1390 vellet,
1649 1346 1732 1384 s1bi-

315 1408 538 1448 faciendum
558 1398 722 1462 putaret.
754 1411 865 1448 Tum
886 1423 971 1463 ego,
997 1411 1193 1456 Etiamne,
1225 1411 1251 1449 fi
1272 1420 1309 1450 te
1330 1412 1370 1449 in
1398 1412 1637 1465 Capitolium
1658 1410 1719 1449 fa-

317 1488 378 1513 ces
412 1474 510 1513 ferre
544 1475 691 1513 vellet?
736 1476 949 1528 Nunquam,
990 1476 1134 1528 inquit,
1165 1477 1322 1529 voluff’t
1356 1476 1396 1515 id
1424 1477 1571 1530 quidem.
1632 1477 1719 1521 Sed,

317 1541 342 1578 fi
364 1539 566 1579 voluiffet?
597 1540 807 1594 Paruiſje'm.
840 1541 1005 1586 Videtis,
1033 1555 1151 1593 quam
1171 1541 1314 1580 nefaria
1333 1556 1432 1579 vox:
1464 1551 1501 1580 et
1520 1541 1648 1580 hercle
1667 1543 1721 1581 ita

317 1605 423 1650 fecit,
454 1606 512 1643 vel
534 1606 619 1657 plus
651 1606 783 1649 etiam,
815 1620 932 1657 quam
967 1606 1079 1644 dixit.
1112 1606 1206 1644 Non
1239 1607 1345 1644 enim
1379 1607 1505 1659 paruit
1534 1607 1600 1645 ille
1619 1607 1716 1647 Tib.

318 1669 489 1710 Gracchi
514 1670 737 1715 temeritati,
769 1669 830 1708 sed
850 1669 1032 1723 praefuit,
1064 1684 1134 1709 nec
1156 1670 1191 1709 se
1223 1671 1410 1710 comitem
1437 1671 1542 1710 illius
1562 1671 1718 1718 furoris,

316 1737 379 1775 sed
409 1737 563 1781 ducem,
595 1736 773 1788 praebuit.
823 1736 958 1789 Itaque
978 1736 1050 1774 hac
1070 1737 1250 1782 amentia,
1286 1737 1491 1789 quaestione
1510 1751 1607 1776 nova
1627 1752 1718 1791 per-

317 1804 484 1848 territus,
509 1803 550 1841 in
570 1802 701 1840 Afiam
722 1800 910 1855 profugit,
943 1803 988 1841 ad
1007 1802 1130 1842 hostes
1150 1803 1186 1841 se
1206 1804 1385 1848 contulit,
1407 1817 1538 1857 poenas
1559 1805 1717 1857 reipub-

316 1870 399 1907 licae
418 1883 547 1922 graves
563 1869 754 1922 justasque
773 1869 967 1922 persolvit.
990 1869 1113 1908 Nulla
1132 1869 1185 1907 est
1204 1870 1324 1922 igitur
1343 1870 1535 1908 excusatio
1554 1871 1717 1922 peccati,

316 1935 341 1972 si
362 1935 477 1972 amici
498 1934 605 1973 causa
624 1935 862 1987 peccaveris:
894 1948 999 1980 narn,
1032 1947 1126 1973 cum
1156 1935 1398 1973 conciliatrix
1429 1936 1608 1973 amicitiae
1640 1937 1718 1974 vir-

317 2001 410 2038 tutis
441 2001 574 2053 opinio
602 2000 733 2046 fuerit,
761 2001 921 2039 difficile
953 2000 1006 2039 est
1036 2001 1250 2040 amicitiam
1279 2014 1446 2045 manere,
1482 2002 1507 2039 fi
1533 2015 1554 2039 a
1585 2002 1726 2039 virtute

317 2064 512 2104 defeceris.

372 2132 490 2183 Qod
511 2132 537 2170 fi
568 2134 715 2170 restum
746 2131 1002 2177 statuerimus,
1029 2132 1088 2170 vel
1109 2131 1315 2169 concedere
1345 2131 1494 2175 amicis,
1526 2131 1716 2183 quidquid

257 2204 261 2208 “
317 2197 449 2242 velint,
481 2198 538 2234 vel
560 2198 763 2250 impetrare
785 2199 831 2235 ab
855 2198 915 2242 iis,
946 2197 1142 2248 quidquid
1158 2196 1338 2241 velimus,
1369 2196 1536 2248 perfecta
1556 2198 1717 2249 quidem

318 2263 498 2315 sapientia
518 2262 662 2307 sumus,
698 2262 724 2300 fi
756 2262 855 2300 nihil
885 2261 1024 2300 habeat
1056 2275 1112 2299 res
1133 2262 1244 2307 vitii3
1278 2262 1338 2299 sed
1366 2262 1564 2314 loquimur
1595 2263 1640 2300 de
1671 2264 1717 2302 iis

318 2329 464 2374 amicis,
495 2329 562 2381 qui
583 2338 669 2366 ante
688 2328 820 2366 oculos
841 2328 941 2373 sunt,
970 2341 1064 2379 quos
1089 2327 1280 2372 videmus,
1311 2338 1375 2365 aut
1395 2329 1441 2365 de
1467 2329 1608 2380 quibus
1630 2343 1716 2367 me-

321 2394 483 2432 moriam
503 2395 736 2447 accephnus,
767 2403 832 2432 aut
851 2406 948 2446 quos
969 2394 1075 2431 novit
1095 2393 1172 2431 vita
1192 2395 1427 2432 communis.
1461 2395 1522 2432 Ex
1543 2393 1618 2432 hoc
1640 2409 1716 2432 nu-

321 2471 427 2496 mero
447 2459 556 2497 nobis
576 2459 753 2512 exempla
783 2458 966 2497 sumenda
985 2459 1095 2503 sunt;
1126 2467 1164 2496 et
1195 2472 1327 2497 eorum
1348 2457 1508 2512 quidem
1530 2461 1716 2505 maxime,

320 2523 388 2575 qui
409 2522 454 2560 ad
474 2523 694 2575 sapientiam
715 2525 890 2577 proxime
910 2525 1109 2562 accedunt.

376 2588 563 2628 Videmus
584 2591 733 2643 Papum
753 2591 964 2630 AEmilium
985 2592 1032 2629 C.
1056 2590 1223 2630 Luscino
1243 2589 1470 2630 familiarem
1491 2589 1613 2636 fuisse,
1648 2589 1717 2641 (fic
