2223 3003
860 240 965 280 DE
1051 241 1304 281 FATO.
1711 258 1782 284 111

378 340 578 393 Qorsum
598 339 680 379 haec
695 341 884 394 praeterita
901 341 914 379 ?
946 341 1037 394 quia
1056 341 1227 395 sequitur
1247 341 1360 387 illud,

517 411 618 448 N'am
638 423 818 462 nunquam
837 409 927 447 hera
945 424 1075 448 errans
1094 424 1181 455 mea,
1212 409 1306 448 domo
1325 409 1471 464 efferret
1482 410 1618 464 pedem,

516 475 662 521 Medea,
682 475 797 514 animo
815 489 926 527 aegr0‚
949 489 1066 513 amore
1071 478 1178 528 saevo
1183 477 1345 532 starcia,⁸

378 556 456 581 non
477 553 521 581 ut
539 557 591 581 eae
611 556 668 580 res
684 541 834 579 causam
854 540 1032 578 afferrent
1051 542 1207 579 amoris.

433 609 545 647 XVI.
577 605 754 645 Interesse
768 615 899 644 autem
919 606 1041 651 aiunt,
1064 604 1197 644 utrum
1214 607 1403 659 ejusmodi
1421 609 1517 661 quid
1535 611 1592 656 sit,
1612 612 1686 650 fine
1706 627 1786 666 quo

379 673 524 726 aliquid
555 672 658 710 effici
678 685 756 710 non
777 671 902 725 poffit,
933 685 981 710 an
1006 672 1210 724 ejusmodi,
1243 687 1321 725 quo
1341 674 1488 727 aliquid
1508 676 1608 715 effici
1640 680 1785 718 neceffe

375 739 435 778 fit.
468 739 593 778 Nulla
612 739 731 792 igitur
750 751 882 777 earum
903 738 954 777 est
973 739 1095 784 causa,
1127 740 1313 792 quoniam
1334 740 1442 778 nulla
1461 754 1544 780 eam
1567 756 1648 781 rem
1666 745 1728 783 sua
1747 747 1785 784 vi

376 806 510 851 efficit,
542 806 652 858 cujus
672 805 815 844 dicitur
834 805 956 844 causa.
999 806 1087 845 Nec
1108 806 1162 852 id,
1193 806 1270 845 fine
1301 821 1381 860 quo
1402 808 1604 860 quippiam
1627 823 1703 848 non
1724 812 1783 857 fit,

375 872 485 910 causa
501 872 579 917 est;
610 871 673 910 sed
692 872 746 918 id,
778 873 884 926 quod
917 886 1010 911 cum
1041 873 1207 919 acceffit,
1238 874 1292 920 id,
1323 875 1432 927 cujus
1468 876 1576 914 causa
1601 876 1666 922 est,
1698 879 1784 916 effi-

374 940 428 978 cit
449 939 662 979 neceffario.
706 940 900 979 Nondum
921 941 1027 979 enim
1062 941 1232 980 ulcerato
1259 941 1440 995 serpentis
1472 943 1601 982 morsu
1622 943 1783 983 Philoc-

374 1015 464 1051 teta,
496 1021 582 1060 quae
611 1007 720 1045 causa
752 1007 794 1045 in
825 1021 952 1046 rerum
988 1016 1122 1046 natura
1154 1008 1437 1055 continebatur,
1474 1008 1570 1055 fore,
1602 1019 1645 1048 ut
1676 1012 1706 1049 is
1742 1012 1783 1050 in

373 1072 497 1112 insula
528 1075 684 1112 Lemno
714 1073 984 1126 linqueretur?
1018 1075 1106 1113 Post
1135 1084 1265 1113 autem
1293 1076 1402 1113 causa
1435 1075 1512 1114 fuit
1544 1077 1714 1130 propior,
1745 1088 1784 1117 et

375 1153 468 1178 cum
489 1141 596 1179 exitu
610 1140 794 1192 junctior.
827 1140 946 1179 Ratio
964 1141 1084 1193 igitur
1103 1141 1260 1179 eventus
1281 1142 1400 1194 aperit
1431 1141 1596 1181 causam.
1643 1143 1716 1182 Sed
1735 1157 1782 1183 ex

373 1207 582 1244 aeternitate
601 1219 688 1243 vera
706 1205 783 1242 fuit
812 1205 894 1244 haec
923 1207 1139 1244 enuntiatio
1154 1225 1166 1250 ;
1198 1207 1461 1258 Relinquetur
1481 1209 1521 1246 in
1542 1209 1664 1246 insula
1685 1209 1783 1247 Phi-

372 1271 544 1311 lostetes.
604 1272 691 1310 Nec
711 1270 787 1309 hoc
808 1284 855 1310 ex
875 1285 965 1311 vero
985 1272 1026 1310 in
1046 1271 1186 1310 falsum
1212 1282 1361 1326 poterat
1382 1274 1569 1311 converti.
1621 1275 1784 1313 Necesse

371 1337 425 1376 est
444 1338 613 1377 enimin
634 1338 746 1376 rebus
766 1338 967 1377 contrariis
994 1338 1157 1383 duabus,
1192 1338 1399 1391 (contraria
1428 1349 1557 1378 autem
1590 1339 1665 1378 hoc
1695 1341 1783 1379 loco

371 1417 414 1442 ea
432 1404 534 1450 dico,
565 1418 734 1458 quorum
760 1404 925 1443 alterum
945 1405 998 1443 ait
1018 1406 1128 1457 quid,
1160 1404 1325 1444 alterum
1348 1407 1477 1459 negat)
1514 1419 1561 1444 ex
1582 1405 1642 1445 his
1664 1407 1784 1460 igitur

373 1471 517 1509 neceffe
535 1471 600 1516 est,
624 1471 746 1510 invito
767 1472 954 1525 Epicuro,
984 1472 1147 1510 alterum
1170 1486 1305 1510 verum
1326 1472 1410 1518 effe,
1428 1473 1592 1511 alterurn
1614 1472 1779 1519 falsum,

374 1546 431 1580 ut,
461 1536 701 1574 Sauciabitur
727 1536 976 1583 Philoctetes,
1006 1538 1191 1576 omnibus
1223 1548 1310 1576 ante
1340 1539 1475 1577 seculis
1509 1552 1644 1577 verum
1675 1538 1780 1583 fuit,

375 1602 471 1640 Non
492 1601 736 1647 sauciabitur,
758 1603 913 1640 falsum.
959 1604 1045 1641 Nifi
1066 1603 1164 1641 forte
1191 1605 1371 1642 volumus
1393 1605 1676 1656 Epicureorum
1693 1606 1781 1657 opi-

375 1668 533 1706 nionem
553 1668 673 1720 sequi,
706 1668 774 1720 qui
807 1668 899 1706 tales
920 1670 1200 1707 enuntiationes
1222 1683 1292 1708 nec
1326 1683 1444 1715 veras,
1475 1683 1545 1708 nec
1574 1669 1682 1708 falsas
1711 1670 1782 1709 effe

372 1733 536 1779 dicunt;
568 1743 647 1778 aut,
668 1747 762 1771 cum
783 1734 822 1771 id
842 1735 974 1787 pudet,
998 1735 1096 1773 illud
1123 1746 1252 1774 tamen
1275 1737 1424 1781 dicunt,
1447 1738 1553 1788 quod
1573 1737 1626 1775 est
1647 1738 1781 1791 impu-

371 1800 539 1845 denaus,
570 1814 672 1839 veras
703 1800 774 1839 effe
808 1815 855 1839 ex
876 1802 1076 1840 contrariis
1107 1802 1409 1854 disjunctiones,
1442 1803 1504 1840 sed
1539 1818 1624 1856 quae
1644 1804 1684 1842 in
1719 1804 1780 1843 his

371 1869 569 1906 enuntiata
588 1867 717 1912 essent,
739 1881 876 1905 eorum
896 1877 1078 1906 neutrum
1099 1868 1170 1906 effe
1190 1882 1338 1907 verum.

428 1936 464 1972 O
497 1933 763 1972 admirabilem
785 1933 998 1980 licentiam,
1030 1943 1070 1973 et
1098 1934 1359 1973 miserabilem
1392 1935 1635 1974 inscientiam
1666 1936 1780 1975 diffe-

370 2000 477 2039 rendi
497 2001 504 2038 !
539 2001 576 2039 Si
597 2000 704 2039 enim
724 2000 872 2053 aliquid
892 2001 933 2039 in
953 2001 1172 2054 eloquendo
1191 2015 1262 2040 nec
1283 2015 1432 2047 verum,
1463 2015 1534 2040 nec
1554 2001 1693 2041 falsum
1711 2003 1778 2049 est,

371 2077 472 2106 certe
495 2068 535 2106 id
555 2081 689 2106 verum
721 2081 799 2106 non
820 2067 886 2106 est.
933 2068 1053 2119 Qod
1084 2078 1215 2107 autem
1242 2082 1376 2107 verum
1409 2082 1487 2107 non
1511 2069 1575 2114 est,
1608 2071 1676 2121 qui
1705 2084 1778 2123 po-

372 2132 442 2171 test
462 2147 539 2172 non
560 2132 700 2172 falsum
720 2134 790 2172 effe
809 2134 822 2171 ?
859 2135 942 2172 Aut
962 2135 1068 2186 quod
1086 2133 1225 2172 falsum
1253 2148 1332 2172 non
1362 2134 1428 2179 est,
1460 2136 1527 2187 qui
1548 2135 1669 2187 potest
1701 2149 1779 2173 non

368 2212 505 2238 verum
525 2200 595 2239 effe
614 2201 627 2237 ?
659 2200 876 2238 Tenebitur
896 2201 949 2245 id,
983 2201 1090 2252 quod
1109 2214 1129 2238 a
1157 2199 1374 2254 Chrysippo
1395 2199 1638 2246 defenditur,
1674 2202 1777 2240 Om-

369 2281 460 2306 nem
481 2268 789 2306 enuntiationem
816 2276 881 2305 aut
901 2280 1042 2312 veram,
1073 2276 1139 2306 aut
1157 2267 1292 2307 falsam
1312 2268 1384 2306 effe
1403 2283 1411 2307 :
1444 2269 1540 2306 ratio
1556 2268 1634 2321 ipsa
1649 2279 1777 2321 coget,

369 2344 409 2372 et
437 2349 484 2374 ex
516 2335 725 2374 aeternitate
758 2334 934 2387 quaedam
966 2347 1054 2373 vera
1087 2333 1172 2380 esse,
1207 2345 1246 2374 et
1277 2349 1319 2373 ea
1339 2349 1416 2374 non
1436 2335 1508 2373 effe
1542 2348 1638 2374 nexa
1659 2335 1776 2373 causis

372 2403 534 2448 aeternis,
565 2411 602 2441 et
622 2416 642 2441 a
658 2401 727 2441 fati
748 2401 963 2440 neceffitate
984 2401 1054 2440 effe
1069 2401 1201 2441 libera.

426 2467 559 2507 XVII.
591 2471 650 2507 Ac
669 2467 768 2507 mihi
788 2468 947 2521 quidem
967 2468 1130 2514 videtur,
1164 2469 1274 2521 (curn
1295 2469 1379 2508 duae
1399 2469 1592 2507 sententiae
1619 2467 1775 2506 fuiffent

370 2541 545 2571 veterum
579 2533 914 2588 philosophorum,
951 2549 1025 2574 una
1059 2549 1210 2581 eorum,
1247 2536 1315 2589 qui
1346 2535 1541 2574 censerent
1572 2534 1702 2573 omnia
1723 2534 1776 2571 ita

370 2596 452 2638 fato
471 2598 567 2646 fieri,
590 2608 632 2639 ut
652 2600 693 2639 id
718 2599 844 2640 fatum
873 2602 955 2641 vim
976 2602 1203 2643 neceffitatis
1233 2601 1396 2649 afferret,
1432 2602 1472 2640 in
1497 2614 1571 2654 qua
1591 2599 1776 2639 sententia
