2223 3003
673 273 951 314 LIBER
1006 271 1420 314 TERTIUS.
1673 275 1747 326 169

351 375 461 417 Nam
495 372 720 427 proximum
740 373 806 419 est,
837 374 876 412 Is
900 372 982 412 ordo
1011 373 1102 411 vitio
1132 381 1277 411 carelo:
1306 370 1446 411 caeteris
1461 371 1636 425 specimen
1669 371 1745 425 esto.

354 442 586 494 QlN‘rus.
609 440 791 479 Praeclara
809 452 912 484 vero,
930 437 1058 484 frater,
1084 437 1151 476 ista
1170 438 1232 477 lex
1251 437 1318 484 est,
1339 447 1378 476 et
1398 437 1471 476 late
1490 446 1606 491 patet,
1627 446 1671 476 ut
1687 437 1746 476 vi-

354 508 410 546 tio
430 517 551 546 careat
568 507 676 551 ordo,
693 515 730 544 et
750 505 958 544 Censorem
976 513 1119 556 quaerat
1138 504 1400 556 interpretem.
1433 506 1660 543 ATTicus.
1679 503 1750 543 Ille

354 586 457 619 vero,
476 573 543 612 etsi
564 581 651 611 tuus
672 579 774 609 totus
793 569 847 608 est
865 569 973 614 ordo,
998 568 1326 621 gratiffimamque
1354 571 1582 608 memoriam
1612 571 1750 608 retinet

353 638 569 679 consulatus
590 637 660 681 tui,
682 648 774 688 pace
793 644 858 674 tua
877 634 1057 679 dixerim,
1090 648 1168 673 non
1189 634 1306 673 modo
1326 633 1523 680 Censores,
1554 636 1613 675 sed
1634 637 1751 675 etiam

349 705 497 758 judices
518 714 666 746 omnes,
688 700 809 754 potest
829 699 1047 753 defatigare.

399 770 514 809 XIII.
537 769 752 807 MARCUS.
774 767 928 805 Omitte
945 766 1025 812 ista,
1040 766 1184 805 Attice.
1215 766 1311 805 Non
1326 766 1431 805 enim
1447 767 1493 805 de
1510 765 1586 805 hoc
1606 767 1749 814 senatu,

354 848 423 874 nec
443 834 504 873 his
524 834 571 872 de
590 832 831 879 hominibus,
853 833 922 886 qui
943 846 1047 872 nunc
1066 832 1166 878 sunt,
1195 831 1258 871 sed
1278 832 1324 871 de
1341 831 1497 878 futuris,
1519 833 1545 871 fi
1565 833 1633 885 qui
1652 831 1752 871 forte

352 901 413 940 his
430 901 579 954 legibus
595 913 722 953 parere
743 899 948 945 voluerint,
965 898 1046 938 haec
1061 898 1224 938 habetur
1238 899 1373 938 oratio.
1395 899 1516 944 Nam,
1533 912 1627 939 cum
1642 899 1752 937 omni

353 968 447 1007 vitio
467 980 590 1006 carere
621 966 683 1005 lex
709 966 856 1019 jubeat,
889 979 936 1004 ne
955 966 1081 1004 veniet
1101 966 1259 1019 quidem
1279 966 1320 1004 in
1340 979 1430 1004 eum
1450 965 1626 1004 ordinem
1646 964 1752 1018 quis-

352 1047 471 1086 quam
491 1034 576 1071 vitii
596 1033 800 1086 particeps.
834 1032 878 1072 Id
898 1042 1026 1071 autem
1048 1032 1205 1071 difficile
1225 1031 1328 1070 faftu
1349 1032 1415 1077 est,
1436 1032 1504 1070 nifi
1529 1032 1754 1071 educatione

352 1100 519 1152 quadam
550 1109 587 1138 et
607 1098 832 1151 disciplina3
864 1099 911 1137 de
941 1112 1017 1151 qua
1047 1098 1221 1137 dicemus
1252 1098 1398 1150 aliquid
1418 1097 1581 1144 fortaffe‚
1613 1098 1639 1136 fi
1659 1097 1754 1150 quid

354 1165 473 1204 fuerit
503 1165 594 1209 loci,
621 1174 687 1203 aut
721 1165 919 1218 temporis.
966 1166 1193 1203 Armeus.
1217 1165 1345 1203 Locus
1379 1173 1479 1202 certe
1511 1178 1588 1203 non
1618 1164 1752 1209 deerit,

353 1231 540 1284 quoniam
562 1240 665 1269 tenes
685 1230 861 1268 ordinem
881 1230 1013 1282 legum
1029 1249 1042 1276 ς
1074 1239 1228 1283 tempus
1258 1243 1347 1268 vero
1366 1230 1525 1282 largitur
1551 1230 1755 1282 longitudo

352 1297 444 1336 diei.
476 1297 564 1350 Ego
582 1305 727 1341 autem,
748 1296 893 1335 etiamfi
914 1297 1149 1350 praeterieris,
1171 1305 1340 1349 repetam
1360 1309 1380 1333 a
1400 1304 1436 1334 te
1455 1295 1571 1334 istum
1591 1296 1638 1334 de
1657 1295 1754 1334 edu-

353 1363 504 1402 catione
522 1371 561 1402 et
579 1362 627 1401 de
646 1362 847 1417 disciplina
863 1362 1010 1402 locum.
1042 1363 1258 1402 MARCUS.
1276 1363 1343 1401 Tu
1364 1374 1451 1400 vero
1471 1370 1509 1400 et
1528 1361 1659 1407 istum,
1676 1363 1753 1401 At-

353 1429 443 1475 tice,
464 1438 502 1468 et
522 1430 548 1468 fi
569 1443 687 1483 quem
705 1429 826 1469 alium
847 1430 1023 1484 praeterii.

407 1496 565 1533 Caeteris
580 1495 757 1547 specimen
775 1497 852 1549 esto.
893 1496 1012 1548 Qod
1031 1496 1057 1534 fi
1077 1497 1142 1541 est,
1175 1505 1351 1535 tenemus
1380 1495 1525 1535 omnia.
1563 1496 1621 1534 Ut
1650 1495 1758 1535 enim

354 1559 634 1612 cupiditatibus
667 1561 891 1615 principum
927 1571 966 1600 et
999 1562 1102 1600 vitiis
1127 1562 1233 1600 infici
1264 1562 1359 1601 solet
1389 1571 1470 1600 tota
1500 1562 1632 1600 civitas
1649 1580 1660 1606 ς
1704 1561 1755 1599 s1c

355 1626 551 1665 emendari
581 1635 621 1665 et
653 1627 794 1680 corrigi
813 1628 1064 1666 continentia.
1107 1629 1179 1665 Vir
1198 1640 1361 1679 magnus
1383 1637 1420 1665 et
1440 1628 1551 1665 nobis
1571 1627 1756 1665 omnibus

355 1692 519 1737 amicus,
561 1692 610 1730 L.
633 1691 839 1738 Lucullus,
880 1690 1072 1730 ferebatur
1109 1705 1227 1744 quam
1261 1691 1570 1730 commodiffime
1600 1691 1756 1745 respon-

355 1756 461 1801 diffe,
491 1770 583 1795 cum
613 1756 702 1794 effet
732 1758 879 1809 objedta
907 1757 1194 1811 magnificentia
1223 1757 1324 1796 villae
1344 1757 1587 1802 Tusculanae‚
1615 1757 1692 1796 duo
1721 1756 1758 1796 se

354 1819 496 1859 habere
524 1820 672 1860 vicinos
688 1839 700 1866 3
742 1821 990 1875 superiorem,
1025 1823 1199 1874 equitem
1226 1822 1453 1860 Romanum
1468 1839 1480 1866 3
1518 1821 1756 1867 inferiorem,

355 1887 614 1925 libertinum:
645 1900 815 1939 quorum
845 1902 938 1925 cum
968 1887 1085 1924 effent
1114 1887 1329 1939 magnificae
1358 1886 1474 1931 villae,
1502 1887 1662 1924 concedi
1688 1887 1759 1925 fibi

353 1962 544 2005 oportere,
574 1952 681 2004 quod
710 1952 772 1997 iis,
805 1952 873 2004 qui
898 1951 1087 1991 inferioris
1122 1952 1266 1991 ordinis
1301 1951 1430 1997 effent,
1465 1952 1611 1991 liceret.
1662 1953 1759 1992 Non

353 2018 474 2063 vides,
496 2018 677 2064 Luculle,
696 2031 717 2056 a
736 2027 773 2058 te
793 2019 833 2057 id
852 2019 979 2072 ipsum
999 2028 1150 2065 natum,
1168 2028 1211 2058 ut
1231 2019 1289 2057 illi
1305 2019 1517 2072 cuperent?
1539 2019 1681 2072 quibus
1703 2019 1757 2065 id,

355 2085 382 2122 fi
405 2093 447 2122 tu
467 2098 543 2122 non
563 2083 720 2130 faceres,
742 2098 820 2124 non
841 2085 985 2124 liceret.
1008 2086 1109 2137 Qis
1130 2085 1236 2123 enim
1251 2084 1366 2123 ferret
1382 2084 1484 2129 istos,
1503 2098 1596 2123 cum
1615 2085 1759 2124 videret

355 2163 491 2188 eorum
510 2150 618 2189 villas
641 2151 754 2204 fignis
789 2160 828 2189 et
847 2151 988 2190 tabulis
1019 2150 1186 2196 refertas,
1222 2151 1364 2203 partim
1395 2150 1577 2203 publicis,
1615 2151 1759 2204 partim

354 2217 473 2254 etiam
493 2216 603 2255 sacris
623 2226 662 2254 et
692 2217 874 2269 religiosis
891 2218 903 2253 ?
935 2217 1023 2269 quis
1057 2230 1136 2255 non
1167 2216 1358 2269 frangeret
1391 2230 1527 2255 eorum
1561 2217 1758 2264 libidines,

354 2282 425 2321 nifi
445 2282 503 2320 illi
525 2282 608 2336 ipfi,
633 2283 701 2335 qui
721 2296 781 2320 eas
802 2281 974 2335 frangere
995 2282 1188 2327 deberent,
1210 2282 1352 2321 eisdem
1367 2284 1619 2321 tenerentur?

395 2348 508 2388 XIV.
533 2349 619 2387 Nec
640 2348 747 2387 enim
763 2358 916 2387 tantum
937 2348 1029 2386 mali
1046 2348 1098 2386 est
1119 2361 1274 2401 peccare
1290 2349 1496 2402 principes,
1518 2349 1759 2403 (quanquam

357 2412 411 2451 est
428 2428 616 2468 magnum
637 2414 711 2454 hoc
732 2429 799 2469 per
814 2415 849 2454 se
868 2415 994 2468 ipsum
1015 2415 1182 2467 malum)
1201 2424 1392 2468 quantum
1412 2415 1525 2461 illud,
1543 2415 1650 2468 quod
1669 2430 1758 2469 per-

361 2479 479 2517 multi
507 2481 718 2521 imitatores
748 2482 972 2535 principum
992 2481 1173 2520 existunt.
1219 2481 1325 2520 Nam
1347 2482 1437 2520 licet
1457 2482 1597 2528 videre,
1619 2481 1645 2520 fi
1665 2482 1758 2519 velis

362 2542 542 2596 replicare
555 2547 783 2587 memoriam
799 2556 1035 2602 temporum,
1053 2545 1336 2600 qualescunque
1349 2546 1492 2586 summi
1507 2546 1672 2586 civitatis
1689 2545 1759 2584 viri

443 2610 576 2651 ΤοΜ.
607 2612 682 2651 111.
1425 2613 1462 2651 Y
