2223 3003
345 287 374 316 p.

347 319 385 357 84

339 1075 374 1112 8⁵

327 2105 366 2136 86

602 184 894 224 VARIAE
981 185 1540 228 LECTIONE82

445 330 465 358 4
485 320 588 359 Neque
602 320 626 349 E
641 321 671 350 U
685 332 728 350 nec

445 361 464 389 6
486 361 538 390 fint
546 361 636 396 Efimt

422 414 461 422 —
483 400 554 428 sumi
568 401 704 436 Ufiamere
716 401 741 434 ψ
752 402 851 438 fiamere
864 402 930 438 ipsos

444 448 461 476 7
484 439 572 477 igitur
584 441 609 474 ψ
623 443 707 477 igitur
719 447 744 468 et

428 488 438 507 1
449 488 458 506 1
485 489 540 506 non
555 480 624 507 dant
638 481 661 508 E
673 480 736 507 dant

428 527 462 546 12
484 519 572 555 potest
586 519 608 547 E
624 518 651 554 ψ
661 519 808 556 ponstficri

427 567 460 594 13
485 558 585 586 Tuscis
601 559 623 586 E
639 557 666 592 ψ
680 559 794 592 Etrufiis

426 606 462 632 14
483 597 582 626 darent
597 599 619 626 E
633 599 754 627 darentur

426 646 460 673 ¹7
484 637 547 673 ipfis
565 637 588 665 E
602 641 639 665 eis

423 685 461 704 20
482 676 575 713 inquit
590 677 612 705 E
626 678 726 714 quidem

422 724 455 744 21
481 715 562 754 fungi
578 715 626 744 suo
640 725 755 744 munere
778 715 800 744 E
807 719 921 755 fingere
940 728 1040 746 mamre

519 764 544 783 e!
556 756 689 792 officiofim
709 756 735 791 ψ
739 758 823 794 fungi
838 757 887 792 fito
899 768 997 786 munere
1014 764 1040 785 tt

518 796 594 831 officio
641 804 644 805 ⁷

421 844 457 863 22
479 843 544 862 vera
558 834 581 862 E
598 842 697 863 natura

421 883 457 942 ’ΔΞ
480 875 581 942 vera?
597 882 694 903 natura

420 924 435 942 2
479 923 530 942 nec
584 921 614 942 ut

421 963 458 991 30
481 953 586 982 Festive
600 955 625 988 ψ
641 955 676 982 Fe
698 957 738 982 ine

420 1003 459 1031 34
479 993 584 1022 dixerit
598 994 620 1021 E
635 995 664 1022 U
679 993 706 1027 ψ
717 997 745 1021 in
759 995 921 1023 divinatione
933 996 1031 1024 dixerit

422 1043 455 1071 35
479 1033 679 1062 existimandus
695 1033 718 1061 E
732 1035 891 1063 intimandus

442 1082 451 1101 1
478 1073 579 1101 fimilia
595 1074 617 1101 E
631 1085 700 1103 vera

439 1123 454 1141 2
477 1122 541 1140 nam
557 1113 580 1141 E
595 1114 620 1141 d.

415 1167 455 1175 —
475 1152 607 1181 videntur
621 1154 644 1182 E
659 1153 764 1182 videtur

435 1203 454 1260 58
474 1193 598 1260 (1113ηὲἰῖ
601 1193 626 1227 ψ
641 1195 738 1232 quando
752 1193 801 1223 vel
810 1195 979 1223 vaticinando

477 1242 527 1260 nos
599 1253 605 1261 .

414 1285 454 1296 -
474 1271 653 1310 praesumptio
667 1273 690 1300 E
700 1274 850 1311 praestnrmr
864 1273 893 1302 U
902 1274 1036 1312 praesensio

514 1311 540 1345 ψ
548 1314 685 1349 praestntio

412 1365 452 1374 --
473 1360 557 1389 quam
574 1352 597 1379 E
610 1353 637 1380 d.

417 1400 427 1419 1
438 1400 448 1419 1
475 1391 666 1428 praesensiones
682 1391 705 1419 E
715 1393 929 1432 praesn’mptiones

412 1445 453 1453 —
474 1430 582 1458 nullam
599 1431 622 1458 E
637 1431 710 1459 nulla

416 1479 450 1507 ¹3
470 1470 510 1498 At
618 1471 803 1500 concedamus
820 1473 842 1499 E
858 1473 884 1501 d.

409 1524 451 1532 -
471 1509 511 1537 At
533 1509 712 1546 impudentes
729 1511 759 1540 U
775 1512 818 1539 An
840 1511 988 1549 inpudentes
1007 1512 1033 1546 ψ

511 1549 555 1576 Απ
568 1551 720 1586 impudentes

410 1604 450 1612 —
471 1598 534 1617 cum
553 1607 565 1613 -
581 1607 593 1612 -
611 1608 614 1610 v
639 1607 648 1611 -
665 1590 792 1622 evadere.
822 1590 901 1629 Qid
917 1590 946 1619 U
960 1591 987 1621 d.

415 1638 447 1666 ις
471 1629 563 1657 multo
578 1629 607 1658 U
622 1629 703 1656 multa

414 1669 449 1697 16
470 1669 610 1697 fortunam
628 1669 650 1696 E
655 1669 772 1705 fortuna

414 1717 424 1736 1
434 1718 449 1746 7
471 1717 537 1736 vera
551 1709 574 1736 E
587 1720 651 1737 «vero

410 1757 444 1777 21
469 1755 518 1776 aut
533 1749 555 1776 E
568 1756 654 1776 autern

409 1803 450 1810 -—
470 1797 584 1825 quoque
599 1789 621 1816 E
634 1789 664 1817 d.

411 1837 446 1864 ²3
471 1827 520 1854 fin:
535 1828 630 1864 Esunt

408 1876 446 1904 29
466 1867 589 1905 quadam
604 1867 630 1903 ψ
645 1867 762 1904 quaedam

405 1921 447 1929 -
467 1907 612 1935 hominum
630 1908 705 1935 fama
719 1908 742 1935 E
757 1909 786 1936 d.

404 1961 446 1968 —
467 1945 562 1974 senatu
576 1947 727 1982 spstnatum

408 1995 446 2024 30
467 1985 640 2015 habebamus
653 1987 676 2015 E
689 1987 718 2015 U
732 1986 870 2017 habeamus

407 2035 444 2064 32
467 2025 517 2054 illa
531 2027 555 2054 E
569 2027 642 2054 illum

408 2074 422 2103 3
430 2074 444 2103 3
467 2065 586 2102 perfecit
600 2067 622 2094 E
633 2069 755 2106 praesm'e

432 2114 441 2132 1
467 2113 531 2132 cum
547 2106 570 2133 E
584 2115 638 2134 tum

426 2154 446 2182 4
465 2153 499 2172 ex
515 2145 612 2181 primis
628 2146 651 2173 E
665 2147 773 2182 exprimi

427 2195 442 2223 5
468 2183 500 2211 ld
517 2185 537 2211 E
553 2193 582 2212 at

425 2224 443 2252 6
464 2224 540 2252 versu
561 2224 585 2251 U
602 2226 692 2259 versus
705 2224 730 2258 ᾧ
744 2223 846 2260 verficm

403 2277 445 2286 -
464 2263 597 2301 cujufiffiue
611 2265 634 2291 E
649 2275 749 2301 cumque

425 2313 442 2341 7
464 2303 562 2342 primis
578 2303 665 2331 literis
681 2303 757 2331 illius
772 2302 915 2333 sententiae
930 2301 952 2331 E
967 2303 995 2332 d.

423 2353 442 2381 9
463 2343 606 2380 sepositam
622 2343 764 2381 spfipitam

409 2391 444 2411 ιο
466 2391 496 2411 ut
510 2382 534 2410 E
547 2391 571 2411 et

407 2431 442 2452 12
463 2421 558 2461 potius
571 2423 595 2451 E
603 2424 688 2461 posius
701 2433 778 2462 quam

1098 293 1128 320 p.

1100 323 1137 351 86

1081 2152 1199 2181 909

1184 332 1217 360 ¹3
1241 332 1326 361 quam
1340 324 1363 351 E
1379 335 1450 362 quern

1176 378 1217 384 -—
1237 364 1354 400 posthaec
1371 363 1397 396 ψ
1407 364 1512 402 posthae

1182 412 1218 439 ¹4
1238 402 1378 439 patientur
1391 404 1416 438 ψ
1427 408 1565 440 pariantur

1180 451 1212 478 ¹3
1237 451 1302 469 vera
1317 442 1338 469 E
1353 452 1451 471 namra

1181 481 1216 509 16
1239 482 1358 518 Jamque
1373 483 1395 510 E
1411 483 1528 521 Idcmque

1180 521 1215 548 18
1237 520 1331 548 videte
1346 521 1368 549 E
1384 524 1475 549 videre

1180 568 1215 597 19
1236 559 1430 589 delectationis
1443 561 1466 588 E
1477 561 1663 591 dcchatiomm

1177 608 1214 627 20
1234 599 1310 627 voles
1326 600 1348 627 E
1363 601 1450 628 volent

1178 648 1212 676 25
1237 639 1351 675 quidem
1369 640 1391 667 E
1407 642 1433 667 d.

1177 687 1212 714 27
1235 688 1330 706 remex
1354 679 1402 707 ille
1424 679 1460 707 de
1478 680 1558 708 classe
1574 681 1697 720 Coponii
1719 683 1742 712 E
1757 695 1796 714 re!

1271 718 1349 745 exiles
1362 719 1464 755 dcclaſje
1479 720 1576 756 Caponi

1176 758 1212 784 28
1235 757 1362 794 praedixit
1376 758 1533 795 Epostam'e

1175 806 1189 833 3
1196 806 1209 833 3
1234 796 1302 834 quin
1320 797 1340 823 F.
1355 800 1399 835 qui

1175 845 1213 873 34
1234 845 1283 873 par
1297 845 1356 864 erat
1372 837 1394 864 E
1406 843 1499 874 pateat

1197 885 1206 903 1
1232 885 1295 913 quae
1307 875 1330 902 E
1346 882 1374 903 ut
1389 886 1449 913 quae

1195 924 1210 943 2
1232 916 1377 944 evenirent
1391 916 1414 943 E
1427 924 1479 945 tum
1497 919 1617 946 venirene
1631 917 1657 954 ψ
1668 925 1720 949 tum
1733 931 1795 951 eve.

1273 963 1358 982 ιη’-Νη

1193 1002 1212 1030 4
1232 994 1268 1022 est
1284 994 1306 1021 E
1321 995 1346 1028 ψ
1361 995 1437 1030 cenſs!
1450 1003 1479 1023 tu

1171 1049 1212 1056 —
1231 1034 1363 1062 vesanum
1377 1034 1403 1067 ψ
1416 1036 1538 1070 vesonum
1550 1044 1628 1075 atque

1193 1084 1208 1111 ς
1235 1083 1279 1101 me
1293 1074 1316 1101 E
1331 1074 1356 1107 ψ
1370 1074 1429 1102 Μ.’

1169 1128 1210 1135 -
1231 1113 1393 1150 Coponium
1412 1113 1436 1141 E
1451 1114 1592 1151 Coponium

1192 1152 1210 1181 6
1232 1153 1386 1191 perspicere
1402 1153 1425 1180 E
1441 1153 1470 1182 U
1485 1156 1604 1192 respicere

1171 1202 1181 1221 1
1194 1202 1202 1221 1
1227 1192 1298 1220 veris
1313 1193 1336 1221 E
1350 1196 1451 1221 ventris

1174 1242 1210 1268 14
1229 1232 1380 1260 deferenda
1395 1232 1418 1260 E
1430 1233 1570 1271 deferenda*
1582 1234 1607 1269 ψ
1617 1235 1751 1273 rqscrenda

1174 1273 1208 1300 16
1229 1281 1316 1309 opum
1332 1271 1354 1298 E
1367 1272 1392 1300 d.

1173 1320 1207 1349 17
1229 1312 1287 1339 vim
1303 1311 1355 1339 sese
1371 1311 1497 1346 Esevim

1167 1366 1209 1373 —
1229 1359 1322 1379 autem
1339 1351 1361 1378 E
1375 1359 1423 1378 aut

1174 1400 1208 1429 19
1230 1398 1278 1419 aut
1293 1405 1374 1413 ---
1389 1391 1423 1418 de
1436 1389 1528 1419 Craeso
1541 1391 1565 1420 E
1580 1391 1607 1420 α’.

1170 1440 1204 1459 21
1229 1431 1265 1457 de
1280 1431 1303 1458 E
1319 1441 1351 1458 ex

1171 1480 1207 1509 29
1230 1469 1315 1506 magi'
1331 1470 1354 1498 E
1372 1470 1400 1498 U
1417 1471 1500 1507 magis

1171 1519 1207 1547 30
1229 1508 1434 1546 amphiboliam
1448 1509 1472 1537 E
1485 1510 1512 1544 ψ
1524 1510 1738 1551 amphibologiam

1171 1558 1202 1586 3¹
1230 1548 1320 1586 magis
1336 1549 1358 1576 E
1373 1553 1455 1577 minus

1166 1603 1207 1610 -—
1228 1589 1319 1616 valere
1332 1588 1355 1616 E
1369 1588 1446 1616 talem

1170 1637 1205 1665 32
1227 1627 1403 1665 amphibolia
1418 1628 1440 1655 E
1457 1627 1486 1656 U
1501 1628 1526 1661 ψ
1539 1629 1729 1669 amphibologia

1166 1683 1207 1690 —
1227 1668 1360 1705 potuisset
1483 1667 1640 1698 observatio
1670 1673 1718 1708 (p.
1735 1680 1786 1710 90.

1271 1716 1279 1734 1
1309 1707 1319 1740 )
1342 1708 1365 1735 Ε
1379 1709 1407 1736 d.

1169 1755 1203 1785 35
1227 1754 1258 1775 ut
1280 1716 1366 1774 11310do
1393 1746 1422 1774 U
1443 1748 1611 1776 tantummodo
1622 1750 1684 1787 jam
1710 1756 1739 1780 ut
1759 1750 1788 1788 ψ

1267 1788 1434 1815 tantummodo
1448 1794 1478 1814 ut

1171 1835 1181 1853 1
1191 1835 1200 1853 1
1227 1834 1276 1854 aut
1289 1827 1314 1860 ψ
1329 1835 1352 1854 et

1172 1875 1204 1903 ¹3
1228 1866 1362 1894 collineet
1377 1866 1406 1894 U
1420 1865 1532 1894 conlimet

1169 1913 1203 1941 ¹4
1225 1913 1251 1933 et
1267 1905 1401 1934 miramur
1506 1912 1599 1934 tamen
1614 1905 1644 1935 U
1657 1908 1686 1936 d.

1166 1954 1200 1982 ²5
1223 1944 1354 1973 habenda
1369 1945 1398 1973 U
1413 1944 1558 1973 adhibenda

1166 1986 1204 2013 26
1225 1994 1288 2022 quae
1304 1982 1330 2017 ψ
1345 1987 1392 2022 qui

1162 2039 1202 2046 —
1222 2023 1428 2061 perturbatiora
1441 2022 1468 2059 ψ
1476 2023 1678 2061 perturbatiores

1166 2074 1201 2101 32
1226 2073 1259 2091 ne
1274 2063 1299 2097 ψ
1314 2065 1339 2091 d.

1165 2113 1198 2141 33
1222 2103 1280 2139 Qui
1295 2103 1324 2131 U
1337 2103 1414 2139 Qeid

1221 2143 1347 2180 quaedam
1362 2142 1386 2175 ψ
1401 2141 1506 2179 quodam

1165 2191 1197 2220 ις
1223 2182 1306 2209 soleat
1320 2181 1343 2208 E
1358 2182 1442 2209 debeat

1164 2221 1199 2250 16
1223 2221 1344 2249 Ρήῐηῑιιι)
1359 2221 1384 2255 ψ
1394 2219 1506 2258 ρνὶηιῖιηι
1520 2222 1605 2258 igitur

1158 2275 1199 2283 —
1219 2260 1386 2289 effectricem
1401 2260 1424 2288 E
1438 2262 1562 2297 <filliam

1164 2310 1197 2339 17
1221 2301 1337 2339 quidem
1355 2300 1375 2327 E
1390 2311 1483 2338 quoque

1158 2355 1199 2364 —
1219 2341 1298 2369 nulla
1314 2339 1370 2368 visa
1383 2340 1409 2373 ψ
1422 2338 1518 2368 nullam
1531 2341 1593 2368 vin

1164 2389 1199 2420 19
1218 2380 1366 2419 providere
1380 2381 1404 2409 E
1413 2380 1561 2418 pravidtre
