2223 3003
659 200 935 240 LIBER
991 199 1486 241 SECUNDUS.
1723 205 1774 259 87

387 307 528 344 mente,
559 307 673 352 atque
690 313 711 338 a
730 299 765 338 se
784 300 862 353 ipse
892 299 1080 340 disceffit?
1109 314 1184 354 qua
1203 301 1484 354 perturbatione
1509 301 1642 348 animi,
1671 316 1771 356 quae,

388 364 495 402 sanus
515 378 607 402 cum
626 365 728 410 effet,
760 366 923 404 timebat
940 379 987 404 ne
1017 367 1222 411 evenirent,
1255 380 1297 404 ea
1315 367 1471 406 demens
1501 378 1678 407 eventura
1703 370 1775 408 effe

388 429 552 469 dicebat.
583 432 729 468 Utrum
749 431 917 475 tandem,
938 444 1004 483 per
1023 432 1128 469 Deos
1147 440 1261 483 atque
1279 430 1480 471 homines!
1503 435 1624 487 magis
1645 435 1774 474 verifi-

389 495 482 532 mile
500 495 570 540 est,
600 495 782 533 vesanum.
798 495 999 546 remigem,
1028 508 1074 532 an
1095 495 1264 546 aliquem
1290 497 1475 543 nostrum,
1508 500 1575 551 qui
1606 499 1662 537 ibi
1689 509 1774 539 tum

388 571 552 604 eramus,
588 573 663 604 me,
699 560 902 603 Catonem,
934 558 1159 602 Varronem,
1196 559 1419 610 Coponium
1452 562 1590 614 ipsum,
1621 565 1775 603 consilia

389 623 569 662 Deorum
582 622 863 660 immortalium
883 622 1090 675 perspicere
1109 622 1270 676 potuiffe
1286 624 1299 659 ?

442 689 558 727 LVI..
581 688 750 738 Sedjam
769 687 816 725 ad
836 696 874 726 te
891 688 1018 733 venio,

524 756 693 808 Ostmbffe
711 755 850 806 Apollo,
872 755 935 807 qui
951 754 1302 794 umbilicumcertum
1322 765 1506 795 terrarum
1525 757 1661 810 obsides,

525 820 623 859 Unde
625 819 869 873 superstitiqfiz
880 821 1039 872 primum
1045 822 1158 874 sceva
1173 822 1285 872 evasit
1303 836 1375 860 vox
1379 822 1485 874 fera.

389 885 495 924 Tuis·
508 885 614 923 enim
633 885 795 924 oraculis
815 885 1057 939 Chryslppus-
1071 895 1198 924 totum
1221 887 1404 925 volumen
1424 888 1615 941 implevit,
1639 890 1777 942 partim

388 951 501 996 falfis,
522 960 566 990 ut
584 965 655 1004 ego
674 953 836 1004 opinor,
867 953 1007 1005 partim
1026 951 1111 990 casu
1131 954 1241 997 veris,
1273 962 1316 990 ut
1335 952 1379 991 fit
1410 954 1450 992 in
1482 956 1591 993 omni
1610 956 1780 994 oratione

391 1016 586 1069 saep'iffime
600 1035 612 1062 ς
644 1017 784 1070 partim
804 1016 1034 1069 flexiloquis,
1061 1026 1099 1055 et
1118 1017 1300 1062 obscuris,
1323 1027 1366 1056 ut
1386 1019 1570 1072 interpres
1590 1030 1696 1073 egeat
1715 1021 1778 1058 in-

390 1091 566 1135 terprete,
587 1092 625 1120 et
644 1083 718 1120 sors
738 1081 815 1135 ipsa
834 1082 880 1120 ad
899 1083 1012 1121 sortes
1033 1082 1226 1121 referenda
1246 1083 1290 1121 fit
1301 1102 1313 1128 ς
1344 1085 1484 1136 partim
1505 1086 1709 1138 ambiguis,
1741 1096 1780 1124 et

391 1162 476 1200 quae
496 1149 541 1186 ad
561 1149 803 1186 dialecticum
831 1147 1031 1187 deferenda
1049 1149 1135 1188 fint.
1181 1148 1286 1187 Nam
1306 1162 1398 1188 cum
1419 1151 1493 1189 sors
1515 1151 1580 1189 illa
1598 1152 1699 1190 edita
1728 1151 1781 1190 est

392 1215 678 1267 opulentiffimo
696 1215 776 1267 regi
797 1215 906 1260 Afiae,

528 1281 668 1333 Crajfics
687 1281 820 1332 Halym
831 1290 1029 1333 penetrans
1046 1294 1212 1333 magnam
1223 1289 1415 1333 pervertet
1434 1291 1535 1335 opum
1554 1283 1630 1322 vim
1643 1301 1666 1328 ;‘

391 1345 560 1385 hostium
591 1347 672 1384 vim
702 1346 775 1384 sese
805 1346 1066 1398 perversurum
1097 1347 1260 1399 putavit,
1293 1349 1472 1399 pervertit
1501 1357 1630 1387 autem
1660 1349 1780 1389 suam.

393 1413 538 1450 Utrum
564 1412 682 1464 igitur
712 1425 846 1450 eorum
877 1411 1080 1457 accidiffet,
1112 1425 1246 1450 verum
1279 1412 1478 1451 oraculum
1512 1412 1651 1453 fuisset.
1701 1416 1782 1453 Cur

394 1485 523 1514 autem
538 1475 613 1514 hoc
633 1476 784 1514 credam
804 1489 977 1529 unquam
997 1476 1146 1515 editum
1168 1476 1298 1515 Croeso
1317 1478 1330 1514 ?
1364 1486 1429 1515 aut
1449 1478 1694 1517 Herodotum
1715 1493 1784 1517 cur

394 1541 623 1580 veraciorem
656 1542 795 1580 ducam
815 1543 945 1580 Ennio
962 1543 974 1580 ?
1006 1543 1118 1581 Num
1150 1544 1278 1581 minus
1312 1543 1377 1581 ille
1407 1545 1535 1596 potuit
1568 1545 1614 1582 de
1635 1545 1780 1590 Croeso,

395 1619 512 1658 quam
532 1606 578 1643 de
609 1606 769 1657 Pyrrho,
801 1606 943 1658 fingere
963 1608 1140 1644 Ennius?
1171 1608 1271 1657 Qis
1302 1609 1407 1645 enim
1438 1608 1503 1652 est,
1539 1610 1606 1660 qui
1640 1610 1780 1654 credat,

395 1671 589 1723 Apollinis
609 1684 656 1709 ex
675 1671 827 1708 oraculo
848 1669 994 1721 Pyrrho
1013 1671 1084 1708 effe
1103 1670 1333 1723 responsum,

531 1737 603 1774 Aio
622 1745 669 1779 te,
691 1735 858 1779 AEacida,
888 1737 1062 1773 Romanos
1078 1737 1220 1774 vincere
1230 1737 1332 1789 pqffi’.

397 1801 587 1846 Primum,
616 1801 731 1838 latine
751 1800 896 1853 Apollo
927 1814 1124 1852 nunquam
1144 1801 1294 1839 locutus
1321 1802 1385 1840 est.
1419 1803 1583 1848 Deinde,
1612 1804 1676 1842 ista
1706 1805 1783 1843 sors

396 1867 564 1905 inaudita
595 1867 739 1905 Graecis
772 1866 837 1904 est.
881 1867 1074 1910 Praeterea,
1109 1865 1245 1917 Pyrrhi
1266 1868 1504 1919 temporibus
1531 1871 1613 1920 jam
1640 1870 1784 1922 Apollo

395 1932 518 1971 versus
537 1931 658 1970 facere
679 1931 845 1970 deflerat.
874 1931 1083 1976 Postremo,
1103 1945 1326 1984 quanquam
1346 1933 1492 1986 semper
1511 1933 1598 1980 fuit,
1622 1944 1664 1974 ut
1684 1935 1783 1988 apud

395 1999 570 2038 Ennium
589 1999 655 2044 est,

734 2063 898 2117 stolidum
911 2079 1022 2117 genus
1041 2064 1289 2110 AEacidarum,

532 2130 878 2182 Belltpotentesficnt
897 2131 994 2182 magi
1000 2131 1021 2174 ',
1045 2145 1148 2182 quam
1154 2130 1468 2182 stzpientipotentes
1483 2148 1494 2174 ;

398 2206 525 2234 tamen
558 2195 656 2233 hanc
690 2195 1113 2248 amphiboliamxversfis
1139 2196 1350 2248 intelligere
1370 2196 1562 2248 potuiffet,
1591 2197 1732 2236 vincere
1749 2207 1784 2236 te

397 2263 583 2306 Romanos,
601 2260 723 2299 nihilo
743 2262 864 2313 magis
884 2262 923 2298 in
944 2261 993 2305 se,
1014 2275 1130 2313 quam
1151 2261 1190 2298 in
1212 2262 1421 2307 Romanos,
1439 2262 1573 2300 valere.
1596 2263 1701 2301 Nam
1719 2263 1785 2300 illa

400 2327 649 2381 amphibolia,
671 2341 754 2380 quae
777 2327 952 2365 Croesum
973 2327 1136 2380 decepit,
1158 2327 1216 2364 vel
1238 2326 1496 2380 Chrysippum
1514 2328 1690 2381 potuisset
1708 2327 1782 2367 fal-

400 2393 475 2430 lere
489 2412 501 2438 3
532 2393 613 2432 haec
632 2408 719 2432 vero
740 2407 786 2431 ne
807 2394 1020 2446 Epicurum
1041 2394 1212 2446 quidem.

455 2458 582 2497 LVII.
613 2461 697 2504 Sed,
718 2459 822 2511 quod
848 2468 962 2512 caput
981 2459 1046 2504 est,
1081 2473 1150 2497 cur
1179 2458 1249 2496 isto
1268 2458 1385 2497 modo
1409 2459 1490 2510 jam
1516 2459 1664 2497 oracula
1685 2459 1780 2496 Del-

402 2520 489 2576 phis
510 2535 586 2562 non
604 2525 782 2571 eduntur,
805 2538 882 2564 non
907 2524 1025 2563 modo
1052 2524 1174 2563 nostra
1193 2534 1311 2570 aetate,
1333 2524 1393 2562 sed
1407 2525 1556 2577 jamdiu
1572 2542 1583 2570 ς
1607 2533 1648 2562 ut
1667 2524 1781 2562 moda
