2223 3003
617 294 895 335 LIBER
952 294 1455 337 SECUNDUS.
1662 313 1737 354 231

341 412 420 439 non
441 397 592 438 homini
613 399 660 438 ab
680 397 842 437 homine
860 398 1045 437 nascatur.
1077 398 1144 437 Est
1165 397 1382 437 Dicaearchi
1402 398 1499 437 liber
1518 397 1564 437 de
1584 397 1743 438 interitu

341 465 567 511 hominum,
600 465 844 518 Peripatetici
873 465 1006 517 magni
1035 474 1073 503 et
1091 465 1232 517 copiofi
1251 483 1264 510 5
1295 466 1378 517 qui,
1409 465 1578 504 colleffis
1599 466 1743 505 caeteris

342 532 474 577 causis,
495 531 698 576 eluvionis,
713 530 947 583 pestilentiae,
961 530 1157 574 vastitatis,
1173 530 1391 568 belluarum
1410 532 1526 570 etiam
1539 533 1744 585 repentinae

343 598 623 641 multitudinis,
662 609 827 647 quarum
858 595 1010 647 impetu
1029 595 1142 633 docet
1170 595 1345 647 quaedam
1371 595 1580 636 hominum
1609 611 1746 650 genera

341 663 413 701 effe
443 662 695 713 consumpta:
727 659 865 698 deinde
895 668 1107 712 comparat,
1128 668 1273 711 quanto
1289 660 1417 713 plures
1443 662 1559 700 deleti
1578 662 1650 701 fint
1669 662 1745 702 ho-

343 728 467 766 mines
487 726 697 766 hominum
716 725 882 778 impetu,
917 724 1043 770 idest,
1080 725 1209 771 bellis,
1242 734 1308 764 aut
1327 726 1592 772 seditionibus,
1627 743 1751 781 quam.

343 793 453 832 omni
474 793 619 846 reliqua
636 792 873 830 calamitate.

399 861 507 898 Cum·
523 859 643 911 igitur
661 857 728 896 hic
747 858 856 897 locus
877 857 978 897 nihil
996 857 1134 897 habeat
1154 858 1420 905 dubitationis,
1442 860 1539 913 quin
1568 859 1747 899 homines

340 925 559 980 plurimum
578 923 805 963 hominibus
825 934 864 963 et
883 925 1041 978 profint,
1065 935 1103 963 et
1124 925 1249 963 obfint
1264 944 1276 971 5
1307 927 1510 979 proprium
1530 926 1605 965 hoc
1625 927 1746 965 statuo

342 992 414 1031 esse
433 992 599 1037 virtutis,
627 991 831 1030 conciliare
851 992 998 1030 animos
1019 990 1242 1037 hominum,
1270 1001 1307 1030 et
1327 993 1373 1030 ad
1394 992 1480 1031 usus
1502 993 1586 1032 suos
1607 994 1745 1046 adjun-

340 1072 442 1112 gere.
489 1060 636 1111 Itaque‚
673 1072 757 1110 quae
778 1059 818 1095 in
839 1058 950 1096 rebus
972 1058 1168 1103 inanimis,
1201 1072 1363 1111 quaeque
1393 1059 1434 1097 in
1456 1059 1523 1097 usu
1549 1069 1587 1097 et
1607 1061 1744 1098 trad’ca-

342 1126 446 1163 tione
466 1124 682 1163 belluarum
704 1123 806 1162 fiunt
826 1124 972 1162 utiliter
991 1124 1035 1161 ad
1055 1122 1266 1162 hominum
1284 1125 1419 1169 vitam,
1447 1125 1592 1163 artibus
1612 1139 1653 1162 ea
1673 1126 1746 1164 tri-

340 1192 517 1230 buuntur
537 1189 701 1243 operosis
718 1209 730 1235 5
762 1189 974 1228 hominum
1008 1199 1139 1228 autem
1171 1190 1293 1228 studia
1321 1190 1368 1228 ad
1400 1191 1746 1243 amplificationem

340 1256 553 1295 nostrarum
573 1269 702 1293 rerum
733 1264 913 1308 prompta
943 1268 985 1293 ac
1003 1264 1143 1309 parata,
1176 1255 1347 1294 virorum
1367 1255 1628 1309 praestantium
1647 1256 1755 1309 sapi·-

341 1323 444 1361 entia
462 1331 501 1360 et
520 1322 662 1360 virtute
679 1321 910 1360 excitantur.

396 1389 559 1427 Etenim
577 1388 699 1427 virtus
729 1388 857 1426 omnis
892 1387 1014 1426 tribus
1044 1388 1086 1427 in
1117 1388 1230 1427 rebus
1259 1387 1338 1427 fere
1366 1388 1552 1434 vertitur;
1583 1401 1755 1441 quarum

342 1468 419 1494 una
448 1455 502 1493 est
530 1456 571 1493 in
600 1455 880 1508 perspiciendo,
911 1455 1007 1507 quid
1040 1455 1082 1493 in
1113 1469 1266 1508 quaque
1295 1469 1335 1494 re
1364 1468 1500 1494 verum
1534 1455 1748 1494 fincerum-

342 1534 418 1574 que
451 1521 510 1565 fit,
541 1521 636 1573 quid
666 1521 971 1559 consentaneum
999 1522 1154 1573 cuique,
1188 1522 1284 1574 quid
1314 1522 1565 1575 consequens,
1593 1536 1640 1561 ex
1669 1535 1752 1574 quo

343 1599 509 1640 quaeque
524 1586 746 1639 gignantur,
766 1599 852 1638 quae
871 1585 1057 1638 cujusque
1076 1587 1135 1624 rei'
1150 1587 1257 1625 causa
1276 1587 1320 1625 fit
1338 1602 1347 1625 :
1370 1587 1547 1632 alterum,
1569 1586 1750 1625 cohibere

343 1662 474 1692 motus
495 1653 616 1690 animi
636 1652 822 1697 turbatos,
852 1665 949 1704 quos
971 1652 1098 1690 Graeci
1117 1652 1218 1697 πάθη
1237 1653 1453 1697 nominant,
1475 1651 1747 1705 appetitiones-

342 1732 433 1772 que,
466 1731 559 1771 quas
591 1717 650 1755 illi
683 1714 798 1765 ὁρμέις,
842 1717 1064 1755 obedientes
1097 1717 1245 1755 efficere
1280 1718 1443 1756 rationi:
1482 1718 1654 1763 tertium,
1685 1718 1748 1763 iis,

344 1783 578 1837 quibuscum
612 1796 905 1836 congregamur,
952 1783 1010 1821 uti
1040 1783 1248 1828 moderate,
1296 1793 1335 1821 et
1372 1784 1545 1829 scienter,
1581 1798 1749 1836 quorum

343 1851 476 1889 studiis
506 1864 561 1896 ea,
593 1864 678 1902 quae
712 1859 845 1888 natura
877 1849 1072 1895 defiderat,
1103 1849 1267 1902 expleta,
1302 1850 1576 1902 cumulataque
1605 1850 1747 1888 habea-

343 1931 432 1956 mus
450 1935 462 1962 ;
494 1930 562 1969 per
592 1929 655 1954 eos
686 1915 865 1967 denique,
898 1915 924 1952 si
959 1915 1055 1967 quid
1086 1915 1318 1967 importetur
1351 1915 1463 1953 nobis
1490 1916 1750 1961 incommodi,

342 1981 625 2037 propulsemus,
655 1980 964 2033 ulciscamurque
982 1994 1060 2025 eos,
1092 1981 1160 2034 qui
1191 1994 1327 2019 nocere
1357 1981 1469 2019 nobis
1500 1982 1627 2020 conati
1648 1981 1749 2027 sunt,

342 2049 525 2101 tantaque
543 2047 658 2101 poena
678 2047 906 2092 afficiamus,
936 2056 1123 2099 quantam
1153 2047 1323 2099 aequitas‚
1360 2045 1655 2099 humanitasque
1680 2060 1752 2099 pa·

343 2123 459 2153 titur..

399 2180 472 2218 VI.
505 2179 660 2231 Qibus
695 2190 824 2219 autem
856 2181 1066 2219 rationibus
1097 2178 1197 2217 hanc
1228 2178 1452 2217 facultatem
1473 2178 1613 2230 affequi
1632 2177 1748 2231 poffi-

344 2255 448 2286 mus,
480 2250 524 2279 ut
543 2240 751 2279 hominum
774 2241 895 2279 studia
925 2240 1240 2293 complectamur,
1268 2253 1387 2292 eaque
1408 2249 1620 2285 teneamus,
1642 2240 1748 2278 dice-

345 2321 432 2346 mus
448 2327 460 2354 5
488 2321 611 2360 neque
631 2309 684 2345 ita
703 2307 829 2346 multo
849 2307 955 2360 post:
988 2307 1047 2345 sed
1067 2319 1186 2359 pauca
1205 2316 1291 2344 ante
1312 2307 1471 2344 dicenda
1491 2306 1591 2345 sunt.
1629 2307 1749 2360 Mag-

346 2387 437 2412 nam
467 2375 549 2412 vim
576 2373 647 2412 effe
677 2375 719 2412 in
751 2373 907 2412 fortuna
937 2374 976 2412 in
998 2383 1200 2425 utramque
1220 2383 1381 2425 partem,
1413 2373 1473 2411 vel
1493 2373 1671 2411 secundas
1703 2373 1747 2411 ad

346 2452 418 2484 res,
457 2440 516 2478 vel
551 2440 734 2486 adversas,
775 2441 862 2493 quis
895 2441 1075 2493 ignorat?
1108 2452 1196 2477 nam
1227 2449 1277 2484 et,
1318 2438 1410 2477 cum
1445 2439 1623 2493 prospero
1657 2439 1748 2477 flatu

346 2504 426 2555 ejus
449 2505 610 2551 utimur,
641 2507 688 2544 ad
707 2507 832 2545 exitus
853 2506 1101 2559 pervehimur
1120 2514 1294 2557 optatos5
1325 2516 1376 2550 et,
1397 2518 1488 2543 cum
1509 2505 1666 2549 reflavit,
1689 2503 1748 2541 af-

346 2569 533 2623 fligimur.
565 2572 662 2611 Haec
682 2573 803 2626 igitur
833 2573 913 2627 ipsa
942 2572 1096 2613 fortuna
1115 2581 1268 2611 caeteros
1298 2572 1401 2611 casus
1422 2573 1577 2611 rariores
1605 2570 1722 2609 habet
1732 2587 1748 2615 5
