2223 3003
647 221 925 261 LIBER
982 221 1483 263 SECUNDUS.
1694 239 1770 280 229

369 321 475 374 quod
508 320 729 367 honestum,
760 321 864 361 idem
888 321 1053 375 justum.
1095 323 1157 361 Ex
1188 335 1267 376 quo
1295 323 1474 370 efficitur,
1506 333 1549 364 ut
1580 325 1772 379 quidquid

367 386 574 427 honestum
604 388 663 433 fit,
694 388 798 426 idem
832 389 877 427 fit
904 388 1014 427 utile.
1046 389 1165 440 Qod
1185 389 1254 442 qui
1282 403 1419 442 parum
1450 391 1698 444 perspiciunt,
1729 392 1772 431 hi

368 452 479 506 saepe,
513 453 680 492 versutos
711 452 892 492 homines
923 462 961 492 et
981 454 1139 492 callidos
1160 454 1404 502 admirantes,
1435 457 1640 503 malitiam,
1671 458 1771 512 sapi-

367 520 513 558 entiam
527 520 719 573 judicant.
756 520 938 570 Qorum
958 533 1061 558 error
1079 520 1298 572 eripiendus
1318 522 1384 567 est,
1415 524 1624 577 opinioque
1642 525 1771 564 omnis

367 586 415 624 ad
435 599 520 625 eam
540 587 645 639 spem
676 585 920 630 traducenda,
954 594 997 623 ut
1027 583 1194 623 honestis
1225 587 1405 633 confiliis,
1430 590 1616 642 justisque
1646 590 1769 638 facitis,

367 665 445 690 non
479 651 610 690 fraude
642 660 681 689 et
713 650 865 689 malitia
899 650 937 688 se
965 650 1186 703 intelligant
1220 665 1275 697 ea,
1307 666 1393 705 quae
1425 655 1559 701 velint,
1590 658 1772 711 consequi

365 716 481 770 pofl‘e.

422 783 524 834 Qae
558 794 649 835 ergo
683 781 730 820 ad
761 781 882 821 vitam
912 780 1122 821 hominum
1156 783 1339 822 tuendam
1381 784 1587 838 pertinent,
1628 790 1771 841 partim

367 849 455 887 sunt
486 849 670 894 inanima,
702 857 745 886 ut
783 862 934 894 aurum,
976 858 1195 903 argentum,
1237 859 1281 889 ut
1314 864 1356 888 ea
1387 865 1472 904 quae
1503 853 1717 906 gignuntur
1752 869 1773 894 e

365 924 476 961 terra,
507 923 552 953 ut
582 915 654 953 alia
683 915 853 968 ejusdem
883 917 1057 969 generis;
1096 917 1237 970 partim
1271 918 1464 964 animalia,
1509 933 1595 972 quae
1627 920 1773 961 habent

364 981 450 1020 suos
471 982 655 1036 impetus,
685 991 723 1020 et
743 996 872 1021 rerum
898 983 1105 1036 appetitus.
1164 984 1315 1022 Eorum
1347 994 1476 1023 autem
1510 986 1582 1024 alia
1614 989 1772 1027 rationis

363 1048 534 1101 expertia
553 1048 654 1093 sunt,
684 1047 757 1086 alia
776 1049 923 1086 ratione
955 1049 1115 1088 utentia.
1147 1049 1334 1103 Expertes
1362 1051 1531 1096 rationis,
1562 1053 1666 1105 equi,
1697 1054 1771 1092 bo-

364 1127 443 1160 ves,
493 1114 649 1167 reliquae
687 1114 866 1167 pecudes,
915 1129 1015 1168 apes,
1060 1130 1223 1169 quarum
1267 1130 1380 1170 opere
1417 1119 1584 1157 efficitur
1624 1120 1771 1172 aliquid

364 1180 412 1218 ad
431 1179 641 1219 hominum
662 1181 775 1219 usum
795 1190 911 1234 atque
936 1183 1071 1221 vitam.
1104 1183 1271 1221 Ratione
1301 1193 1431 1222 autem
1463 1186 1659 1224 utentium
1693 1186 1772 1225 duo

362 1260 500 1300 genera
518 1255 719 1300 ponuntur
734 1266 747 1292 3
779 1261 918 1294 unum,
949 1249 1126 1288 Deorum
1142 1268 1154 1294 ,ς
1187 1249 1363 1295 alterum,
1394 1250 1617 1290 hominurn.
1665 1253 1771 1291 Deos

362 1312 531 1365 placatos
550 1313 670 1366 pietas
691 1313 858 1359 efficiet,
881 1324 921 1353 et
941 1314 1114 1354 sanctitas
1133 1330 1142 1354 ε
1182 1317 1360 1368 proxime
1387 1326 1533 1362 autem,
1566 1327 1604 1356 et
1634 1317 1772 1356 secun-

364 1376 458 1417 dum
492 1380 613 1426 Deos,
657 1379 836 1419 homines
867 1379 1097 1420 hominibus
1126 1382 1299 1420 maxime
1341 1383 1456 1422 utiles
1501 1383 1571 1422 effe
1602 1383 1770 1437 possunt.

365 1444 590 1499 Earumque
622 1446 720 1485 item
752 1460 895 1492 rerum,
926 1461 1011 1500 quae
1043 1456 1206 1486 noceant
1236 1457 1275 1487 et
1304 1448 1443 1494 obfint,
1473 1449 1606 1488 eadem
1638 1450 1772 1489 divifio

364 1509 432 1548 est.
479 1510 565 1554 Sed,
599 1511 691 1562 quia
710 1512 815 1549 Deos
845 1525 982 1550 nocere
1013 1526 1092 1551 non
1112 1522 1264 1566 putant,
1294 1512 1356 1552 his
1376 1516 1560 1567 exceptis,
1591 1514 1770 1554 homines

363 1574 591 1614 hominibus
611 1575 735 1614 obeffe
754 1576 988 1629 plurimum,
1019 1579 1079 1616 vel
1098 1579 1267 1631 prodeffe
1287 1580 1531 1618 arbitrantur.
1582 1582 1640 1618 Ea
1663 1581 1771 1619 enim

362 1640 453 1692 ipsa,
475 1655 559 1693 quae
579 1641 751 1680 inanima
769 1641 954 1687 diximus,
972 1643 1151 1694 pleraque
1171 1643 1258 1680 sunt
1277 1642 1487 1682 hominum
1506 1645 1630 1697 operis
1650 1645 1770 1683 effec-

362 1715 414 1751 ta,
445 1721 530 1760 quae
550 1721 620 1746 nec
651 1706 895 1753 haberemus,
927 1709 995 1746 nifi
1015 1721 1152 1747 manus
1183 1719 1221 1746 et
1252 1723 1307 1747 ars
1334 1710 1586 1756 acceffiffent3
1618 1725 1688 1749 nec
1707 1711 1769 1751 his

363 1773 440 1812 fine
461 1773 671 1812 hominum
692 1774 1019 1813 administratione
1045 1784 1251 1813 uteremur.
1277 1776 1425 1828 *Neque
1454 1778 1559 1815 enim
1580 1778 1769 1816 valetudi—

363 1840 422 1878 nis
443 1840 602 1885 curatio,
634 1854 757 1893 neque
787 1841 993 1893 navigatio,
1024 1854 1150 1893 neque
1181 1842 1426 1893 agricultura,
1457 1856 1581 1894 neque
1608 1842 1770 1896 frugum

363 1905 641 1958 fructuumque
661 1907 902 1958 reliquorum
921 1909 1119 1960 perceptio
1152 1917 1191 1945 et
1210 1907 1445 1947 conservatio
1464 1909 1541 1946 fine
1559 1908 1770 1949 hominum

361 1985 475 2026 opera
494 1972 574 2010 ulla
592 1971 663 2010 effe
683 1972 878 2026 potuiffet.

419 2040 507 2090 Jam
527 2053 616 2078 vero
645 2048 683 2077 et
702 2053 834 2078 earum
864 2053 1007 2086 rerum,
1041 2040 1184 2093 quibus
1211 2041 1507 2086 abundaremus,
1539 2043 1769 2095 exportatio,

361 2114 400 2144 et
419 2118 564 2151 earum,
596 2106 739 2159 quibus
769 2120 983 2159 egeremus,
1015 2107 1195 2152 invectio,
1226 2117 1327 2144 certe
1353 2108 1460 2145 nulla
1478 2108 1579 2153 effet,
1610 2109 1678 2147 nifi
1706 2108 1768 2148 his

362 2172 589 2210 muneribus
609 2170 788 2210 homines
809 2172 1076 2225 fungerentur.
1109 2173 1336 2223 Eademque
1361 2173 1505 2211 ratione
1536 2187 1605 2211 nec
1625 2175 1767 2227 lapides

361 2251 382 2276 e
409 2247 506 2276 terra
526 2238 793 2276 exciderentur
826 2239 873 2276 ad
903 2237 1016 2275 usum
1048 2238 1220 2276 nostrum
1253 2238 1470 2285 neceffarii;
1503 2254 1574 2278 nec
1605 2240 1767 2286 ferrum,

361 2318 424 2351 aes,
445 2319 596 2350 aurum,
622 2315 824 2358 argentum
845 2304 1102 2344 effoderentur
1121 2305 1274 2358 penitus
1294 2305 1436 2352 abdita,
1460 2307 1536 2345 fine
1557 2306 1768 2346 hominum
1799 2340 1802 2342 .

362 2371 489 2410 labore
508 2382 547 2410 et
567 2386 699 2411 manu.

419 2438 490 2477 IV.
522 2439 643 2476 Tecta
663 2452 764 2483 vero,
797 2437 938 2490 quibus
970 2447 1007 2475 et
1039 2436 1230 2490 frigorum
1261 2438 1316 2476 vis
1348 2439 1566 2491 pelleretur,
1598 2450 1636 2478 et
1662 2441 1766 2478 calo-

364 2515 451 2539 rum
483 2504 662 2542 molestiae
696 2505 923 2548 sedarentur,
956 2504 1057 2541 unde
1091 2513 1156 2541 aut
1191 2504 1305 2543 initio
1322 2506 1450 2557 generi
1478 2505 1652 2544 humano
1688 2506 1766 2543 dari

362 2567 582 2621 potuissent,
606 2571 813 2622 autepostea
833 2569 1040 2616 subveniri,
1076 2570 1101 2609 fi
1123 2579 1188 2608 aut
1217 2571 1255 2609 vi
1287 2571 1532 2624 tempestatis,
1566 2582 1630 2610 aut
1662 2581 1767 2609 terrae
