2223 3003
312 354 331 382 P

318 393 328 412 1

564 245 859 286 VARIAE
948 244 1508 286 LECTIONES.

406 343 418 372 1

337 364 372 412 22
417 363 746 419 ἱεδεοΕΠψαᾰω

393 438 433 445 —-
454 423 591 451 ordienda
607 424 629 451 E
645 425 754 452 oriunda

414 462 433 491 6
455 470 541 500 caput
555 462 621 490 libri
635 463 659 491 E
674 463 703 492 U
717 464 743 497 ᾧ
756 462 865 501 capituli

415 511 432 539 7
457 503 550 530 Deum
566 503 589 531 E
600 504 732 536 secundum

415 551 432 577 8
455 541 586 580 quorsum
604 543 625 570 E
639 542 744 580 quorsus

398 591 432 611 12
456 583 589 620 praeclara
605 583 682 619 Epro
694 582 768 610 clara

385 636 434 655 ,—
454 622 616 650 conditione
639 623 667 650 U
682 625 781 650 razim
802 620 867 659 (std
883 623 911 649 in
930 631 1015 660 marg.

495 661 532 689 al.
549 663 707 695 condicione)

398 711 408 730 1
418 711 432 739 3
456 701 562 730 naturis
578 701 601 729 E
615 707 723 730 naturae

397 750 433 778 14
454 741 506 769 fint
522 741 544 768 E
560 742 588 768 d.

395 790 433 810 20
454 780 612 809 communis
627 780 651 808 E
666 780 696 808 U
709 786 732 808 et
745 783 879 808 communis

395 830 428 849 21
454 820 607 849 consociati
621 821 645 848 E
657 820 686 849 U
702 819 830 848 conciliati

395 870 435 897 ²4
455 868 484 888 et
499 861 522 888 E
536 862 563 888 d.

394 915 435 922 —
455 899 580 928 habendi
594 901 617 929 E
632 900 751 929 habenda

395 956 435 963 —-
456 950 523 968 vero
538 941 568 969 U
580 949 664 969 autem

395 994 436 1002 —-
456 980 554 1008 iisdem
571 981 593 1009 E
609 981 685 1008 eidem

399 1030 434 1058 25
457 1021 550 1049 multo
565 1021 587 1048 E
603 1021 633 1049 U
647 1025 670 1049 ei
684 1019 761 1049 multo

395 1075 436 1081 -
457 1060 546 1098 magis
562 1061 586 1089 E
601 1061 630 1089 U
643 1063 727 1100 magis
739 1069 824 1088 autem
836 1067 865 1087 ut

398 1100 435 1127 26
457 1100 603 1138 mentique
618 1101 642 1128 E
656 1101 686 1129 U
699 1102 865 1138 mentiumque

395 1153 436 1161 —
456 1140 751 1175 UtEUd.=11Unde

395 1194 435 1201 —
452 1181 512 1217 jam
527 1181 552 1213 ψ
565 1184 643 1208 etiam

398 1228 434 1255 27
455 1220 639 1248 existimanda
654 1221 676 1249 E
691 1221 861 1258 existimanda
873 1221 907 1257 est

398 1268 436 1296 ²⁹
456 1260 888 1338 {ffffssss‘zssffsssffflssssssgiffzt

397 1348 435 1376 32
457 1339 591 1376 quaeritur
606 1341 630 1368 E
645 1341 671 1375 ψ
685 1348 837 1379 quaerumur

395 1393 436 1400 —
456 1379 525 1408 solet
538 1380 651 1415 slaesblent

395 1434 436 1441 —-
455 1427 484 1447 et
499 1420 522 1447 E
539 1420 568 1448 U
580 1421 604 1447 d.

401 1468 436 1496 33
458 1459 500 1487 ita
513 1460 536 1487 E
552 1460 582 1488 U
596 1461 648 1497 tsta

396 1513 437 1521 —
456 1498 636 1536 disputantur
649 1499 673 1528 E
688 1499 718 1528 U
731 1498 880 1536 disputatur

400 1548 438 1576 34
460 1539 649 1568 maturitatem
665 1539 690 1573 ψ
703 1541 834 1567 materiem

398 1587 434 1617 35
458 1578 486 1607 in
503 1587 587 1607 terras
603 1580 625 1607 E
640 1582 743 1607 intrans

396 1633 437 1640 -—
458 1617 546 1646 satum
562 1620 585 1647 E
601 1619 742 1656 Ufac‘lum

395 1673 436 1681 --
456 1658 569 1687 austum
585 1659 607 1687 E
621 1665 706 1688 adum

321 1709 375 1737 ¹²3
423 1707 434 1728 1
458 1707 580 1737 cumque
595 1701 618 1728 E
634 1700 663 1728 U
676 1700 832 1736 Quanquam

420 1738 438 1767 6
459 1739 537 1772 Dei;
566 1739 685 1777 ipfisque
706 1739 736 1767 in
757 1736 921 1766 hominibus
945 1736 1024 1765 nulla

501 1779 524 1806 E
539 1780 569 1807 de
582 1781 641 1818 ipfis
654 1781 751 1817 the
764 1777 914 1806 hominibus.
941 1776 1024 1805 Nulla

499 1819 525 1853 ψ
540 1821 593 1848 Dei
602 1831 612 1854 ;
633 1821 662 1848 de
680 1820 750 1857 ipfis,
771 1817 869 1855 Quian
882 1818 1022 1846 hominibus

498 1859 572 1888 nulla

398 1909 439 1962 Ξ
460 1900 647 1968 Ξὲὲῖιέἷζψ

404 1988 440 2008 ιο
459 1987 492 2007 ac
508 1979 602 2008 noscat
617 1979 641 2008 E
656 1979 685 2008 U
701 1979 830 2018 cognoſset

403 2028 413 2047 1
423 2028 434 2047 ι
458 2018 576 2058 ingenio
604 2028 748 2058 praeterea.
789 2018 835 2047 Est
863 2019 887 2047 E
915 2019 1023 2058 ingenio.

493 2067 623 2095 preterea

403 2107 437 2127 12
459 2108 544 2136 quam
558 2100 582 2127 E
597 2098 625 2127 U
641 2102 669 2128 d.

403 2147 436 2175 13
460 2139 546 2174 Qod
561 2139 583 2166 E
596 2140 667 2176 Qae

404 2186 441 2215 ¹4
461 2178 576 2216 propior
591 2179 614 2206 E
632 2178 660 2206 U
671 2181 746 2215 prior

398 2232 441 2240 —
460 2218 595 2256 cognatio
616 2218 638 2246 E
654 2218 683 2247 U
698 2221 806 2256 cog-itin

406 2257 442 2286 16
462 2259 589 2286 consulto
605 2259 627 2286 E
643 2258 671 2286 U
685 2259 791 2295 (οη-15111(

405 2306 440 2334 17
461 2305 527 2326 nata
541 2298 563 2326 E
579 2307 644 2326 nara
656 2300 701 2336 ff·

400 2351 442 2359 ·—
462 2337 557 2366 battis
571 2339 595 2366 E
609 2338 638 2366 U
651 2339 724 2367 bacis

405 2386 437 2406 21
461 2377 574 2406 imitata
586 2379 610 2406 E
624 2381 719 2407 innata

406 2425 444 2452 24
464 2417 549 2445 etiam
564 2418 587 2446 E
601 2426 626 2446 et

405 2465 443 2494 25
465 2454 596 2485 obscuras
609 2464 638 2485 et
653 2457 676 2485 E
692 2457 722 2486 U
736 2457 762 2492 ψ
775 2457 935 2494 obstaturam

406 2495 444 2525 26
464 2497 600 2525 enudavit
615 2497 638 2524 E
652 2499 800 2525 emendavit

406 2545 444 2575 29
465 2536 643 2576 cognationis
655 2537 679 2566 E
694 2539 841 2576 cognitionis

1080 1109 1133 1140 ¹²5

1165 343 1174 371 l

1115 392 1128 420 3
1155 363 1190 420 32
1213 381 1295 410 fimus
1310 381 1433 418 *fasianus

1076 431 1132 459 124
1177 432 1186 450 1
1213 422 1430 461 habisxtatesque
1445 422 1468 451 E
1482 421 1635 452 habilitate!

1174 471 1193 498 4
1214 471 1246 488 ac
1257 461 1284 489 E
1300 471 1376 500 atque

1152 516 1193 523 —-
1212 501 1246 528 iis
1262 502 1285 529 E
1299 502 1341 530 bis

1174 541 1192 569 6
1213 542 1289 578 quod
1306 541 1476 579 principium
1493 542 1522 571 U
1537 554 1607 581 quem
1616 547 1756 583 primiptm

1215 581 1248 608 iis
1264 582 1286 609 E
1303 582 1344 609 his

1158 591 1193 649 13
1215 620 1362 649 confirmat
1375 620 1402 657 ψ
1416 623 1582 660 confirmavit

1153 675 1194 682 —-
1214 659 1272 697 ipsa
1286 661 1308 688 E
1324 662 1375 698 ipſs

1152 715 1193 721 —
1213 699 1332 737 perficit.
1349 701 1374 733 ψ
1384 704 1492 738 perficit

1153 755 1194 762 -—
1214 748 1298 777 quam
1316 747 1345 768 tu
1362 740 1384 767 E
1401 741 1430 769 U
1444 740 1471 775 ψ
1485 752 1606 779 quantum

1158 781 1193 808 18
1215 778 1358 807 versantur
1373 780 1397 808 E
1413 780 1441 808 U
1449 780 1598 816 servantur

1157 829 1192 848 22
1215 828 1301 846 unum
1316 820 1341 853 ψ
1355 821 1382 848 d.

1152 869 1195 896 24
1215 859 1333 887 varietas
1348 858 1375 894 ψ
1387 863 1500 890 vanitas

1157 909 1191 937 25
1213 898 1334 936 caepiffet
1349 898 1376 933 ψ
1387 902 1482 937 cepfflt

1156 949 1192 973 27
1215 948 1312 967 omnes
1327 939 1351 967 E
1364 939 1390 973 ψ
1403 943 1484 968 omnis

1155 981 1194 1009 28
1217 978 1302 1017 Quod
1318 980 1341 1007 E
1354 979 1430 1015 Qid

1158 1029 1195 1057 29
1216 1027 1313 1047 omnes
1328 1019 1351 1046 E
1366 1022 1445 1047 omnis

1158 1068 1192 1096 33
1216 1067 1276 1096 par.
1305 1059 1381 1087 Nam
1398 1060 1420 1086 E
1437 1057 1536 1097 dapar.
1553 1068 1653 1092 natura

1182 1108 1192 1128 1
1215 1098 1344 1127 omnium
1358 1099 1384 1134 ψ
1398 1100 1511 1128 am'mum

1178 1148 1195 1167 2
1217 1138 1246 1167 in
1262 1138 1287 1173 ψ
1301 1140 1328 1166 d.

1155 1192 1197 1201 —·
1216 1178 1408 1216 interpresque
1422 1179 1445 1207 Ε
1461 1180 1491 1208 U
1502 1181 1697 1221 interprgffaque

1179 1228 1193 1256 3
1217 1218 1318 1246 mentis
1333 1219 1356 1247 E
1373 1220 1402 1248 U
1416 1221 1441 1254 ψ
1455 1220 1581 1249 mentibus

1156 1273 1197 1280 —
1217 1258 1307 1286 oratio
1321 1258 1346 1294 ψ
1362 1262 1432 1288 ratio

1177 1307 1197 1334 4
1217 1298 1318 1326 ducem
1333 1299 1358 1332 ψ
1372 1300 1454 1328 datm
1466 1309 1589 1330 naturam

1177 1338 1196 1366 6
1217 1337 1302 1365 etiam
1318 1338 1341 1365 E
1357 1339 1383 1366 d.

1156 1392 1197 1400 -—
1216 1377 1404 1415 pravitatibus
1417 1379 1443 1413 ψ
1452 1382 1553 1419 pravis
1567 1380 1669 1411 adibm

1179 1427 1195 1454 7
1217 1425 1246 1446 et
1260 1418 1283 1445 E
1295 1424 1324 1445 ut

1157 1472 1197 1480 —
1217 1466 1314 1485 ornnes
1328 1458 1352 1486 E
1367 1460 1445 1488 omnis

1180 1498 1197 1525 8
1219 1507 1284 1534 quae
1298 1498 1321 1525 E
1335 1506 1358 1525 et
1372 1509 1431 1535 que

1159 1552 1198 1559 —
1217 1536 1304 1564 firnile
1318 1537 1342 1570 ᾧ
1358 1538 1383 1563 d.

1180 1586 1197 1615 9
1219 1576 1352 1605 naturalis
1367 1576 1455 1606 boni:
1481 1577 1598 1609 lenitate
1612 1581 1650 1610 est
1663 1582 1738 1611 enim
1756 1583 1780 1612 E

1259 1616 1378 1644 naturali
1402 1617 1462 1646 bono
1483 1618 1604 1649 levitatis
1628 1622 1658 1651 U
1677 1632 1781 1652 nalurae

1256 1657 1299 1684 hae
1312 1655 1379 1684 libra
1391 1668 1420 1685 ne
1433 1657 1548 1687 lenitatis
1561 1664 1626 1689 enim
1647 1671 1670 1691 et
1683 1665 1782 1698 fitavi-

1256 1699 1322 1725 meis
1334 1697 1364 1724 id
1382 1699 1462 1725 eciam

1157 1751 1199 1758 —
1218 1735 1336 1764 lenitate
1351 1736 1378 1771 ψ
1392 1736 1507 1766 lenitatis

1159 1792 1199 1799 -
1222 1776 1357 1805 suavitate
1372 1777 1558 1813 spfimvitatis

1164 1827 1200 1853 ¹4
1220 1826 1390 1854 propterque
1405 1818 1427 1845 E
1440 1818 1468 1846 U
1478 1826 1585 1857 propter
1595 1831 1654 1859 quae
1667 1820 1707 1850 ad

1164 1866 1196 1896 ις
1221 1856 1296 1885 beati
1311 1857 1333 1884 E
1348 1857 1378 1884 hi

1159 1912 1199 1965 ῖᾱ
1219 1896 1489 1965 {25221'3322E2Uffl
1498 1898 1610 1946 ‘'³¹⁰⁷'‘

1221 1950 1228 1965 1
1491 1950 1521 1967 m

1159 1993 1200 1999 —
1219 1977 1389 2014 cupiditates
1409 1977 1431 2004 E
1446 1977 1476 2005 U
1487 1979 1514 2007 d.

1158 2032 1199 2041 ·-
1221 2017 1346 2045 similiter
1362 2018 1385 2045 E
1401 2019 1479 2045 etiam

1164 2066 1198 2093 ¹7
1221 2066 1271 2085 nec
1287 2057 1310 2085 E
1326 2057 1355 2085 U
1370 2067 1399 2084 ne

1162 2107 1199 2126 22
1221 2106 1255 2124 ex
1271 2098 1292 2125 E
1307 2107 1336 2124 ea

1163 2146 1202 2173 24
1220 2136 1317 2164 efficit.
1349 2137 1421 2176 Qae
1444 2136 1464 2164 fi
1487 2136 1653 2175 approbatis
1673 2139 1696 2168 E
1711 2140 1786 2178 efficit

1260 2177 1335 2215 quast
1343 2178 1512 2214 approbantes

1162 2225 1197 2255 25
1220 2216 1333 2253 reliqua
1345 2217 1367 2244 E
1383 2216 1495 2255 reliquas

1160 2271 1202 2279 —-
1223 2255 1260 2283 fin
1275 2255 1346 2293 quid
1362 2258 1384 2284 E
1401 2264 1430 2284 ut
1443 2258 1510 2295 quod

1164 2306 1200 2334 27
1223 2296 1312 2334 igitur
1325 2297 1347 2324 Ε
1360 2298 1458 2334 Quinte

1162 2351 1203 2359 -
1223 2336 1260 2363 ab
1274 2336 1299 2370 ψ
1313 2338 1340 2363 d.

1166 2377 1201 2404 28
1223 2384 1330 2409 omnes,
1342 2376 1430 2413 justos
1446 2377 1469 2405 E
1482 2380 1559 2406 omnis
1573 2381 1607 2407 eis
1621 2378 1664 2407 bos

1161 2430 1203 2438 —-
1223 2425 1272 2444 nos
1288 2416 1309 2444 E
1325 2416 1351 2451 ψ
1363 2417 1389 2444 d.

1166 2465 1203 2494 30
1223 2464 1351 2484 naturam
1364 2456 1393 2484 U
1407 2467 1498 2486 verum

1166 2505 1201 2534 33
1224 2496 1296 2524 nihil
1311 2496 1334 2525 E
1349 2505 1376 2525 ut
1390 2497 1459 2524 mhil
