2223 3003
695 230 974 271 LIBER
1032 229 1458 270 TERTIUS.
1708 241 1782 284 259

378 331 614 385 adjunxerit,
644 343 693 368 an
722 329 842 375 secus,
874 329 920 367 de
951 342 996 367 eo
1026 327 1176 367 fortaffe
1204 326 1388 381 disputari
1406 326 1542 380 potest.
1574 326 1681 365 Nam
1713 327 1787 364 sive

382 398 601 444 honestum,
624 397 750 436 solum
770 397 919 435 bonum
939 396 1005 441 est,
1027 405 1071 434 ut
1091 395 1227 434 Stoicis
1247 395 1373 448 placet
1388 413 1400 439 5
1433 394 1506 433 five
1522 394 1626 446 quod
1646 392 1785 432 hones-

383 475 471 504 tum
489 465 554 511 est,
575 465 616 503 id
635 465 688 502 ita
707 463 905 502 summurn
926 463 1074 500 bonum
1091 461 1156 507 est,
1173 461 1505 514 quemadmodum
1524 460 1787 513 Peripateticis

383 531 514 570 vestris
536 531 698 575 videtur,
730 538 774 567 ut
801 528 946 572 omnia,
978 541 1024 566 ex
1045 527 1160 565 altera
1179 537 1283 579 parte
1303 527 1501 572 collocata,
1535 527 1599 565 vix
1630 527 1789 565 minimi

385 598 579 636 momenti
597 596 711 634 instar
730 593 926 638 habeant;
958 592 1218 630 dubitandum
1249 606 1327 630 non
1358 593 1423 636 est,
1455 593 1551 644 quin
1589 605 1790 645 nunquam

386 664 498 717 poffit
518 661 662 700 utilitas
692 672 784 697 cum
815 657 1010 696 honestate
1040 657 1282 696 contendere.
1325 658 1460 709 Itaque
1480 659 1699 711 accepimus
1720 661 1790 697 So-

387 738 533 767 cratem
552 725 735 765 exsecrari
755 724 912 763 solitum
931 737 1010 770 eos,
1042 724 1111 777 qui
1130 723 1304 776 primum
1324 721 1420 768 haec,
1442 724 1576 762 natura
1595 723 1790 764 cohaeren-

386 795 453 840 tia,
474 793 656 848 opinione
676 789 951 829 distraxiss'ent:
973 790 1050 828 Cui
1071 789 1231 843 quidem
1251 789 1305 827 ita
1323 788 1412 827 sunt
1432 788 1551 827 Stoici
1570 789 1711 834 affenfi,
1733 799 1790 835 ut,

389 859 581 914 quidquid
595 858 799 897 honestum
820 858 922 904 esset,
954 857 995 896 id
1015 857 1110 896 utile
1129 855 1200 896 effe
1219 855 1413 895 censerent
1427 874 1440 902 3
1472 869 1542 894 nec
1562 856 1656 894 utile
1676 856 1792 909 quid-

386 941 520 982 quam,
542 926 647 980 quod
667 941 746 964 non
764 925 984 965 honestum.

444 995 564 1047 Qod
583 994 610 1032 fi
642 994 674 1032 is
694 992 783 1032 esset
815 994 1018 1038 Panaetius,
1053 993 1122 1045 qui
1152 993 1336 1031 virtutem
1363 1000 1562 1046 propterea
1593 990 1795 1030 colendam

389 1063 547 1107 diceret,
589 1061 694 1114 quod
725 1074 766 1099 ea
795 1061 964 1099 efficiens
991 1060 1169 1099 utilitatis
1199 1059 1301 1105 esset,
1334 1068 1378 1097 ut
1407 1060 1450 1105 ii,
1487 1060 1556 1112 qui
1589 1072 1646 1097 res
1677 1072 1795 1112 expe-

390 1130 523 1169 tendas
554 1128 614 1167 vel
645 1128 853 1181 voluptate,
885 1128 946 1165 vel
977 1127 1188 1166 indolentia
1206 1127 1450 1172 metiuntur3
1482 1127 1615 1165 liceret
1634 1126 1668 1163 ei
1689 1125 1796 1163 dice-

392 1210 446 1241 re,
482 1195 690 1234 utilitatem
721 1193 927 1246 aliquando
957 1207 1050 1232 cum
1071 1193 1467 1246 honestate-pugnare.
1514 1193 1600 1237 Sed,
1635 1205 1728 1230 curn
1754 1191 1800 1229 fit

391 1264 438 1308 is,
470 1263 538 1314 qui
560 1263 599 1300 id
619 1261 744 1301 solum
774 1261 924 1300 bonum
948 1261 1114 1313 judicet,
1146 1260 1252 1313 quod
1285 1260 1490 1300 honestum
1511 1260 1556 1298 sit
1571 1278 1583 1305 ς
1616 1272 1700 1312 quae
1729 1271 1799 1295 au-

393 1339 475 1368 tem
507 1327 600 1367 huic
636 1321 854 1381 repugnent
891 1327 1015 1381 specie
1049 1327 1214 1380 quadam
1249 1327 1456 1371 utilitatis,
1496 1339 1631 1364 eorum
1676 1338 1801 1377 neque

393 1395 600 1434 acceffione
633 1394 836 1433 meliorem
870 1394 990 1432 vitam
1023 1393 1119 1438 fieri,
1150 1407 1220 1431 nec
1251 1393 1460 1431 deceffione
1490 1393 1661 1445 pejorem
1678 1411 1691 1437 5
1723 1405 1803 1430 non

393 1462 546 1502 videtur
575 1461 763 1514 ejusmodi
794 1460 960 1500 debuisse
994 1460 1311 1499 deliberationem
1340 1459 1595 1505 introducere,
1634 1459 1676 1497 in
1712 1471 1802 1511 qua,

397 1528 503 1582 quod
534 1527 630 1565 utile
659 1527 865 1572 videretur,
901 1541 993 1565 cum
1017 1541 1077 1572 eo,
1122 1527 1227 1579 quod
1264 1525 1471 1565 honestum
1502 1526 1569 1570 est,
1600 1538 1802 1578 compara-

399 1605 515 1634 retur.
547 1594 722 1639 Etenim,
746 1593 850 1646 quod
871 1593 1071 1632 summum
1092 1594 1241 1632 bonum
1261 1607 1281 1631 a
1302 1593 1439 1631 Stoicis
1472 1592 1627 1636 dicitur,
1661 1593 1803 1630 Conve-

397 1663 537 1701 nienter
566 1671 714 1699 naturae
743 1661 883 1705 vivere,
915 1660 954 1698 id
985 1659 1101 1697 habet
1134 1658 1249 1703 hanc,
1289 1667 1332 1696 ut
1370 1659 1521 1711 opinor,
1563 1658 1804 1704 sententiam,

399 1743 492 1768 cum
523 1729 664 1766 virtute
689 1741 898 1780 congruere
929 1727 1104 1779 semper:
1137 1735 1269 1764 caetera
1299 1734 1443 1770 autem,
1478 1739 1563 1778 quae
1594 1725 1807 1763 secundum

399 1806 578 1835 naturam
596 1794 726 1839 effent,
758 1794 811 1831 ita
831 1794 969 1846 legere,
998 1792 1024 1831 fi
1044 1806 1086 1831 ea
1105 1793 1239 1830 virtuti
1259 1805 1337 1830 non
1371 1801 1640 1845 repugnarent.
1688 1791 1808 1844 Qod

400 1875 495 1900 cum
529 1862 582 1898 ita
612 1860 670 1905 fit,
705 1868 843 1913 putant
876 1859 1049 1911 quidam,
1094 1857 1194 1896 hanc
1227 1859 1556 1910 comparationem
1591 1871 1669 1896 non
1709 1859 1809 1896 recte

401 1927 676 1971 introductam,
708 1939 779 1964 nec
797 1927 959 1964 omnino
982 1925 1029 1962 de
1048 1937 1094 1963 eo
1112 1937 1249 1977 genere
1270 1924 1485 1976 quidquam
1506 1923 1811 1977 praecipiendum

402 1993 526 2033 fuisse.
557 1995 691 2046 Atque
710 1992 809 2030 illud
829 1991 990 2045 quidem
1010 1989 1231 2036 honestum,
1262 1990 1367 2043 quod
1387 1991 1540 2043 proprie
1565 2004 1729 2042 vereque
1749 1991 1810 2028 di-

402 2061 516 2104 citur,
547 2059 587 2096 id
607 2059 649 2097 in
668 2057 902 2111 sapientibus
930 2057 982 2096 est
1002 2056 1104 2102 solis,
1135 2069 1259 2109 neque
1279 2069 1300 2094 a
1327 2057 1468 2094 virtute
1487 2055 1619 2093 divelli
1639 2069 1813 2108 unquam

403 2125 550 2179 potest3
582 2125 623 2163 in
643 2126 689 2163 iis
710 2135 854 2170 autem,
887 2125 928 2163 in
949 2124 1091 2177 quibus
1112 2122 1292 2175 sapientia
1313 2121 1478 2174 perfecta
1504 2135 1582 2160 non
1598 2121 1664 2166 est,
1687 2121 1813 2175 ipsum

405 2192 504 2231 illud
536 2191 697 2243 quidem
724 2190 939 2243 perfectum
969 2189 1189 2233 honestum,
1221 2187 1330 2226 nullo
1359 2187 1475 2226 modo
1491 2206 1504 2233 3
1541 2187 1813 2228 similitudines

404 2258 554 2298 honesti
574 2257 645 2296 effe
663 2256 829 2310 possunt.

463 2327 561 2365 Haec
593 2325 700 2363 enim
731 2325 862 2362 omnia
897 2323 1037 2368 officia,
1075 2322 1120 2360 de
1151 2322 1294 2374 quibus
1324 2321 1385 2360 his
1418 2322 1526 2361 libris
1560 2322 1814 2376 disputamus,

408 2392 535 2429 media
555 2391 674 2429 Stoici
695 2390 900 2443 appellant.
934 2390 990 2427 Ea
1011 2388 1237 2427 communia
1263 2388 1363 2433 sunt,
1384 2398 1422 2426 et
1449 2388 1522 2426 late
1543 2398 1700 2441 patent;
1733 2403 1817 2440 quae

411 2465 450 2494 et
480 2457 626 2510 ingenii
656 2457 828 2495 bonitate
862 2455 980 2494 multi
1006 2455 1263 2507 assequuntur,
1296 2465 1334 2493 et
1354 2455 1609 2509 progreffione
1631 2455 1815 2494 discendi.

413 2521 518 2560 Illud
536 2533 665 2561 autem
691 2523 882 2568 officium,
914 2522 1018 2575 quod
1050 2523 1197 2560 rectum
1217 2522 1337 2559 iidem
1364 2522 1571 2574 appellant,
1602 2521 1818 2575 perfectum

413 2597 529 2642 atque
548 2588 768 2629 absolutum
788 2589 840 2629 est
846 2608 860 2637 5
882 2599 934 2636 et,
958 2599 1000 2629 ut
1018 2589 1137 2628 iidem
1158 2588 1307 2635 dicunt,
1327 2602 1460 2628 omnes
1478 2602 1658 2628 numeros
1678 2586 1817 2633 habet5

1369 2655 1516 2695 Kkz
