2223 3003
467 239 551 280 270
727 207 730 209 *
868 222 973 260 DE
1045 219 1471 260 OFF1011s

469 324 511 362 in
533 321 673 376 quibus
703 318 870 372 publicae
904 317 1082 355 utilitatis
1102 316 1242 370 species
1272 330 1348 369 prae
1371 315 1565 355 honestate
1594 318 1869 358 contemnitur.

472 388 590 427 Plena
608 384 878 437 exemplorum
898 383 952 421 est
971 382 1095 421 nostra
1113 381 1339 435 respublica,
1361 395 1455 421 cum
1475 381 1583 436 saepe,
1601 390 1687 422 tum
1706 383 1875 422 maxime

472 453 575 493 bello
596 451 743 491 Punico
769 448 962 488 secundo:
993 463 1094 502 quae,
1115 448 1306 488 Cannensi
1325 448 1542 487 calamitate
1561 448 1729 502 accepta,
1750 449 1874 501 maj0-

471 533 527 558 res
549 519 696 556 animos
715 516 868 561 habuit,
893 529 1012 568 quam
1032 529 1207 568 unquam
1229 515 1340 554 rebus
1361 513 1535 554 secundis
1551 533 1564 561 3
1597 514 1704 554 nulla
1724 515 1875 554 timoris

470 584 711 638 significatio,
734 581 840 621 nulla
860 582 1009 621 mentio
1027 582 1145 635 pacis.
1168 583 1296 620 Tanta
1315 581 1370 620 vis
1391 581 1444 620 est
1462 580 1626 627 honesti,
1648 589 1692 620 ut
1711 580 1877 634 speciem

470 651 648 690 utilitatis
667 648 858 688 obscuret.

524 715 792 759 Athenienses,
814 727 908 752 cum
925 713 1122 753 Persarum
1143 713 1338 766 impetum
1358 714 1469 752 nullo
1486 713 1604 752 modo
1624 712 1772 766 possent
1798 711 1878 751 sus-

470 784 604 828 tinere,
626 782 920 832 statueremque,
943 788 1000 824 ut,
1022 779 1116 817 urbe
1136 779 1278 824 relicta,
1300 779 1531 832 conjugibus
1551 789 1589 817 et
1610 779 1739 818 liberis
1759 780 1878 817 Troe-

471 863 565 888 zene
583 848 775 901 depositis,
807 858 919 883 naves
941 844 1251 889 conscenderent,
1271 845 1568 898 libertatemque
1590 846 1748 884 Graeciae
1769 843 1880 883 classe

470 915 733 957 defenderent,
765 910 960 963 Cyrfilum
995 909 1204 961 quendam,
1240 909 1474 955 suadentem,
1516 919 1559 948 ut
1590 912 1630 949 in
1666 912 1759 949 urbe
1790 924 1875 949 ma-

471 990 617 1025 nerent,
640 981 887 1029 Xerxemque
908 977 1132 1029 reciperent,
1154 975 1347 1028 lapidibus
1373 975 1599 1014 obruerunt.
1645 978 1778 1029 Atque
1812 977 1878 1015 ille

471 1047 680 1085 utilitatem
699 1043 807 1097 sequi
832 1041 1032 1081 videbatur
1049 1055 1058 1081 :
1090 1040 1154 1080 sed
1173 1054 1215 1081 ea
1240 1041 1346 1080 nulla
1365 1050 1456 1088 erat,
1478 1051 1716 1095 repugnante
1735 1041 1875 1081 hones-

471 1123 561 1152 tate.

527 1179 812 1219 Themistocles
852 1179 936 1233 post
974 1178 1174 1218 vistoriam
1217 1179 1298 1231 ejus
1339 1178 1446 1224 belli,
1486 1178 1592 1232 quod
1630 1191 1724 1216 cum
1758 1176 1878 1216 Perfis

469 1246 562 1291 fuit,
584 1247 683 1284 dixit
703 1247 744 1284 in
765 1246 967 1290 concione,
1000 1244 1035 1282 se
1063 1243 1203 1283 habere
1223 1245 1428 1283 confilium
1458 1243 1679 1297 reipublicae
1705 1243 1878 1287 salutare,

471 1312 534 1351 sed
555 1311 595 1349 id
615 1311 699 1350 sciri
719 1324 816 1364 opus
837 1324 915 1349 non
945 1309 1029 1348 effe.
1081 1310 1304 1354 Postulavit,
1337 1318 1379 1347 ut
1410 1309 1579 1362 aliquem
1611 1308 1778 1362 populus
1810 1307 1878 1346 da-

471 1387 542 1423 ret,
564 1378 727 1431 quicum
747 1376 1068 1415 communicaret.
1101 1376 1226 1414 Datus
1247 1376 1299 1414 est
1320 1375 1518 1414 Aristides.
1551 1375 1660 1414 Huic
1680 1375 1760 1420 ille,
1782 1373 1879 1412 clas-

471 1445 550 1483 sem
579 1443 980 1487 Lacedaemoniorum,
1011 1456 1096 1494 quae
1122 1442 1306 1480 subdu&a
1334 1441 1423 1480 effet
1449 1443 1494 1480 ad
1527 1440 1746 1493 Gytheum,
1777 1441 1881 1478 clam

470 1511 625 1549 incendi
646 1509 748 1563 poffe
764 1527 776 1554 ;
808 1522 887 1561 quo
916 1507 1017 1546 faCto
1047 1507 1174 1560 frangi
1206 1507 1588 1546 Lacedaernoniorum
1616 1519 1707 1559 opes
1737 1505 1883 1544 neceffe

471 1576 574 1615 effet.
608 1575 726 1628 Qod
746 1573 932 1612 Aristides
951 1587 1043 1612 cum
1065 1572 1236 1618 audisset,
1267 1573 1307 1610 in
1327 1573 1557 1611 concionem
1579 1585 1719 1625 magna
1738 1585 1882 1624 expec-

471 1643 616 1681 tatione
642 1641 746 1679 venit
762 1658 774 1685 ς
806 1639 998 1692 dixitque,
1030 1639 1194 1692 perutile
1214 1637 1286 1677 effe
1317 1638 1537 1684 confilium,
1568 1639 1673 1691 quod
1694 1637 1881 1677 Themis-

471 1709 590 1748 tocles
611 1707 774 1752 afferret,
806 1706 867 1744 sed
889 1706 1054 1744 minime
1074 1704 1295 1744 honestum.
1330 1705 1465 1758 Itaque
1485 1703 1753 1749 Athenienses,
1776 1704 1881 1758 quod

471 1774 678 1813 honestum
713 1786 790 1811 non
811 1771 914 1818 effet,
944 1772 984 1810 id
1022 1784 1069 1810 ne
1089 1771 1184 1810 utile
1203 1771 1364 1825 quidem
1390 1780 1647 1824 putaverunt;
1680 1779 1880 1823 totamque

472 1858 556 1882 cam
579 1857 674 1888 rem,
707 1856 824 1895 quam
846 1855 894 1880 ne
914 1841 1111 1879 audierant
1131 1841 1308 1893 quidem,
1339 1842 1490 1879 auctore
1512 1840 1677 1879 Aristide
1703 1839 1880 1893 repudia-

474 1918 625 1948 verunt.
673 1908 821 1946 Melius
842 1906 899 1952 hi,
934 1920 1053 1959 quam
1084 1919 1169 1950 nOS,
1201 1906 1270 1958 qui
1301 1906 1456 1959 piratas,
1489 1907 1713 1952 immunes,
1746 1906 1880 1950 socios,

472 1975 674 2027 vectigales
696 1972 898 2011 habemus.

529 2043 622 2080 XII.
656 2041 815 2079 Maneat
845 2053 950 2093 ergo,
981 2040 1087 2093 quod
1119 2049 1229 2094 turpe
1250 2039 1308 2085 fit,
1341 2039 1379 2078 id
1410 2053 1611 2093 nunquam
1645 2038 1716 2078 effe
1751 2038 1879 2084 utilc;

475 2123 522 2148 ne
544 2119 628 2147 tum
650 2107 825 2160 quidem,
847 2121 939 2145 cum
961 2107 1014 2151 id,
1046 2107 1150 2160 quod
1169 2106 1239 2145 effe
1261 2107 1354 2145 utile
1375 2116 1500 2160 putes,
1521 2106 1738 2160 adipiscare.
1791 2106 1882 2144 Hoc

473 2176 578 2214 enim
602 2174 727 2227 ipsum
750 2173 845 2211 utile
866 2183 1012 2226 putare,
1047 2173 1154 2225 quod
1175 2183 1285 2226 turpe
1306 2173 1364 2218 sit,
1399 2172 1668 2212 calamitosum
1698 2171 1763 2210 est.
1810 2171 1883 2210 Sed

474 2241 666 2284 incidunt,
710 2248 752 2277 ut
786 2238 894 2291 supra
926 2238 1022 2284 dixi,
1054 2232 1148 2292 saepe
1182 2238 1313 2283 causae,
1354 2252 1446 2277 cum
1485 2251 1695 2292 repugnare
1735 2237 1881 2275 utilitas

474 2306 658 2345 honestati
692 2305 879 2350 videatur,
912 2314 954 2342 ut
984 2305 1368 2343 animadvertendum
1402 2305 1458 2348 sit,
1488 2313 1721 2357 repugnetne
1756 2303 1880 2356 plane,

474 2387 521 2412 an
554 2372 663 2425 pollit
690 2385 782 2409 cum
813 2369 1007 2409 honestate
1041 2371 1239 2424 conjungi.
1284 2372 1378 2423 Ejus
1399 2370 1548 2423 generis
1568 2368 1626 2407 ha:
1659 2368 1743 2407 sunt
1774 2383 1882 2421 quac-

475 2439 638 2482 stiones;
662 2437 699 2475 Si
723 2436 907 2490 (exempli
929 2438 1065 2489 gratia)
1088 2438 1145 2476 vir
1166 2437 1289 2476 bonus
1311 2435 1543 2475 Alexandria
1561 2433 1748 2473 Rhodum
1769 2449 1881 2488 mag-

473 2519 572 2545 num
606 2502 792 2542 frumenti
833 2517 1040 2542 numerum
1078 2503 1270 2542 advexerit
1310 2502 1348 2540 in
1389 2500 1637 2540 Rhodiorum
1678 2500 1807 2554 inopia
1844 2509 1883 2539 ct

468 2571 590 2618 sime,
633 2570 860 2625 summaque
895 2584 1054 2610 annona:
1089 2570 1244 2611 caritate
1257 2588 1270 2617 3
1316 2569 1342 2609 si
1382 2569 1487 2622 idem
1515 2568 1622 2616 sciat,
1662 2568 1883 2623 complures
