2223 3003
427 237 503 292 233
824 237 924 274 DE
999 235 1426 275 OFF1clls

479 337 552 375 XI.
587 337 691 386 Ergo
711 342 747 371 et
773 331 854 370 haec
876 332 995 370 animi
1016 331 1260 384 despicientia
1278 332 1617 373 admirabilitatem
1644 348 1824 389 magnam

420 402 518 440 -faeit
530 421 541 447 ;
573 411 609 438 et
631 400 798 437 maxime
812 398 959 450 justitia
987 398 1050 450 (ex
1071 412 1147 451 qua
1166 413 1243 438 una
1261 399 1403 437 virtute
1422 401 1493 438 viri
1514 401 1608 440 boni
1627 402 1824 456 appellan-

423 470 503 519 tur)
535 466 697 505 mirifica
717 464 891 516 quaedam
914 478 970 503 res
991 465 1237 504 multitudini
1257 465 1408 505 videtur
1419 484 1431 511 ς
1455 481 1524 506 nec
1545 468 1698 521 injuria.
1739 469 1826 508 Ne-

424 548 490 572 mo
510 533 612 571 enim
639 531 763 584 justus
784 530 855 569 ess‘e
875 531 1011 584 potest,
1043 533 1110 584 qui
1130 542 1311 578 mortem,
1342 535 1411 586 qui
1442 533 1630 580 dolorem,
1651 535 1720 587 qui
1742 535 1826 574 exi-

423 600 536 644 lium,
567 598 635 650 qui
665 597 870 650 egestatem
902 597 1027 642 timet,
1063 607 1128 636 aut
1151 599 1218 651 qui
1245 612 1300 644 ea,
1331 613 1416 652 quae
1436 599 1523 638 sunt
1542 599 1603 638 his
1624 601 1825 646 contraria,

423 665 594 718 aequitati
628 663 854 716 anteponit:
887 664 1135 716 maximeque
1168 665 1406 704 admirantur
1439 680 1545 711 eum,
1576 667 1644 719 qui
1665 668 1828 720 pecunia

424 745 502 771 non
523 739 725 770 movetur:
758 730 862 787 quod
883 731 920 767 in
943 744 1022 782 quo
1041 732 1123 769 viro
1143 731 1383 784 perspectum
1404 733 1463 779 sit,
1491 732 1597 772 hunc
1617 734 1700 787 igni
1720 733 1827 787 spec-

423 807 550 836 tatum
569 797 813 834 arbitrantur.
836 796 970 847 Itaque
990 796 1055 833 illa
1072 797 1156 841 tria,
1173 811 1257 849 quae
1272 799 1462 851 proposita
1476 799 1564 837 sunt
1582 799 1628 837 ad
1648 799 1826 852 gloriam,

423 864 556 903 omnia
581 862 729 914 justitia
760 860 919 898 conficit
936 879 948 905 3
979 870 1018 898 et
1053 861 1375 908 benevolentiam,
1412 866 1516 917 quod
1548 865 1714 918 prodefl‘e
1744 866 1828 904 vult

424 929 603 982 plurimis
621 947 632 972 ς
664 937 702 965 et
722 927 772 965 ob
790 926 949 964 eandem
970 927 1135 972 causam,
1158 927 1275 966 fidem
1293 947 1304 973 ;
1335 939 1374 967 et
1392 930 1701 977 admirationem,
1723 932 1828 985 quod

423 1009 483 1033 eas
506 1007 561 1032 res
582 993 726 1047 spernit
755 1001 793 1030 et
815 992 992 1045 negligit,
1028 993 1074 1031 ad
1094 1006 1187 1047 quas
1207 995 1380 1048 plerique
1399 995 1631 1035 inflammati
1651 998 1829 1036 aviditate

423 1061 638 1115 rapiuntur.

478 1129 539 1164 Ac
572 1138 657 1164 mea
687 1124 848 1178 quidem
879 1124 1063 1164 sententia
1093 1126 1222 1165 omnis
1253 1126 1349 1166 ratio
1380 1136 1495 1181 atque
1524 1127 1714 1167 institutio
1743 1129 1830 1167 vitae

423 1192 646 1244 adjumenta
676 1190 887 1229 hominum
922 1191 1102 1230 desiderat
1117 1211 1129 1237 ς
1161 1193 1201 1230 in
1228 1193 1453 1246 primisque,
1486 1203 1528 1232 ut
1548 1192 1700 1239 habeas,
1737 1195 1828 1247 qui-

424 1257 587 1297 buscum
619 1257 731 1310 poffis
762 1255 968 1295 familiares
1000 1257 1173 1296 conferre
1194 1258 1409 1304 sermones;
1441 1259 1546 1312 quod
1571 1259 1624 1298 est
1655 1260 1829 1305 difficile,

423 1324 492 1362 nifi
515 1323 679 1376 speciem
700 1337 776 1375 prae
797 1332 833 1360 te
854 1323 948 1360 boni
968 1323 1039 1361 viri
1059 1322 1170 1361 feras.
1203 1324 1309 1377 Ergo
1328 1325 1445 1363 etiarn
1473 1324 1639 1363 solitario
1660 1324 1828 1371 homini,

422 1399 538 1442 atque
559 1390 598 1428 in
621 1402 712 1442 agro
731 1389 851 1427 vitam
871 1389 1013 1441 agenti,
1045 1389 1178 1442 opinio
1197 1390 1354 1442 justitiae
1374 1391 1572 1430 necessaria
1591 1391 1643 1430 est
1661 1411 1671 1437 ;
1708 1406 1831 1445 eoque

422 1457 541 1494 etiam
561 1455 697 1508 magis,
730 1454 850 1507 quod,
884 1454 908 1492 fi
930 1468 1014 1493 eam
1040 1469 1118 1493 non
1149 1454 1364 1501 habebunt,
1396 1457 1527 1508 injusti
1558 1457 1830 1498 habebuntur:

424 1522 542 1559 nullis
562 1521 742 1574 praesidiis
763 1520 872 1573 septi,
895 1520 1030 1559 multis
1051 1521 1267 1559 afficientur
1288 1521 1452 1573 injuriis.

479 1589 613 1640 Atque
651 1587 697 1624 iis
731 1586 861 1631 etiam,
903 1587 972 1641 qui
1002 1587 1188 1632 vendunt,
1224 1597 1375 1633 emunt,
1411 1588 1650 1635 conducunt,
1687 1590 1830 1637 locant,

424 1652 770 1705 contrahendisque
800 1652 964 1705 negotiis
999 1652 1262 1706 implicantur,
1306 1654 1454 1708 justitia
1492 1655 1538 1694 ad
1575 1669 1657 1694 rem
1695 1670 1832 1710 geren·

425 1721 514 1758 dam
537 1719 734 1758 necessaria
766 1718 845 1763 est;
877 1719 986 1771 cujus
1018 1728 1120 1758 tanta
1140 1721 1195 1758 vis
1216 1720 1282 1765 est,
1314 1730 1357 1759 ut
1388 1734 1436 1759 ne
1463 1721 1522 1759 illi
1550 1723 1726 1774 quidem,
1762 1723 1832 1776 qui

425 1785 616 1824 maleficio
635 1794 672 1823 et
693 1784 829 1823 scelere
849 1784 1067 1838 pascuntur,
1097 1786 1236 1838 possint
1255 1786 1333 1825 fine
1354 1787 1433 1825 ulla
1463 1788 1649 1840 particula
1673 1789 1833 1841 justitiae

425 1852 562 1889 vivere.
607 1851 729 1894 Nam,
763 1851 831 1902 qui
851 1864 984 1888 eorum
1005 1852 1190 1904 cuipiam,
1221 1853 1289 1905 qui
1311 1867 1385 1891 una
1405 1853 1694 1899 latrocinantur,
1724 1854 1831 1893 fura-

426 1926 489 1955 tur
508 1916 669 1968 aliquid,
700 1923 764 1952 aut
784 1915 911 1967 eripit,
942 1915 973 1953 is
1005 1915 1073 1953 fibi
1095 1929 1141 1953 ne
1171 1916 1211 1953 in
1234 1917 1435 1955 latrocinio
1455 1919 1615 1969 quidem
1648 1919 1832 1971 relinquit

426 1983 573 2020 locum.
635 1981 704 2020 Ille
741 1990 885 2026 autem,
923 1981 991 2033 qui
1031 1980 1257 2035 archipirata
1295 1983 1450 2028 dicitur,
1494 1984 1561 2022 nisi
1597 1985 1832 2037 aequabiliter

427 2047 591 2100 praedam
613 2047 821 2100 dispertiat,
852 2056 916 2085 aut
947 2047 1138 2086 occiditur
1157 2062 1177 2086 a
1198 2048 1321 2094 sociis,
1353 2059 1416 2087 aut
1439 2049 1682 2103 relinquitur.
1721 2052 1831 2107 Qin

425 2115 542 2152 etiam
564 2113 665 2166 leges
698 2112 891 2150 latronum
922 2112 993 2150 esse
1024 2113 1220 2159 dicuntur,
1252 2115 1394 2167 quibus
1430 2126 1597 2168 pareant,
1634 2130 1726 2169 quas
1758 2117 1832 2156 ob-

429 2180 586 2218 servent.
631 2179 780 2231 Itaque,
808 2188 964 2231 propter
984 2179 1212 2231 aequabilem
1236 2181 1368 2233 praedae
1388 2182 1650 2234 partitionem,
1680 2192 1717 2221 et
1739 2184 1832 2221 Bar-

427 2246 525 2297 dylis
564 2245 715 2296 Illyrius
756 2244 864 2290 latro,
897 2245 942 2282 de
970 2258 1048 2297 quo
1087 2244 1138 2283 est
1177 2246 1276 2298 apud
1308 2246 1630 2301 Theopompum,
1676 2261 1832 2301 magnas

427 2325 517 2364 opes
540 2310 676 2348 habuit
695 2329 704 2355 ;
736 2320 773 2348 et
795 2311 921 2349 multo
948 2311 1107 2362 majores
1131 2312 1300 2351 Viriatus
1321 2313 1524 2352 Lusitanus
1547 2332 1556 2357 ;
1588 2313 1651 2351 cui
1672 2314 1832 2365 quidem

426 2377 543 2415 etiam
575 2376 764 2414 exercitus
799 2376 911 2414 nostri
946 2377 1266 2430 imperatoresque
1287 2377 1496 2416 cesserunt:
1530 2393 1647 2431 quem
1671 2381 1718 2417 C.
1744 2381 1831 2418 Lae-

429 2443 518 2486 lius,
543 2442 586 2485 is,
609 2443 675 2494 qui
701 2442 842 2494 sapiens
865 2442 1076 2495 usurpatur,
1101 2444 1241 2482 Praetor
1262 2442 1376 2496 fregit
1397 2453 1435 2482 ct
1457 2445 1706 2488 comminuit,
1730 2444 1830 2484 fero-

422 2509 662 2560 citatemquc
694 2509 774 2560 ejus
808 2509 859 2546 ita
891 2509 1070 2562 reprcllit,
1104 2519 1146 2548 ut
1167 2509 1278 2549 facile
1299 2510 1446 2550 bellum
1476 2511 1633 2565 reliquis
1656 2511 1829 2552 traderet.
