2223 3003
666 283 771 323 DE
830 284 1404 325 SENECTUTE.
1658 302 1735 343 303

337 393 455 433 quam
489 381 652 420 Milonis
678 383 941 421 Crotoniatae?
986 384 1068 435 qui,
1099 397 1191 421 cum
1216 384 1299 435 jam
1333 384 1443 423 senex
1469 383 1572 430 efi'et,
1612 385 1738 425 athle-

337 448 468 500 tasque
501 449 536 486 se
570 450 609 487 in
643 449 836 487 curriculo
870 459 1086 487 exercentes
1130 450 1298 495 videret,
1342 451 1547 504 adspexisse
1580 452 1738 492 lacertos

336 512 422 552 suos
451 514 608 560 dicitur,
650 514 970 565 illacrymansque
1003 514 1149 559 dixisse,
1181 516 1239 553 At
1274 516 1315 553 hi
1346 516 1481 569 quidem
1497 517 1579 568 jam
1605 519 1743 558 mortui

323 580 434 632 fiant,
492 581 587 619 Non
628 592 717 617 vero
752 587 833 616 tam
872 578 947 623 isti,
993 592 1110 630 quam
1145 588 1188 616 tu
1228 580 1331 631 ipse,
1372 591 1560 633 nugator:
1610 597 1738 636 neque

336 645 442 683 enim
473 659 520 683 ex
550 654 588 682 te
618 656 791 695 unquam
820 656 858 680 es
890 643 1130 687 nobilitatus,
1161 644 1223 681 sed
1253 657 1301 682 ex
1331 645 1512 684 lateribus
1532 658 1569 685 et
1589 650 1736 689 lacertis

335 710 428 747 tuis.
472 707 589 747 Nihil
609 710 694 746 Sex.
717 708 845 745 AElius
865 708 953 753 tale,
985 707 1086 746 nihil
1106 708 1240 746 multis
1261 710 1369 748 annis
1395 720 1482 748 ante
1503 713 1554 750 T.
1579 715 1736 754 Corun-

334 774 480 819 canius,
511 772 614 812 nihil
645 773 763 812 modo
784 773 829 811 P.
853 773 1031 818 Craffus;
1063 787 1082 811 a
1112 774 1254 825 quibus
1279 775 1367 826 jura
1397 776 1545 815 civibus
1567 779 1736 829 praescri-

336 840 547 878 bebantur:
579 851 749 891 quorum
782 839 902 892 usque
935 840 983 878 ad
1010 850 1232 878 extremum
1264 840 1442 893 spiritum
1475 843 1527 881 est
1561 847 1739 896 provecta

332 905 550 958 prudentia.

388 972 544 1017 Orator,
587 980 737 1017 metuo,
776 985 825 1010 ne
859 972 1075 1025 languescat
1109 972 1324 1011 senectute:
1371 974 1424 1012 est
1453 974 1561 1013 enim
1591 989 1736 1016 munus

331 1038 413 1090 ejus
434 1051 512 1077 non
531 1039 678 1091 ingenii
697 1039 838 1085 solum,
873 1039 935 1077 sed
955 1039 1119 1078 laterum
1139 1041 1270 1085 etiam,
1297 1049 1336 1078 et
1354 1040 1515 1079 virium.
1557 1042 1738 1083 Omnino

330 1117 517 1143 canorum
550 1104 649 1143 illud
682 1107 722 1143 in
753 1118 847 1144 voce
877 1105 1102 1158 splendescit
1134 1107 1251 1144 etiarn
1287 1106 1415 1145 nescio
1445 1121 1524 1160 quo
1557 1110 1667 1161 paito
1693 1109 1736 1147 in

331 1169 521 1209 senectute
536 1190 549 1216 ς
581 1171 687 1223 quod
719 1172 901 1223 equidem
928 1171 1054 1210 adhuc
1083 1186 1161 1210 non
1182 1172 1287 1210 amifi
1306 1191 1319 1218 ς
1350 1183 1390 1211 et
1415 1173 1555 1212 videtis
1586 1188 1732 1214 annos:

330 1234 394 1274 sed
413 1245 541 1274 tamen
562 1236 616 1274 est
632 1236 792 1274 decorus
813 1236 937 1275 sermo
955 1237 1066 1282 senis,
1098 1238 1252 1290 quietus
1272 1247 1311 1275 et
1330 1238 1503 1276 remissus
1520 1257 1532 1283 5
1564 1238 1736 1292 facitque

330 1301 494 1355 persaepe
513 1302 592 1354 ipsa
612 1302 681 1339 fibi
700 1302 938 1340 audientiam
972 1302 1100 1340 diserti
1119 1302 1216 1341 senis
1237 1313 1394 1356 compta
1412 1312 1451 1342 et
1471 1304 1576 1343 mitis
1597 1306 1731 1345 oratio.

330 1367 451 1418 Qod
476 1367 502 1405 fi
533 1367 611 1420 ipse
630 1368 768 1420 exequi
789 1380 966 1420 nequeas,
987 1367 1100 1420 poffis
1121 1377 1249 1405 tamen
1271 1369 1441 1421 Scipioni
1458 1370 1675 1423 praecipere,
1696 1380 1735 1409 et

330 1434 464 1473 Laelio.
503 1433 612 1486 Qid
631 1434 738 1473 enim
768 1434 820 1473 est
833 1435 1046 1487 jucundius
1066 1434 1271 1480 senectute,
1292 1434 1426 1488 stipata
1445 1435 1577 1475 studiis
1590 1437 1734 1489 juven-

329 1500 423 1537 tutis
443 1500 457 1536 ?

390 1567 455 1605 An
481 1580 529 1604 ne
546 1580 618 1605 veas
640 1567 799 1620 quidem
819 1568 915 1607 vires
947 1568 1130 1607 senestuti
1150 1567 1428 1621 relinquemus,
1451 1578 1494 1606 ut
1514 1570 1733 1608 adolescen-

329 1632 431 1671 tulos
463 1633 610 1677 doceat,
649 1632 832 1678 instituat,
869 1634 915 1672 ad
946 1648 1062 1672 omne
1092 1635 1212 1672 officii
1243 1647 1386 1672 munus
1421 1634 1613 1673 instruat?
1653 1650 1733 1688 quo

329 1699 491 1751 quidem
521 1712 634 1752 opere
663 1699 758 1751 quid
787 1699 910 1752 potest
939 1699 1010 1737 effe
1039 1700 1286 1752 praeclarius?
1324 1699 1434 1739 Mihi
1466 1714 1553 1739 vero
1585 1703 1660 1740 Cn.
1693 1712 1733 1740 et

329 1766 373 1803 P.
398 1765 608 1818 ScipioneS,
640 1774 678 1803 et
698 1766 756 1803 avi
789 1766 845 1803 tui
867 1766 959 1810 duo,
990 1766 1039 1804 L.
1062 1766 1262 1810 AEmilius,
1293 1775 1331 1804 et
1353 1767 1396 1804 P.
1420 1765 1640 1812 Africanus,
1662 1781 1730 1806 co-

328 1832 470 1870 mitatu
489 1831 685 1870 nobilium
698 1832 891 1883 juvenum
918 1831 1106 1870 fortunati
1124 1826 1366 1870 videbantur.
1404 1833 1490 1870 Nec
1512 1833 1583 1870 ulli
1609 1834 1731 1871 bona·

329 1911 418 1936 rum
447 1898 591 1936 artium
620 1898 792 1950 magistri
820 1911 899 1936 non
931 1898 1033 1935 beati
1063 1898 1238 1950 putandi,
1267 1898 1444 1949 quamvis
1464 1898 1733 1937 consenuerint

326 1962 439 2008 vires,
460 1973 576 2016 atque
596 1961 807 2001 defecerint
824 1977 834 2002 z
865 1962 931 2001 etfi
951 1963 1019 2000 ista
1038 1962 1118 2015 ipsa
1137 1962 1301 2001 defectio
1326 1963 1483 2008 virium,
1511 1963 1731 2003 adolescen—

326 2030 389 2067 tiae
422 2029 527 2068 vitiis
556 2028 724 2067 efficitur
742 2028 891 2082 saepius,
922 2043 1040 2081 quam
1061 2028 1263 2067 senectutis
1281 2047 1294 2074 ς
1326 2029 1549 2067 Libidinosa
1569 2031 1730 2076 etenim,

325 2103 365 2132 et
384 2094 643 2147 intemperans
662 2094 916 2132 adolescentia
933 2093 1111 2132 effoetum
1130 2107 1270 2146 corpus
1290 2093 1404 2131 tradit
1424 2093 1620 2131 senectuti.

383 2161 509 2211 Cyrus
539 2159 699 2212 quidem
731 2161 834 2211 apud
864 2159 1168 2212 Xenophontem
1196 2172 1241 2196 eo
1274 2157 1461 2202 sermone,
1493 2172 1610 2210 quem
1640 2174 1730 2199 mo-

327 2226 428 2264 riens
446 2225 597 2270 habuit,
632 2238 726 2263 cum
744 2224 956 2263 admodum
986 2224 1097 2262 senex
1117 2223 1221 2268 efl‘et,
1251 2233 1363 2276 negat
1383 2223 1419 2261 se
1450 2237 1623 2276 unquam
1644 2226 1729 2265 sen-

327 2291 419 2336 fiffe,
440 2291 674 2329 senectutem
694 2290 800 2328 suam
831 2289 1131 2327 imbecilliorem
1156 2288 1310 2334 saetam,
1342 2303 1460 2341 quam
1480 2290 1730 2330 adolescentia

327 2354 467 2395 fuisset.
498 2358 585 2409 Ego
605 2357 654 2395 L.
676 2356 889 2394 Metellum
917 2355 1080 2394 memini
1099 2368 1206 2407 puer,
1239 2355 1338 2407 (qui,
1363 2368 1454 2393 cum
1475 2356 1731 2408 quadriennio

328 2420 412 2472 post
441 2422 605 2460 alterum
634 2421 878 2461 consulatum
898 2419 1080 2460 Pontifex
1110 2420 1303 2459 maximus
1323 2419 1444 2459 sactus
1465 2421 1567 2468 effet,
1589 2423 1727 2475 viginti

329 2494 367 2523 et
386 2485 481 2524 duos
501 2500 618 2526 annos
638 2489 675 2526 ei
694 2487 902 2527 sacerdotio
920 2486 1090 2540 praefuit)
1126 2486 1178 2524 ita
1201 2486 1312 2524 bonis
1332 2486 1404 2524 effe
1432 2487 1579 2526 viribus
1598 2497 1729 2526 extre-

329 2564 397 2590 mo
430 2560 602 2605 tempore
634 2554 777 2600 aetatis,
812 2563 856 2594 ut
888 2552 1183 2593 adolescentiam
1215 2565 1298 2592 non
1327 2552 1551 2606 requireret,
1609 2552 1729 2591 Nihil
