<?xml version="1.0" encoding="UTF-8"?>
<!DOCTYPE html PUBLIC "-//W3C//DTD XHTML 1.0 Transitional//EN"
    "http://www.w3.org/TR/xhtml1/DTD/xhtml1-transitional.dtd">
<html xmlns="http://www.w3.org/1999/xhtml" xml:lang="en" lang="en">
 <head>
  <title>
</title>
<meta http-equiv="Content-Type" content="text/html;charset=utf-8" />
  <meta name='ocr-system' content='tesseract 3.04.00' />
  <meta name='ocr-capabilities' content='ocr_page ocr_carea ocr_par ocr_line ocrx_word'/>
</head>
<body>
  <div class='ocr_page' id='page_1' title='image "./operacumindicibu03ciceuoft_0365.png"; bbox 0 0 2223 3003; ppageno 0'>
   <div class='ocr_carea' id='block_1_1' title="bbox 726 232 1703 290">
    <p class='ocr_par' dir='ltr' id='par_1_1' title="bbox 726 232 1703 290">
     <span class='ocr_line' id='line_1_1' title="bbox 726 232 1703 290; baseline -0.006 -17"><span class='ocrx_word' id='word_1_1' title='bbox 726 232 1250 274; x_wconf 71' lang='lat' dir='ltr'><strong>PARADOXA,</strong></span> <span class='ocrx_word' id='word_1_2' title='bbox 1612 249 1703 290; x_wconf 26' lang='lat'>359³</span> 
     </span>
    </p>
   </div>
   <div class='ocr_carea' id='block_1_2' title="bbox 700 401 1267 440">
    <p class='ocr_par' dir='ltr' id='par_1_2' title="bbox 700 401 1267 440">
     <span class='ocr_line' id='line_1_2' title="bbox 700 401 1267 440; baseline 0.002 -1"><span class='ocrx_word' id='word_1_3' title='bbox 700 401 1124 440; x_wconf 67' lang='lat' dir='ltr'>PAnAnoon</span> <span class='ocrx_word' id='word_1_4' title='bbox 1198 401 1267 440; x_wconf 95' lang='lat' dir='ltr'>II.</span> 
     </span>
    </p>
   </div>
   <div class='ocr_carea' id='block_1_3' title="bbox 535 510 1572 635">
    <p class='ocr_par' dir='ltr' id='par_1_3' title="bbox 535 510 1572 635">
     <span class='ocr_line' id='line_1_3' title="bbox 587 510 1325 574; baseline 0.003 -19"><span class='ocrx_word' id='word_1_5' title='bbox 587 510 654 558; x_wconf 53' lang='lat' dir='ltr'>‚ion</span> <span class='ocrx_word' id='word_1_6' title='bbox 673 519 839 574; x_wconf 57' lang='grc' dir='ltr'>αὐτάρκης</span> <span class='ocrx_word' id='word_1_7' title='bbox 857 519 873 562; x_wconf 71' lang='grc' dir='ltr'><strong><em>ἦ</em></strong></span> <span class='ocrx_word' id='word_1_8' title='bbox 892 518 984 574; x_wconf 50' lang='lat' dir='ltr'>niger&amp;</span> <span class='ocrx_word' id='word_1_9' title='bbox 1005 517 1093 574; x_wconf 60' lang='grc' dir='ltr'>πρὶς</span> <span class='ocrx_word' id='word_1_10' title='bbox 1113 516 1325 571; x_wconf 64' lang='grc' dir='ltr'>εὐὸιαμσνίοιν.</span> 
     </span>
     <span class='ocr_line' id='line_1_4' title="bbox 535 581 1572 635; baseline 0.003 -16"><span class='ocrx_word' id='word_1_11' title='bbox 535 583 581 620; x_wconf 83' lang='lat' dir='ltr'>In</span> <span class='ocrx_word' id='word_1_12' title='bbox 602 596 667 635; x_wconf 85' lang='lat' dir='ltr'>quo</span> <span class='ocrx_word' id='word_1_13' title='bbox 686 582 810 620; x_wconf 82' lang='lat' dir='ltr'>virtus</span> <span class='ocrx_word' id='word_1_14' title='bbox 814 582 886 633; x_wconf 85' lang='lat' dir='ltr'>stt,</span> <span class='ocrx_word' id='word_1_15' title='bbox 908 583 941 620; x_wconf 85' lang='lat' dir='ltr'>ei</span> <span class='ocrx_word' id='word_1_16' title='bbox 956 581 1050 620; x_wconf 82' lang='lat' dir='ltr'><em>nihil</em></span> <span class='ocrx_word' id='word_1_17' title='bbox 1063 581 1163 635; x_wconf 72' lang='lat' dir='ltr'>deff</span> <span class='ocrx_word' id='word_1_18' title='bbox 1181 581 1232 620; x_wconf 84' lang='lat' dir='ltr'>ad</span> <span class='ocrx_word' id='word_1_19' title='bbox 1247 582 1346 621; x_wconf 82' lang='lat' dir='ltr'>beate</span> <span class='ocrx_word' id='word_1_20' title='bbox 1365 583 1572 622; x_wconf 65' lang='lat' dir='ltr'>vivendum.</span> 
     </span>
    </p>
   </div>
   <div class='ocr_carea' id='block_1_4' title="bbox 281 668 1697 2574">
    <p class='ocr_par' dir='ltr' id='par_1_4' title="bbox 288 668 1697 751">
     <span class='ocr_line' id='line_1_5' title="bbox 288 668 1697 751; baseline 0 -42"><span class='ocrx_word' id='word_1_21' title='bbox 288 678 449 751; x_wconf 79' lang='lat' dir='ltr'>NEC</span> <span class='ocrx_word' id='word_1_22' title='bbox 485 682 574 707; x_wconf 88' lang='lat' dir='ltr'>vero</span> <span class='ocrx_word' id='word_1_23' title='bbox 604 682 676 721; x_wconf 86' lang='lat' dir='ltr'>ego</span> <span class='ocrx_word' id='word_1_24' title='bbox 709 669 773 706; x_wconf 91' lang='lat' dir='ltr'>M.</span> <span class='ocrx_word' id='word_1_25' title='bbox 810 668 1011 721; x_wconf 87' lang='lat' dir='ltr'>Regulum</span> <span class='ocrx_word' id='word_1_26' title='bbox 1050 669 1337 715; x_wconf 74' lang='lat' dir='ltr'>aerurnnosum,</span> <span class='ocrx_word' id='word_1_27' title='bbox 1373 683 1442 708; x_wconf 89' lang='lat' dir='ltr'>nec</span> <span class='ocrx_word' id='word_1_28' title='bbox 1477 670 1697 716; x_wconf 82' lang='lat' dir='ltr'>infelicem,</span> 
     </span>
    </p>

    <p class='ocr_par' dir='ltr' id='par_1_5' title="bbox 281 733 1693 2574">
     <span class='ocr_line' id='line_1_6' title="bbox 406 733 1690 787; baseline 0 -14"><span class='ocrx_word' id='word_1_29' title='bbox 406 747 477 773; x_wconf 89' lang='lat' dir='ltr'>nec</span> <span class='ocrx_word' id='word_1_30' title='bbox 497 733 696 778; x_wconf 88' lang='lat' dir='ltr'>miserum,</span> <span class='ocrx_word' id='word_1_31' title='bbox 728 746 901 786; x_wconf 81' lang='lat' dir='ltr'>unquam</span> <span class='ocrx_word' id='word_1_32' title='bbox 920 734 1067 786; x_wconf 82' lang='lat' dir='ltr'>putavi.</span> <span class='ocrx_word' id='word_1_33' title='bbox 1110 734 1205 773; x_wconf 85' lang='lat' dir='ltr'>Non</span> <span class='ocrx_word' id='word_1_34' title='bbox 1231 735 1338 773; x_wconf 88' lang='lat' dir='ltr'>enirn</span> <span class='ocrx_word' id='word_1_35' title='bbox 1358 735 1586 787; x_wconf 86' lang='lat' dir='ltr'>magnitudo</span> <span class='ocrx_word' id='word_1_36' title='bbox 1606 737 1690 774; x_wconf 84' lang='lat' dir='ltr'>ani-</span> 
     </span>
     <span class='ocr_line' id='line_1_7' title="bbox 287 799 1692 853; baseline -0.001 -14"><span class='ocrx_word' id='word_1_37' title='bbox 287 801 345 839; x_wconf 86' lang='lat' dir='ltr'>mi</span> <span class='ocrx_word' id='word_1_38' title='bbox 374 801 457 853; x_wconf 90' lang='lat' dir='ltr'>ejus</span> <span class='ocrx_word' id='word_1_39' title='bbox 487 799 778 838; x_wconf 87' lang='lat' dir='ltr'>excruciabatur</span> <span class='ocrx_word' id='word_1_40' title='bbox 808 813 829 837; x_wconf 89' lang='lat' dir='ltr'>a</span> <span class='ocrx_word' id='word_1_41' title='bbox 862 800 1007 845; x_wconf 88' lang='lat' dir='ltr'>Poenis,</span> <span class='ocrx_word' id='word_1_42' title='bbox 1038 813 1117 838; x_wconf 91' lang='lat' dir='ltr'>non</span> <span class='ocrx_word' id='word_1_43' title='bbox 1146 800 1334 853; x_wconf 84' lang='lat' dir='ltr'>gravitas‚.</span> <span class='ocrx_word' id='word_1_44' title='bbox 1360 813 1438 838; x_wconf 89' lang='lat' dir='ltr'>non</span> <span class='ocrx_word' id='word_1_45' title='bbox 1468 799 1576 845; x_wconf 88' lang='lat' dir='ltr'>fides,</span> <span class='ocrx_word' id='word_1_46' title='bbox 1612 813 1692 838; x_wconf 90' lang='lat' dir='ltr'>non</span> 
     </span>
     <span class='ocr_line' id='line_1_8' title="bbox 286 864 1692 918; baseline -0.001 -14"><span class='ocrx_word' id='word_1_47' title='bbox 286 865 512 911; x_wconf 82' lang='lat' dir='ltr'>constantia,</span> <span class='ocrx_word' id='word_1_48' title='bbox 540 879 619 904; x_wconf 89' lang='lat' dir='ltr'>non</span> <span class='ocrx_word' id='word_1_49' title='bbox 639 865 719 903; x_wconf 92' lang='lat' dir='ltr'>ulla</span> <span class='ocrx_word' id='word_1_50' title='bbox 737 865 873 910; x_wconf 89' lang='lat' dir='ltr'>virtus,</span> <span class='ocrx_word' id='word_1_51' title='bbox 908 879 987 904; x_wconf 88' lang='lat' dir='ltr'>non</span> <span class='ocrx_word' id='word_1_52' title='bbox 1018 865 1184 918; x_wconf 86' lang='lat' dir='ltr'>denique</span> <span class='ocrx_word' id='word_1_53' title='bbox 1217 866 1369 904; x_wconf 89' lang='lat' dir='ltr'>animus</span> <span class='ocrx_word' id='word_1_54' title='bbox 1400 864 1479 918; x_wconf 90' lang='lat' dir='ltr'>ipse</span> <span class='ocrx_word' id='word_1_55' title='bbox 1493 884 1506 911; x_wconf 75' lang='lat'>3</span> <span class='ocrx_word' id='word_1_56' title='bbox 1538 865 1608 918; x_wconf 89' lang='lat' dir='ltr'>qui</span> <span class='ocrx_word' id='word_1_57' title='bbox 1635 874 1692 904; x_wconf 92' lang='lat' dir='ltr'>tot</span> 
     </span>
     <span class='ocr_line' id='line_1_9' title="bbox 286 932 1691 986; baseline -0.001 -16"><span class='ocrx_word' id='word_1_58' title='bbox 286 932 477 971; x_wconf 87' lang='lat' dir='ltr'>virtutum</span> <span class='ocrx_word' id='word_1_59' title='bbox 507 932 694 985; x_wconf 69' lang='lat' dir='ltr'>praesidio,</span> <span class='ocrx_word' id='word_1_60' title='bbox 725 941 908 985; x_wconf 89' lang='lat' dir='ltr'>tantoque</span> <span class='ocrx_word' id='word_1_61' title='bbox 935 932 1139 978; x_wconf 87' lang='lat' dir='ltr'>comitatu,</span> <span class='ocrx_word' id='word_1_62' title='bbox 1175 947 1268 971; x_wconf 88' lang='lat' dir='ltr'>cum</span> <span class='ocrx_word' id='word_1_63' title='bbox 1293 945 1432 986; x_wconf 88' lang='lat' dir='ltr'>corpus</span> <span class='ocrx_word' id='word_1_64' title='bbox 1462 932 1543 984; x_wconf 87' lang='lat' dir='ltr'>ejus</span> <span class='ocrx_word' id='word_1_65' title='bbox 1577 945 1691 985; x_wconf 85' lang='lat' dir='ltr'>cape-</span> 
     </span>
     <span class='ocr_line' id='line_1_10' title="bbox 285 998 1690 1052; baseline -0.001 -15"><span class='ocrx_word' id='word_1_66' title='bbox 285 1008 403 1044; x_wconf 86' lang='lat' dir='ltr'>retur,</span> <span class='ocrx_word' id='word_1_67' title='bbox 425 999 509 1052; x_wconf 89' lang='lat' dir='ltr'>capi</span> <span class='ocrx_word' id='word_1_68' title='bbox 531 1008 633 1037; x_wconf 89' lang='lat' dir='ltr'>certe</span> <span class='ocrx_word' id='word_1_69' title='bbox 651 999 729 1051; x_wconf 89' lang='lat' dir='ltr'>ipse</span> <span class='ocrx_word' id='word_1_70' title='bbox 749 1013 827 1037; x_wconf 91' lang='lat' dir='ltr'>non</span> <span class='ocrx_word' id='word_1_71' title='bbox 848 1000 990 1052; x_wconf 93' lang='lat' dir='ltr'>potuit.</span> <span class='ocrx_word' id='word_1_72' title='bbox 1039 1000 1180 1038; x_wconf 89' lang='lat' dir='ltr'>Caium</span> <span class='ocrx_word' id='word_1_73' title='bbox 1202 1013 1290 1038; x_wconf 89' lang='lat' dir='ltr'>vero</span> <span class='ocrx_word' id='word_1_74' title='bbox 1310 1000 1487 1038; x_wconf 85' lang='lat' dir='ltr'>Marium</span> <span class='ocrx_word' id='word_1_75' title='bbox 1504 998 1690 1043; x_wconf 86' lang='lat' dir='ltr'>vidimus,</span> 
     </span>
     <span class='ocr_line' id='line_1_11' title="bbox 285 1065 1692 1119; baseline -0.001 -15"><span class='ocrx_word' id='word_1_76' title='bbox 285 1067 355 1119; x_wconf 84' lang='lat' dir='ltr'>qui</span> <span class='ocrx_word' id='word_1_77' title='bbox 386 1065 488 1105; x_wconf 79' lang='lat' dir='ltr'>mihi</span> <span class='ocrx_word' id='word_1_78' title='bbox 519 1065 691 1104; x_wconf 87' lang='lat' dir='ltr'>secundis</span> <span class='ocrx_word' id='word_1_79' title='bbox 722 1067 762 1104; x_wconf 91' lang='lat' dir='ltr'>in</span> <span class='ocrx_word' id='word_1_80' title='bbox 794 1066 907 1105; x_wconf 80' lang='lat' dir='ltr'>rebus</span> <span class='ocrx_word' id='word_1_81' title='bbox 938 1079 1036 1105; x_wconf 84' lang='lat' dir='ltr'>unus</span> <span class='ocrx_word' id='word_1_82' title='bbox 1067 1080 1114 1105; x_wconf 87' lang='lat' dir='ltr'>ex</span> <span class='ocrx_word' id='word_1_83' title='bbox 1134 1065 1339 1105; x_wconf 86' lang='lat' dir='ltr'>fortunatis</span> <span class='ocrx_word' id='word_1_84' title='bbox 1364 1065 1590 1104; x_wconf 88' lang='lat' dir='ltr'>hominibus</span> <span class='ocrx_word' id='word_1_85' title='bbox 1606 1084 1618 1111; x_wconf 77' lang='lat'>3</span> <span class='ocrx_word' id='word_1_86' title='bbox 1650 1065 1692 1103; x_wconf 89' lang='lat' dir='ltr'>in</span> 
     </span>
     <span class='ocr_line' id='line_1_12' title="bbox 285 1131 1692 1186; baseline -0.001 -16"><span class='ocrx_word' id='word_1_87' title='bbox 285 1132 458 1177; x_wconf 89' lang='lat' dir='ltr'>adverfis,</span> <span class='ocrx_word' id='word_1_88' title='bbox 481 1145 580 1171; x_wconf 90' lang='lat' dir='ltr'>unus</span> <span class='ocrx_word' id='word_1_89' title='bbox 601 1146 647 1171; x_wconf 87' lang='lat' dir='ltr'>ex</span> <span class='ocrx_word' id='word_1_90' title='bbox 668 1132 828 1171; x_wconf 85' lang='lat' dir='ltr'>summis</span> <span class='ocrx_word' id='word_1_91' title='bbox 850 1133 939 1171; x_wconf 86' lang='lat' dir='ltr'>viris</span> <span class='ocrx_word' id='word_1_92' title='bbox 959 1133 1159 1171; x_wconf 86' lang='lat' dir='ltr'>videbatur</span> <span class='ocrx_word' id='word_1_93' title='bbox 1175 1151 1187 1178; x_wconf 73' lang='lat'>5</span> <span class='ocrx_word' id='word_1_94' title='bbox 1219 1146 1297 1186; x_wconf 88' lang='lat' dir='ltr'>quo</span> <span class='ocrx_word' id='word_1_95' title='bbox 1324 1133 1469 1171; x_wconf 87' lang='lat' dir='ltr'>beatius</span> <span class='ocrx_word' id='word_1_96' title='bbox 1490 1131 1562 1170; x_wconf 83' lang='lat' dir='ltr'>effe</span> <span class='ocrx_word' id='word_1_97' title='bbox 1583 1145 1692 1170; x_wconf 88' lang='lat' dir='ltr'>mor-</span> 
     </span>
     <span class='ocr_line' id='line_1_13' title="bbox 283 1198 1690 1252; baseline 0 -17"><span class='ocrx_word' id='word_1_98' title='bbox 283 1198 352 1236; x_wconf 79' lang='lat' dir='ltr'>tali</span> <span class='ocrx_word' id='word_1_99' title='bbox 386 1198 486 1237; x_wconf 82' lang='lat' dir='ltr'>nihil</span> <span class='ocrx_word' id='word_1_100' title='bbox 519 1198 655 1252; x_wconf 87' lang='lat' dir='ltr'>potest.</span> <span class='ocrx_word' id='word_1_101' title='bbox 702 1199 852 1244; x_wconf 85' lang='lat' dir='ltr'>Nescis,</span> <span class='ocrx_word' id='word_1_102' title='bbox 887 1198 1030 1245; x_wconf 85' lang='lat' dir='ltr'>insane,</span> <span class='ocrx_word' id='word_1_103' title='bbox 1062 1199 1197 1244; x_wconf 90' lang='lat' dir='ltr'>nescis,</span> <span class='ocrx_word' id='word_1_104' title='bbox 1244 1208 1404 1252; x_wconf 80' lang='lat' dir='ltr'>quantas</span> <span class='ocrx_word' id='word_1_105' title='bbox 1438 1200 1534 1236; x_wconf 86' lang='lat' dir='ltr'>vires</span> <span class='ocrx_word' id='word_1_106' title='bbox 1568 1198 1690 1236; x_wconf 85' lang='lat' dir='ltr'>virtus</span> 
     </span>
     <span class='ocr_line' id='line_1_14' title="bbox 283 1263 1690 1320; baseline 0 -18"><span class='ocrx_word' id='word_1_107' title='bbox 283 1263 450 1303; x_wconf 82' lang='lat' dir='ltr'>habeat:</span> <span class='ocrx_word' id='word_1_108' title='bbox 482 1279 626 1304; x_wconf 90' lang='lat' dir='ltr'>nomen</span> <span class='ocrx_word' id='word_1_109' title='bbox 646 1264 798 1304; x_wconf 73' lang='lat' dir='ltr'>tanturn</span> <span class='ocrx_word' id='word_1_110' title='bbox 819 1266 970 1304; x_wconf 88' lang='lat' dir='ltr'>virtutis</span> <span class='ocrx_word' id='word_1_111' title='bbox 992 1266 1145 1320; x_wconf 89' lang='lat' dir='ltr'>usurpas</span> <span class='ocrx_word' id='word_1_112' title='bbox 1161 1285 1173 1312; x_wconf 76' lang='lat'>3</span> <span class='ocrx_word' id='word_1_113' title='bbox 1205 1266 1300 1318; x_wconf 90' lang='lat' dir='ltr'>quid</span> <span class='ocrx_word' id='word_1_114' title='bbox 1321 1266 1399 1318; x_wconf 85' lang='lat' dir='ltr'>ipsa</span> <span class='ocrx_word' id='word_1_115' title='bbox 1419 1265 1552 1309; x_wconf 83' lang='lat' dir='ltr'>valeat,</span> <span class='ocrx_word' id='word_1_116' title='bbox 1574 1265 1690 1316; x_wconf 85' lang='lat' dir='ltr'>igno-</span> 
     </span>
     <span class='ocr_line' id='line_1_15' title="bbox 284 1331 1692 1385; baseline -0.001 -16"><span class='ocrx_word' id='word_1_117' title='bbox 284 1343 358 1369; x_wconf 84' lang='lat' dir='ltr'>ras.</span> <span class='ocrx_word' id='word_1_118' title='bbox 400 1331 532 1370; x_wconf 90' lang='lat' dir='ltr'>Nemo</span> <span class='ocrx_word' id='word_1_119' title='bbox 564 1331 688 1384; x_wconf 91' lang='lat' dir='ltr'>potest</span> <span class='ocrx_word' id='word_1_120' title='bbox 708 1345 785 1370; x_wconf 91' lang='lat' dir='ltr'>non</span> <span class='ocrx_word' id='word_1_121' title='bbox 805 1332 1040 1371; x_wconf 87' lang='lat' dir='ltr'>beatiffimus</span> <span class='ocrx_word' id='word_1_122' title='bbox 1071 1331 1157 1377; x_wconf 82' lang='lat' dir='ltr'>effe,</span> <span class='ocrx_word' id='word_1_123' title='bbox 1189 1332 1257 1385; x_wconf 87' lang='lat' dir='ltr'>qui</span> <span class='ocrx_word' id='word_1_124' title='bbox 1287 1332 1339 1369; x_wconf 89' lang='lat' dir='ltr'>est</span> <span class='ocrx_word' id='word_1_125' title='bbox 1371 1341 1474 1369; x_wconf 83' lang='lat' dir='ltr'>totus</span> <span class='ocrx_word' id='word_1_126' title='bbox 1502 1340 1611 1382; x_wconf 88' lang='lat' dir='ltr'>aptus</span> <span class='ocrx_word' id='word_1_127' title='bbox 1644 1343 1692 1368; x_wconf 80' lang='lat' dir='ltr'>ex</span> 
     </span>
     <span class='ocr_line' id='line_1_16' title="bbox 284 1397 1693 1452; baseline 0 -18"><span class='ocrx_word' id='word_1_128' title='bbox 284 1397 370 1442; x_wconf 88' lang='lat' dir='ltr'>sese,</span> <span class='ocrx_word' id='word_1_129' title='bbox 401 1398 547 1451; x_wconf 90' lang='lat' dir='ltr'>quique</span> <span class='ocrx_word' id='word_1_130' title='bbox 579 1398 621 1436; x_wconf 90' lang='lat' dir='ltr'>in</span> <span class='ocrx_word' id='word_1_131' title='bbox 652 1398 688 1436; x_wconf 93' lang='lat' dir='ltr'>se</span> <span class='ocrx_word' id='word_1_132' title='bbox 718 1412 796 1438; x_wconf 89' lang='lat' dir='ltr'>uno</span> <span class='ocrx_word' id='word_1_133' title='bbox 830 1398 893 1437; x_wconf 90' lang='lat' dir='ltr'>sua</span> <span class='ocrx_word' id='word_1_134' title='bbox 922 1399 1034 1452; x_wconf 89' lang='lat' dir='ltr'>ponit</span> <span class='ocrx_word' id='word_1_135' title='bbox 1067 1399 1213 1437; x_wconf 84' lang='lat' dir='ltr'>omnia.</span> <span class='ocrx_word' id='word_1_136' title='bbox 1260 1398 1338 1436; x_wconf 89' lang='lat' dir='ltr'>Cui</span> <span class='ocrx_word' id='word_1_137' title='bbox 1368 1397 1449 1450; x_wconf 90' lang='lat' dir='ltr'>spes</span> <span class='ocrx_word' id='word_1_138' title='bbox 1479 1397 1621 1441; x_wconf 87' lang='lat' dir='ltr'>omnis,</span> <span class='ocrx_word' id='word_1_139' title='bbox 1653 1405 1693 1434; x_wconf 85' lang='lat' dir='ltr'>et</span> 
     </span>
     <span class='ocr_line' id='line_1_17' title="bbox 285 1462 1692 1517; baseline -0.001 -16"><span class='ocrx_word' id='word_1_140' title='bbox 285 1465 407 1509; x_wconf 85' lang='lat' dir='ltr'>ratio,</span> <span class='ocrx_word' id='word_1_141' title='bbox 437 1474 480 1502; x_wconf 84' lang='lat' dir='ltr'>et</span> <span class='ocrx_word' id='word_1_142' title='bbox 504 1465 689 1516; x_wconf 83' lang='lat' dir='ltr'>cogitatio</span> <span class='ocrx_word' id='word_1_143' title='bbox 728 1466 868 1517; x_wconf 85' lang='lat' dir='ltr'>pendet</span> <span class='ocrx_word' id='word_1_144' title='bbox 901 1478 948 1504; x_wconf 84' lang='lat' dir='ltr'>ex</span> <span class='ocrx_word' id='word_1_145' title='bbox 983 1464 1168 1510; x_wconf 69' lang='lat' dir='ltr'>fortuna,</span> <span class='ocrx_word' id='word_1_146' title='bbox 1204 1464 1297 1502; x_wconf 85' lang='lat' dir='ltr'>huic</span> <span class='ocrx_word' id='word_1_147' title='bbox 1327 1462 1428 1502; x_wconf 86' lang='lat' dir='ltr'>nihil</span> <span class='ocrx_word' id='word_1_148' title='bbox 1462 1463 1586 1516; x_wconf 87' lang='lat' dir='ltr'>potest</span> <span class='ocrx_word' id='word_1_149' title='bbox 1621 1463 1692 1501; x_wconf 77' lang='lat' dir='ltr'>effe</span> 
     </span>
     <span class='ocr_line' id='line_1_18' title="bbox 284 1529 1689 1583; baseline -0.001 -16"><span class='ocrx_word' id='word_1_150' title='bbox 284 1531 379 1568; x_wconf 92' lang='lat' dir='ltr'>certi</span> <span class='ocrx_word' id='word_1_151' title='bbox 396 1548 407 1575; x_wconf 82' lang='lat'>3</span> <span class='ocrx_word' id='word_1_152' title='bbox 439 1529 540 1568; x_wconf 81' lang='lat' dir='ltr'>nihil</span> <span class='ocrx_word' id='word_1_153' title='bbox 571 1531 677 1582; x_wconf 93' lang='lat' dir='ltr'>quod</span> <span class='ocrx_word' id='word_1_154' title='bbox 701 1531 944 1582; x_wconf 82' lang='lat' dir='ltr'>exploratum</span> <span class='ocrx_word' id='word_1_155' title='bbox 974 1529 1112 1568; x_wconf 90' lang='lat' dir='ltr'>habeat</span> <span class='ocrx_word' id='word_1_156' title='bbox 1142 1530 1432 1583; x_wconf 86' lang='lat' dir='ltr'>permansurum</span> <span class='ocrx_word' id='word_1_157' title='bbox 1463 1529 1533 1567; x_wconf 86' lang='lat' dir='ltr'>fibi</span> <span class='ocrx_word' id='word_1_158' title='bbox 1565 1542 1689 1567; x_wconf 84' lang='lat' dir='ltr'>unum</span> 
     </span>
     <span class='ocr_line' id='line_1_19' title="bbox 284 1595 1689 1649; baseline -0.001 -15"><span class='ocrx_word' id='word_1_159' title='bbox 284 1597 415 1634; x_wconf 89' lang='lat' dir='ltr'>diem:</span> <span class='ocrx_word' id='word_1_160' title='bbox 447 1609 540 1636; x_wconf 90' lang='lat' dir='ltr'>eum</span> <span class='ocrx_word' id='word_1_161' title='bbox 559 1606 602 1634; x_wconf 91' lang='lat' dir='ltr'>tu</span> <span class='ocrx_word' id='word_1_162' title='bbox 622 1595 828 1634; x_wconf 85' lang='lat' dir='ltr'>hominem</span> <span class='ocrx_word' id='word_1_163' title='bbox 848 1605 1002 1641; x_wconf 81' lang='lat' dir='ltr'>terreto,</span> <span class='ocrx_word' id='word_1_164' title='bbox 1035 1597 1061 1635; x_wconf 88' lang='lat' dir='ltr'>fi</span> <span class='ocrx_word' id='word_1_165' title='bbox 1082 1609 1207 1649; x_wconf 88' lang='lat' dir='ltr'>quem.</span> <span class='ocrx_word' id='word_1_166' title='bbox 1221 1596 1294 1634; x_wconf 83' lang='lat' dir='ltr'>eris</span> <span class='ocrx_word' id='word_1_167' title='bbox 1316 1597 1460 1640; x_wconf 61' lang='lat' dir='ltr'>naetus,</span> <span class='ocrx_word' id='word_1_168' title='bbox 1483 1595 1560 1633; x_wconf 87' lang='lat' dir='ltr'>istis</span> <span class='ocrx_word' id='word_1_169' title='bbox 1582 1608 1689 1633; x_wconf 89' lang='lat' dir='ltr'>mor-</span> 
     </span>
     <span class='ocr_line' id='line_1_20' title="bbox 283 1660 1691 1715; baseline -0.001 -15"><span class='ocrx_word' id='word_1_170' title='bbox 283 1662 334 1700; x_wconf 86' lang='lat' dir='ltr'>tis</span> <span class='ocrx_word' id='word_1_171' title='bbox 355 1672 420 1701; x_wconf 89' lang='lat' dir='ltr'>aut</span> <span class='ocrx_word' id='word_1_172' title='bbox 440 1662 546 1701; x_wconf 82' lang='lat' dir='ltr'>exilii</span> <span class='ocrx_word' id='word_1_173' title='bbox 567 1662 699 1700; x_wconf 84' lang='lat' dir='ltr'>minis.</span> <span class='ocrx_word' id='word_1_174' title='bbox 735 1660 844 1700; x_wconf 66' lang='lat' dir='ltr'>Mihi</span> <span class='ocrx_word' id='word_1_175' title='bbox 865 1676 953 1700; x_wconf 92' lang='lat' dir='ltr'>vero</span> <span class='ocrx_word' id='word_1_176' title='bbox 973 1661 1167 1715; x_wconf 88' lang='lat' dir='ltr'>quidquid</span> <span class='ocrx_word' id='word_1_177' title='bbox 1182 1661 1362 1700; x_wconf 88' lang='lat' dir='ltr'>acciderit</span> <span class='ocrx_word' id='word_1_178' title='bbox 1383 1662 1423 1699; x_wconf 85' lang='lat' dir='ltr'>in</span> <span class='ocrx_word' id='word_1_179' title='bbox 1444 1671 1524 1699; x_wconf 84' lang='lat' dir='ltr'>tam</span> <span class='ocrx_word' id='word_1_180' title='bbox 1545 1661 1691 1714; x_wconf 75' lang='lat' dir='ltr'>ingrata</span> 
     </span>
     <span class='ocr_line' id='line_1_21' title="bbox 283 1727 1689 1780; baseline -0.001 -14"><span class='ocrx_word' id='word_1_181' title='bbox 283 1729 451 1774; x_wconf 82' lang='lat' dir='ltr'>civitate,</span> <span class='ocrx_word' id='word_1_182' title='bbox 484 1742 532 1767; x_wconf 89' lang='lat' dir='ltr'>ne</span> <span class='ocrx_word' id='word_1_183' title='bbox 553 1728 738 1767; x_wconf 88' lang='lat' dir='ltr'>recusanti</span> <span class='ocrx_word' id='word_1_184' title='bbox 772 1728 932 1780; x_wconf 89' lang='lat' dir='ltr'>quidem</span> <span class='ocrx_word' id='word_1_185' title='bbox 963 1729 1143 1773; x_wconf 88' lang='lat' dir='ltr'>evenerit,</span> <span class='ocrx_word' id='word_1_186' title='bbox 1179 1742 1256 1766; x_wconf 89' lang='lat' dir='ltr'>non</span> <span class='ocrx_word' id='word_1_187' title='bbox 1292 1728 1410 1766; x_wconf 87' lang='lat' dir='ltr'>modo</span> <span class='ocrx_word' id='word_1_188' title='bbox 1444 1727 1689 1780; x_wconf 78' lang='lat' dir='ltr'>repugnanti.</span> 
     </span>
     <span class='ocr_line' id='line_1_22' title="bbox 285 1793 1688 1847; baseline -0.002 -15"><span class='ocrx_word' id='word_1_189' title='bbox 285 1795 394 1846; x_wconf 84' lang='lat' dir='ltr'>Qid</span> <span class='ocrx_word' id='word_1_190' title='bbox 427 1795 534 1833; x_wconf 88' lang='lat' dir='ltr'>enim</span> <span class='ocrx_word' id='word_1_191' title='bbox 565 1807 637 1847; x_wconf 89' lang='lat' dir='ltr'>ego</span> <span class='ocrx_word' id='word_1_192' title='bbox 669 1793 851 1840; x_wconf 89' lang='lat' dir='ltr'>laboravi,</span> <span class='ocrx_word' id='word_1_193' title='bbox 881 1803 946 1833; x_wconf 90' lang='lat' dir='ltr'>aut</span> <span class='ocrx_word' id='word_1_194' title='bbox 966 1794 1061 1847; x_wconf 91' lang='lat' dir='ltr'>quid</span> <span class='ocrx_word' id='word_1_195' title='bbox 1090 1795 1166 1847; x_wconf 85' lang='lat' dir='ltr'>egi,</span> <span class='ocrx_word' id='word_1_196' title='bbox 1197 1803 1261 1832; x_wconf 85' lang='lat' dir='ltr'>aut</span> <span class='ocrx_word' id='word_1_197' title='bbox 1294 1795 1334 1831; x_wconf 87' lang='lat' dir='ltr'>in</span> <span class='ocrx_word' id='word_1_198' title='bbox 1369 1807 1448 1846; x_wconf 90' lang='lat' dir='ltr'>quo</span> <span class='ocrx_word' id='word_1_199' title='bbox 1481 1793 1688 1844; x_wconf 78' lang='lat' dir='ltr'>evigilave-</span> 
     </span>
     <span class='ocr_line' id='line_1_23' title="bbox 285 1858 1688 1913; baseline -0.003 -15"><span class='ocrx_word' id='word_1_200' title='bbox 285 1870 375 1898; x_wconf 90' lang='lat' dir='ltr'>runt</span> <span class='ocrx_word' id='word_1_201' title='bbox 407 1874 506 1898; x_wconf 86' lang='lat' dir='ltr'>curae</span> <span class='ocrx_word' id='word_1_202' title='bbox 536 1870 575 1898; x_wconf 92' lang='lat' dir='ltr'>et</span> <span class='ocrx_word' id='word_1_203' title='bbox 607 1861 858 1913; x_wconf 81' lang='lat' dir='ltr'>cogitationes</span> <span class='ocrx_word' id='word_1_204' title='bbox 890 1874 1009 1905; x_wconf 84' lang='lat' dir='ltr'>meae,</span> <span class='ocrx_word' id='word_1_205' title='bbox 1046 1860 1072 1898; x_wconf 89' lang='lat' dir='ltr'>fi</span> <span class='ocrx_word' id='word_1_206' title='bbox 1102 1860 1262 1912; x_wconf 87' lang='lat' dir='ltr'>quidem</span> <span class='ocrx_word' id='word_1_207' title='bbox 1294 1858 1394 1897; x_wconf 86' lang='lat' dir='ltr'>nihil</span> <span class='ocrx_word' id='word_1_208' title='bbox 1428 1859 1557 1911; x_wconf 85' lang='lat' dir='ltr'>peperi</span> <span class='ocrx_word' id='word_1_209' title='bbox 1594 1858 1688 1902; x_wconf 76' lang='lat' dir='ltr'>tale,</span> 
     </span>
     <span class='ocr_line' id='line_1_24' title="bbox 281 1923 1690 1978; baseline -0.002 -15"><span class='ocrx_word' id='word_1_210' title='bbox 281 1926 383 1964; x_wconf 86' lang='lat' dir='ltr'>nihil</span> <span class='ocrx_word' id='word_1_211' title='bbox 415 1927 639 1965; x_wconf 87' lang='lat' dir='ltr'>consecutus</span> <span class='ocrx_word' id='word_1_212' title='bbox 660 1927 758 1970; x_wconf 87' lang='lat' dir='ltr'>sum,</span> <span class='ocrx_word' id='word_1_213' title='bbox 795 1935 837 1964; x_wconf 89' lang='lat' dir='ltr'>ut</span> <span class='ocrx_word' id='word_1_214' title='bbox 868 1939 912 1964; x_wconf 92' lang='lat' dir='ltr'>eo</span> <span class='ocrx_word' id='word_1_215' title='bbox 942 1926 1039 1964; x_wconf 88' lang='lat' dir='ltr'>statu</span> <span class='ocrx_word' id='word_1_216' title='bbox 1059 1925 1192 1970; x_wconf 88' lang='lat' dir='ltr'>effem‚</span> <span class='ocrx_word' id='word_1_217' title='bbox 1220 1938 1337 1978; x_wconf 81' lang='lat' dir='ltr'>quem</span> <span class='ocrx_word' id='word_1_218' title='bbox 1369 1937 1494 1976; x_wconf 88' lang='lat' dir='ltr'>neque</span> <span class='ocrx_word' id='word_1_219' title='bbox 1525 1923 1690 1961; x_wconf 83' lang='lat' dir='ltr'>fortunae</span> 
     </span>
     <span class='ocr_line' id='line_1_25' title="bbox 284 1991 1690 2046; baseline -0.003 -15"><span class='ocrx_word' id='word_1_220' title='bbox 284 1994 498 2040; x_wconf 71' lang='lat' dir='ltr'>temeritas,</span> <span class='ocrx_word' id='word_1_221' title='bbox 527 2007 652 2046; x_wconf 89' lang='lat' dir='ltr'>neque</span> <span class='ocrx_word' id='word_1_222' title='bbox 686 1993 942 2032; x_wconf 87' lang='lat' dir='ltr'>inimicorum</span> <span class='ocrx_word' id='word_1_223' title='bbox 972 1991 1215 2031; x_wconf 63' lang='lat' dir='ltr'>labefaetaret</span> <span class='ocrx_word' id='word_1_224' title='bbox 1248 1991 1417 2044; x_wconf 82' lang='lat' dir='ltr'>injuria?</span> <span class='ocrx_word' id='word_1_225' title='bbox 1465 1991 1690 2029; x_wconf 81' lang='lat' dir='ltr'>Mortemne</span> 
     </span>
     <span class='ocr_line' id='line_1_26' title="bbox 283 2055 1689 2106; baseline -0.003 -10"><span class='ocrx_word' id='word_1_226' title='bbox 283 2058 384 2097; x_wconf 85' lang='lat' dir='ltr'>mihi</span> <span class='ocrx_word' id='word_1_227' title='bbox 410 2061 616 2106; x_wconf 82' lang='lat' dir='ltr'>minitaris,</span> <span class='ocrx_word' id='word_1_228' title='bbox 648 2070 691 2099; x_wconf 90' lang='lat' dir='ltr'>ut</span> <span class='ocrx_word' id='word_1_229' title='bbox 722 2061 884 2099; x_wconf 84' lang='lat' dir='ltr'>omnino</span> <span class='ocrx_word' id='word_1_230' title='bbox 914 2060 961 2097; x_wconf 86' lang='lat' dir='ltr'>ab</span> <span class='ocrx_word' id='word_1_231' title='bbox 992 2058 1236 2103; x_wconf 85' lang='lat' dir='ltr'>hominibus,</span> <span class='ocrx_word' id='word_1_232' title='bbox 1269 2072 1315 2095; x_wconf 86' lang='lat' dir='ltr'>an</span> <span class='ocrx_word' id='word_1_233' title='bbox 1351 2057 1529 2100; x_wconf 82' lang='lat' dir='ltr'>exilium,</span> <span class='ocrx_word' id='word_1_234' title='bbox 1565 2065 1607 2092; x_wconf 91' lang='lat' dir='ltr'>ut</span> <span class='ocrx_word' id='word_1_235' title='bbox 1641 2055 1689 2093; x_wconf 86' lang='lat' dir='ltr'>ab</span> 
     </span>
     <span class='ocr_line' id='line_1_27' title="bbox 284 2124 1688 2179; baseline -0.004 -15"><span class='ocrx_word' id='word_1_236' title='bbox 284 2126 488 2179; x_wconf 86' lang='lat' dir='ltr'>improbis,</span> <span class='ocrx_word' id='word_1_237' title='bbox 510 2127 806 2178; x_wconf 87' lang='lat' dir='ltr'>demigrandum</span> <span class='ocrx_word' id='word_1_238' title='bbox 823 2127 895 2165; x_wconf 87' lang='lat' dir='ltr'>fit?</span> <span class='ocrx_word' id='word_1_239' title='bbox 919 2127 1031 2164; x_wconf 73' lang='lat' dir='ltr'>Nlors</span> <span class='ocrx_word' id='word_1_240' title='bbox 1053 2125 1232 2163; x_wconf 85' lang='lat' dir='ltr'>terribilis</span> <span class='ocrx_word' id='word_1_241' title='bbox 1254 2124 1306 2161; x_wconf 82' lang='lat' dir='ltr'>est</span> <span class='ocrx_word' id='word_1_242' title='bbox 1325 2124 1384 2167; x_wconf 83' lang='lat' dir='ltr'>iis,</span> <span class='ocrx_word' id='word_1_243' title='bbox 1407 2135 1574 2174; x_wconf 85' lang='lat' dir='ltr'>quorum</span> <span class='ocrx_word' id='word_1_244' title='bbox 1595 2135 1688 2159; x_wconf 86' lang='lat' dir='ltr'>curn</span> 
     </span>
     <span class='ocr_line' id='line_1_28' title="bbox 284 2187 1687 2243; baseline -0.004 -14"><span class='ocrx_word' id='word_1_245' title='bbox 284 2192 361 2229; x_wconf 83' lang='lat' dir='ltr'>vita</span> <span class='ocrx_word' id='word_1_246' title='bbox 381 2192 512 2230; x_wconf 85' lang='lat' dir='ltr'>omnia</span> <span class='ocrx_word' id='word_1_247' title='bbox 531 2191 824 2243; x_wconf 87' lang='lat' dir='ltr'>extinguuntur,</span> <span class='ocrx_word' id='word_1_248' title='bbox 857 2204 936 2228; x_wconf 90' lang='lat' dir='ltr'>non</span> <span class='ocrx_word' id='word_1_249' title='bbox 964 2191 1025 2233; x_wconf 84' lang='lat' dir='ltr'>iis,</span> <span class='ocrx_word' id='word_1_250' title='bbox 1056 2201 1225 2240; x_wconf 84' lang='lat' dir='ltr'>quorum</span> <span class='ocrx_word' id='word_1_251' title='bbox 1257 2187 1337 2225; x_wconf 80' lang='lat' dir='ltr'>laus</span> <span class='ocrx_word' id='word_1_252' title='bbox 1359 2188 1480 2226; x_wconf 88' lang='lat' dir='ltr'>emori</span> <span class='ocrx_word' id='word_1_253' title='bbox 1511 2200 1588 2224; x_wconf 89' lang='lat' dir='ltr'>non</span> <span class='ocrx_word' id='word_1_254' title='bbox 1615 2200 1687 2239; x_wconf 87' lang='lat' dir='ltr'>po·</span> 
     </span>
     <span class='ocr_line' id='line_1_29' title="bbox 283 2252 1687 2308; baseline -0.004 -13"><span class='ocrx_word' id='word_1_255' title='bbox 283 2258 352 2296; x_wconf 88' lang='lat' dir='ltr'>test</span> <span class='ocrx_word' id='word_1_256' title='bbox 370 2277 381 2302; x_wconf 87' lang='lat'>;</span> <span class='ocrx_word' id='word_1_257' title='bbox 413 2258 578 2297; x_wconf 79' lang='lat' dir='ltr'>exilium</span> <span class='ocrx_word' id='word_1_258' title='bbox 598 2266 728 2295; x_wconf 83' lang='lat' dir='ltr'>autem</span> <span class='ocrx_word' id='word_1_259' title='bbox 749 2256 840 2301; x_wconf 88' lang='lat' dir='ltr'>illis,</span> <span class='ocrx_word' id='word_1_260' title='bbox 871 2255 1013 2308; x_wconf 88' lang='lat' dir='ltr'>quibus</span> <span class='ocrx_word' id='word_1_261' title='bbox 1042 2254 1144 2307; x_wconf 78' lang='lat' dir='ltr'>quasi</span> <span class='ocrx_word' id='word_1_262' title='bbox 1174 2254 1485 2306; x_wconf 68' lang='lat' dir='ltr'>circumstriptus</span> <span class='ocrx_word' id='word_1_263' title='bbox 1506 2253 1556 2291; x_wconf 88' lang='lat' dir='ltr'>est</span> <span class='ocrx_word' id='word_1_264' title='bbox 1573 2252 1687 2290; x_wconf 82' lang='lat' dir='ltr'>habi—</span> 
     </span>
     <span class='ocr_line' id='line_1_30' title="bbox 284 2319 1687 2375; baseline -0.003 -15"><span class='ocrx_word' id='word_1_265' title='bbox 284 2324 390 2361; x_wconf 84' lang='lat' dir='ltr'>tandi</span> <span class='ocrx_word' id='word_1_266' title='bbox 411 2324 533 2368; x_wconf 88' lang='lat' dir='ltr'>locus,</span> <span class='ocrx_word' id='word_1_267' title='bbox 556 2336 634 2366; x_wconf 87' lang='lat' dir='ltr'>non</span> <span class='ocrx_word' id='word_1_268' title='bbox 654 2323 716 2368; x_wconf 90' lang='lat' dir='ltr'>iis,</span> <span class='ocrx_word' id='word_1_269' title='bbox 749 2323 818 2375; x_wconf 88' lang='lat' dir='ltr'>qui</span> <span class='ocrx_word' id='word_1_270' title='bbox 838 2334 997 2361; x_wconf 83' lang='lat' dir='ltr'>omnem</span> <span class='ocrx_word' id='word_1_271' title='bbox 1028 2320 1163 2358; x_wconf 85' lang='lat' dir='ltr'>orbem</span> <span class='ocrx_word' id='word_1_272' title='bbox 1186 2329 1384 2364; x_wconf 78' lang='lat' dir='ltr'>terrarum,</span> <span class='ocrx_word' id='word_1_273' title='bbox 1414 2333 1530 2357; x_wconf 83' lang='lat' dir='ltr'>unam</span> <span class='ocrx_word' id='word_1_274' title='bbox 1553 2319 1687 2357; x_wconf 82' lang='lat' dir='ltr'>urbem</span> 
     </span>
     <span class='ocr_line' id='line_1_31' title="bbox 285 2385 1686 2439; baseline -0.002 -14"><span class='ocrx_word' id='word_1_275' title='bbox 285 2388 356 2426; x_wconf 81' lang='lat' dir='ltr'>effe</span> <span class='ocrx_word' id='word_1_276' title='bbox 376 2390 538 2429; x_wconf 90' lang='lat' dir='ltr'>ducunt.</span> <span class='ocrx_word' id='word_1_277' title='bbox 581 2391 642 2429; x_wconf 88' lang='lat' dir='ltr'>Te</span> <span class='ocrx_word' id='word_1_278' title='bbox 662 2389 835 2433; x_wconf 74' lang='lat' dir='ltr'>miseriae,</span> <span class='ocrx_word' id='word_1_279' title='bbox 869 2398 905 2425; x_wconf 90' lang='lat' dir='ltr'>te</span> <span class='ocrx_word' id='word_1_280' title='bbox 937 2399 1115 2425; x_wconf 83' lang='lat' dir='ltr'>aerumnae</span> <span class='ocrx_word' id='word_1_281' title='bbox 1135 2396 1329 2439; x_wconf 85' lang='lat' dir='ltr'>premunt,</span> <span class='ocrx_word' id='word_1_282' title='bbox 1362 2386 1430 2438; x_wconf 89' lang='lat' dir='ltr'>qui</span> <span class='ocrx_word' id='word_1_283' title='bbox 1459 2395 1494 2423; x_wconf 90' lang='lat' dir='ltr'>te</span> <span class='ocrx_word' id='word_1_284' title='bbox 1517 2385 1686 2429; x_wconf 80' lang='lat' dir='ltr'>beatum,</span> 
     </span>
     <span class='ocr_line' id='line_1_32' title="bbox 284 2452 1685 2508; baseline -0.001 -17"><span class='ocrx_word' id='word_1_285' title='bbox 284 2455 354 2506; x_wconf 88' lang='lat' dir='ltr'>qui</span> <span class='ocrx_word' id='word_1_286' title='bbox 376 2464 412 2492; x_wconf 90' lang='lat' dir='ltr'>te</span> <span class='ocrx_word' id='word_1_287' title='bbox 433 2455 648 2501; x_wconf 76' lang='lat' dir='ltr'>florentem,</span> <span class='ocrx_word' id='word_1_288' title='bbox 665 2465 802 2508; x_wconf 81' lang='lat' dir='ltr'>putas:</span> <span class='ocrx_word' id='word_1_289' title='bbox 836 2465 910 2493; x_wconf 78' lang='lat' dir='ltr'>tuae</span> <span class='ocrx_word' id='word_1_290' title='bbox 935 2453 1112 2491; x_wconf 81' lang='lat' dir='ltr'>libidines</span> <span class='ocrx_word' id='word_1_291' title='bbox 1136 2462 1170 2490; x_wconf 90' lang='lat' dir='ltr'>te</span> <span class='ocrx_word' id='word_1_292' title='bbox 1198 2463 1401 2504; x_wconf 82' lang='lat' dir='ltr'>torquent:</span> <span class='ocrx_word' id='word_1_293' title='bbox 1426 2462 1467 2490; x_wconf 91' lang='lat' dir='ltr'>tu</span> <span class='ocrx_word' id='word_1_294' title='bbox 1488 2452 1567 2490; x_wconf 83' lang='lat' dir='ltr'>dies</span> <span class='ocrx_word' id='word_1_295' title='bbox 1591 2466 1685 2489; x_wconf 78' lang='lat' dir='ltr'>noc—</span> 
     </span>
     <span class='ocr_line' id='line_1_33' title="bbox 286 2517 1687 2574; baseline -0.003 -16"><span class='ocrx_word' id='word_1_296' title='bbox 286 2519 416 2574; x_wconf 85' lang='lat' dir='ltr'>tesque</span> <span class='ocrx_word' id='word_1_297' title='bbox 445 2521 622 2560; x_wconf 81' lang='lat' dir='ltr'>cruciaris</span> <span class='ocrx_word' id='word_1_298' title='bbox 640 2539 652 2567; x_wconf 73' lang='lat'>5</span> <span class='ocrx_word' id='word_1_299' title='bbox 684 2521 748 2560; x_wconf 88' lang='lat' dir='ltr'>cui</span> <span class='ocrx_word' id='word_1_300' title='bbox 777 2534 847 2561; x_wconf 89' lang='lat' dir='ltr'>nec</span> <span class='ocrx_word' id='word_1_301' title='bbox 874 2520 927 2559; x_wconf 89' lang='lat' dir='ltr'>sat</span> <span class='ocrx_word' id='word_1_302' title='bbox 953 2519 1019 2564; x_wconf 88' lang='lat' dir='ltr'>est,</span> <span class='ocrx_word' id='word_1_303' title='bbox 1041 2517 1145 2572; x_wconf 89' lang='lat' dir='ltr'>quod</span> <span class='ocrx_word' id='word_1_304' title='bbox 1164 2517 1243 2564; x_wconf 72' lang='lat' dir='ltr'>est5</span> <span class='ocrx_word' id='word_1_305' title='bbox 1275 2528 1325 2563; x_wconf 78' lang='lat' dir='ltr'>et,</span> <span class='ocrx_word' id='word_1_306' title='bbox 1353 2517 1520 2571; x_wconf 87' lang='lat' dir='ltr'>idipsum</span> <span class='ocrx_word' id='word_1_307' title='bbox 1542 2531 1587 2555; x_wconf 85' lang='lat' dir='ltr'>ne</span> <span class='ocrx_word' id='word_1_308' title='bbox 1610 2529 1687 2555; x_wconf 75' lang='lat' dir='ltr'>non</span> 
     </span>
    </p>
   </div>
  </div>
 </body>
</html>
