2223 3003
447 276 527 330 298
721 275 823 315 DE
882 272 1457 312 SENECTUTE.

448 374 616 427 recepisti
632 392 641 417 ;
666 374 786 417 Certe,
810 370 937 423 inquit
958 370 1108 409 ridens:
1139 386 1235 416 nam,
1257 371 1324 424 nist
1340 383 1382 410 tu
1399 371 1568 426 amg'stſji’s,
1585 385 1765 426 nunquam
1784 389 1850 413 re·

446 440 608 494 cepff‘m.
641 438 726 476 Nec
748 450 835 475 vero
854 437 894 475 in
910 437 1026 475 armis
1046 438 1294 491 praestantior,
1315 452 1432 492 quam
1454 439 1493 477 in
1514 448 1602 492 toga
1617 457 1629 484 ς
1652 438 1720 491 qui
1737 440 1848 477 Con-

447 506 503 543 sul
523 505 678 548 iterum,
701 504 766 556 Sp.
789 503 960 542 Carvilio
979 504 1126 557 collega
1144 505 1375 557 quiescente,
1404 506 1452 544 C.
1476 505 1671 544 Flaminio
1691 505 1846 543 tribuno

446 570 584 624 plebis,
606 569 732 622 quoad
751 569 895 623 potuit,
917 570 1067 615 restitit,
1095 583 1229 624 agrum
1254 572 1452 610 Picentem
1473 581 1510 609 et
1531 571 1733 610 Gallicum
1753 571 1847 609 viri-

446 637 520 675 tim
541 645 673 675 contra
692 635 839 675 senatus
870 637 1133 676 austoritatem
1164 638 1350 677 dividenti
1370 654 1378 677 :
1410 651 1607 692 augurque
1633 651 1724 676 cum
1744 637 1847 682 effer,

447 703 572 741 dicere
602 702 711 741 ausus
742 702 808 748 est,
838 703 999 756 optimis
1031 704 1204 758 auspiciis
1235 718 1278 742 ea
1307 705 1401 758 geri,
1433 718 1518 758 quae
1538 718 1608 758 pro
1628 704 1850 757 reipubliczr

446 768 564 808 salute
583 778 828 822 gererentur;
861 783 945 822 quae
975 779 1110 808 contra
1134 771 1418 823 rempublicam
1449 771 1596 817 fierent,
1628 779 1762 809 contra
1780 783 1849 807 au-

446 834 564 888 spicia
581 835 678 873 fieri.
715 834 847 873 Multa
864 835 904 872 in
923 848 968 873 eo
987 835 1070 873 viro
1088 836 1265 888 praeclara
1283 837 1449 889 cognovi
1467 853 1476 875 :
1508 837 1571 876 sed
1591 835 1691 875 nihil
1711 835 1762 874 est
1781 835 1851 873 ad-

446 901 677 946 mirabilius,
709 914 827 953 quam
858 900 1058 952 quomodo
1085 901 1151 939 ille
1171 911 1338 940 mortem
1359 903 1423 940 M.
1443 902 1516 940 filii
1536 903 1641 947 tulit,
1668 903 1760 941 clari
1777 901 1854 940 viri

446 975 485 1004 et
516 965 737 1004 consularis.
788 964 857 1004 Est
886 966 927 1004 in
959 966 1138 1005 manibus
1168 966 1363 1013 laudatio;
1395 981 1513 1020 quam
1544 981 1637 1006 cum
1669 967 1852 1020 legimus,

447 1045 567 1085 quem
596 1030 877 1085 philosophum
909 1045 988 1071 non
1018 1033 1341 1072 contemnimus?
1373 1033 1461 1072 Nec
1491 1046 1581 1072 vero
1600 1033 1666 1071 ille
1691 1033 1732 1071 in
1765 1033 1855 1071 luce

447 1098 580 1144 modo,
601 1107 715 1152 atque
735 1098 776 1136 in
796 1098 919 1137 oculis
939 1099 1087 1138 civium
1108 1113 1271 1152 magnus
1287 1119 1299 1146 3
1328 1099 1390 1138 sed
1409 1099 1528 1145 intus,
1549 1099 1734 1152 domique
1754 1113 1857 1152 prae-

447 1163 618 1203 stantior.
662 1163 745 1216 Qi
765 1163 917 1203 sermo?
948 1179 1034 1218 quae
1064 1166 1282 1219 praecepta?
1313 1175 1456 1219 quanta
1474 1166 1614 1205 notitia
1642 1165 1856 1218 antiquita·

447 1229 526 1269 tis?
557 1244 644 1283 quae
663 1230 818 1269 scientia
831 1231 929 1282 juris
950 1232 1127 1285 augurii?
1159 1232 1292 1270 multae
1311 1232 1442 1277 etiam,
1463 1241 1507 1270 ut
1526 1232 1567 1270 in
1585 1231 1748 1269 homine
1768 1231 1857 1270 Ro-

449 1309 580 1342 mano,
610 1297 743 1336 literae.
776 1298 925 1336 Omnia
954 1298 1143 1336 memoria
1178 1298 1345 1343 tenebat,
1376 1312 1454 1337 non
1485 1297 1692 1336 domestica
1713 1297 1856 1343 solum,

449 1362 513 1402 sed
542 1363 659 1402 etiam
679 1371 835 1402 externa
855 1363 957 1402 bella
974 1379 983 1403 ι
1015 1365 1125 1416 cujus
1147 1363 1319 1404 sermone
1349 1367 1401 1403 ita
1421 1374 1507 1403 tum
1527 1364 1666 1418 cupide
1686 1363 1855 1409 fruebar,

448 1429 552 1482 quafi
580 1431 664 1481 jam
699 1429 912 1468 divinarem
941 1430 995 1475 id,
1027 1430 1132 1482 quod
1152 1431 1293 1477 evenit,
1324 1431 1392 1470 illo
1411 1432 1598 1476 extinCtQ
1623 1430 1718 1475 fore,
1751 1430 1860 1468 unde

449 1493 648 1539 discerem,
669 1494 883 1534 neminem.

491 1561 543 1598 V.
567 1560 765 1612 Qorsum
786 1561 906 1613 igitur
925 1559 1007 1600 haec
1028 1570 1107 1601 tam
1128 1563 1252 1601 multa
1272 1563 1318 1601 de
1338 1563 1519 1603 Maximo
1537 1564 1550 1600 ?
1572 1563 1664 1616 quia
1682 1561 1860 1616 profecto

449 1625 600 1671 videtis,
633 1623 738 1664 nefas
757 1624 828 1664 esse
858 1625 977 1672 diem,
1010 1627 1187 1688 miseram
1208 1627 1318 1668 fuisse
1339 1630 1456 1668 talem
1477 1629 1724 1668 senectutem.
1766 1628 1857 1667 Nec

449 1702 580 1732 tamen
614 1705 749 1731 omnes
782 1691 936 1746 poffunt
970 1693 1042 1732 esse
1068 1695 1279 1748 Scipiones,
1312 1705 1378 1734 aut
1407 1696 1594 1741 Maximi,
1625 1704 1669 1734 ut
1697 1693 1858 1733 urbium

449 1758 774 1812 expugnationes,
813 1768 858 1797 ut
895 1759 1081 1812 pedestres
1117 1761 1309 1799 navalesve
1343 1775 1488 1815 pugnas
1507 1791 1518 1807 ,
1558 1770 1603 1800 ut
1634 1760 1735 1799 bella
1766 1773 1787 1798 a
1819 1760 1857 1798 se

449 1825 564 1878 gesta,
598 1833 641 1862 ut
662 1823 883 1877 triumphos
903 1826 1162 1865 recordentur.
1208 1827 1276 1866 Est
1302 1829 1418 1866 etiam
1439 1828 1584 1881 quiete,
1618 1836 1656 1865 et
1674 1839 1783 1880 pure,
1817 1835 1857 1865 et

450 1890 640 1942 eleganter
655 1891 745 1927 λᾶε
764 1891 883 1928 aetatis
903 1891 1054 1942 placida
1072 1905 1114 1928 ac
1136 1892 1232 1930 lenis
1254 1893 1437 1938 senectus,
1459 1894 1612 1945 qualem
1633 1894 1858 1946 accepimus

451 1955 639 2000 Platonis,
661 1955 730 2008 qui
751 1969 830 1994 uno
849 1964 887 1994 et
907 1956 1141 2009 offitogefimo
1160 1971 1259 1996 anno
1280 1958 1447 1997 scribens
1466 1968 1643 1996 mortuus
1663 1958 1734 1996 est:
1757 1972 1855 2010 qua-

450 2022 529 2060 lem
551 2022 737 2067 Isocratis,
773 2022 841 2074 qui
872 2035 962 2061 eum
995 2023 1156 2069 librum,
1192 2025 1259 2076 qui
1289 2025 1589 2063 Panathenaicus
1621 2024 1856 2069 inscribitur,

450 2098 587 2141 quarto
606 2097 643 2126 et
666 2088 909 2141 nonagesimo
929 2102 1030 2127 anno
1050 2089 1225 2143 scripsisse
1246 2091 1402 2137 dicitur,
1433 2092 1608 2144 vixitque
1634 2091 1856 2143 quinquen·

451 2155 563 2193 nium
583 2154 730 2207 postea:
762 2155 873 2206 cujus
894 2155 1086 2208 magister,
1108 2157 1322 2195 Leontinus
1339 2158 1518 2210 Gorgias,
1536 2166 1694 2195 centum
1714 2167 1752 2195 et
1773 2157 1857 2211 sep-

450 2231 530 2259 tem
551 2221 763 2274 complevit
783 2234 901 2260 annos
918 2240 929 2267 ³
961 2235 1087 2275 neque
1107 2235 1278 2275 unquam
1311 2223 1350 2261 in
1372 2224 1438 2262 suo
1457 2224 1581 2262 studio
1601 2233 1715 2276 atque
1744 2236 1857 2276 opere

451 2286 629 2325 cess‘avit:
662 2287 744 2339 qui,
779 2300 871 2325 cum
902 2300 948 2326 ex
979 2301 1026 2326 eo
1045 2298 1290 2341 quaereretur,
1323 2303 1391 2328 cur
1413 2290 1561 2328 tamdiu
1582 2290 1697 2328 vellet
1725 2288 1795 2327 esse
1815 2289 1857 2327 in

452 2352 542 2397 vita,
574 2351 685 2390 Nihil
713 2351 833 2396 habco,
870 2353 1013 2406 inquit,
1055 2354 1148 2407 quod
1175 2357 1328 2408 acctfim
1344 2357 1574 2408 fineHutem.
1627 2354 1856 2392 Praeclarum

453 2417 687 2470 responsum,
715 2427 751 2455 et
772 2418 885 2456 doeh)
906 2418 1065 2458 homine
1085 2421 1263 2474 dignum.
1297 2423 1369 2459 Sua
1386 2422 1491 2459 enim
1512 2420 1604 2458 vitia
1622 2420 1857 2473 insipientes,

453 2493 489 2522 ct
512 2483 615 2522 suam
637 2484 792 2538 culpam
815 2485 853 2523 in
877 2484 1108 2526 senectutem
1129 2486 1359 2534 conferunt;
1390 2487 1496 2542 quod
1517 2500 1594 2528 non
1614 2486 1779 2528 faciebat
1807 2487 1859 2534 is,

453 2551 564 2603 cujus
584 2551 702 2593 modo
722 2552 963 2593 mentionem
982 2553 1073 2601 feci,
1104 2554 1270 2600 Ennius,
