2223 3003
800 299 1076 338 LIBER
1139 297 1499 337 PRIMUS.
1801 311 1846 348 ¹9

455 398 587 436 AEneae
620 396 828 442 somnium,
859 397 963 449 quod
994 396 1033 434 id
1067 395 1248 434 Numerii
1282 396 1393 434 Fabii
1414 395 1573 435 Pictoris
1600 394 1746 433 Graecis
1778 408 1846 433 an-

454 463 604 502 nalibus
624 461 812 515 ejusmodi
831 461 897 505 est,
928 470 971 498 ut
990 460 1135 504 omnia,
1167 474 1250 512 quae
1277 462 1323 499 ab
1344 462 1464 499 AEnea
1483 461 1583 514 gesta
1608 460 1709 506 sunt,
1740 473 1846 513 quae-

454 542 530 581 que
561 529 619 566 illi
649 527 883 570 acciderunt,
914 538 957 563 ea
975 523 1134 570 fuerint,
1165 538 1250 576 quae
1269 526 1303 562 ei
1335 525 1545 565 secundnm
1574 528 1746 579 quietem
1772 526 1848 565 visa

454 593 555 632 sunt.

480 660 613 698 XXII.
647 659 718 698 Sed
751 658 928 712 propiora
961 657 1171 695 videamus.
1219 656 1430 710 Cujusnam
1460 657 1569 696 modi
1602 658 1654 696 est
1688 661 1848 712 Superbi

453 725 661 780 Tarquinii
682 725 892 770 somnium,
913 724 959 763 de
978 737 1057 777 quo
1077 724 1117 762 in
1138 724 1258 762 Bruto
1277 724 1391 762 Accii
1410 723 1584 777 loquitur
1603 723 1680 777 ipse
1698 725 1710 761 ?

588 793 680 831 Cum
685 791 768 844 jam
786 791 901 845 quieti
913 799 1039 844 corpus
1056 791 1227 829 nocturno
1245 790 1378 844 impetu

589 857 701 902 Dedi,
715 858 846 910 sppore
856 857 1008 910 placans
1024 865 1131 895 artus
1146 855 1328 910 languidos
1342 874 1354 901 3

591 923 692 977 Vg‘fits
711 923 756 976 est
775 923 811 961 in
816 923 952 977 stmnis
963 922 1087 976 pastor
1105 921 1156 961 ad
1169 937 1222 961 me
1239 923 1411 976 appellere

588 990 705 1028 Pecus
722 988 920 1042 lantgerum
939 989 1065 1027 eximia
1076 988 1346 1042 pulchritudine
1356 1004 1371 1027 .-

589 1055 696 1094 Duos
714 1053 980 1106 constmguineos
998 1053 1128 1092 arietes
1145 1052 1224 1092 inde
1242 1053 1337 1106 eltgi,

583 1118 927 1172 Praeclarioremque
939 1119 1093 1157 alterum
1109 1119 1286 1157 immolare
1304 1132 1357 1157 me
1368 1134 1382 1157 :

587 1183 731 1224 Deinde
747 1182 819 1235 ejus
831 1194 1043 1236 germanum
1061 1182 1225 1223 cornibus
1239 1183 1413 1223 connitier

586 1251 633 1289 In
651 1263 704 1288 me
721 1249 893 1295 arietat-e,
923 1263 1026 1303 eoque
1043 1249 1118 1288 ictu
1135 1263 1189 1288 me
1206 1248 1258 1288 ad
1270 1250 1388 1303 casum
1405 1247 1513 1289 dari:

588 1316 688 1355 Exin
699 1314 922 1369 prostratum
941 1324 1059 1361 terra,
1084 1315 1260 1369 graviter
1264 1315 1445 1370 saucium,

586 1382 802 1436 Refitpinum
811 1400 825 1428 3
856 1382 894 1422 in
912 1383 995 1422 caelo
1012 1381 1177 1422 contueri
1190 1382 1395 1427 maximum,

587 1450 650 1488 Ac
667 1447 853 1501 mirficum
857 1448 1010 1501 facinus
1021 1467 1035 1494 ς
1065 1447 1286 1503 dextrorsum
1304 1447 1420 1488 orbem
1424 1449 1630 1503 flammeum

588 1514 880 1568 Radiatumsblis
897 1514 1024 1569 liquier
1041 1516 1147 1570 curstc
1165 1530 1269 1555 novo.

505 1580 602 1633 Ejus
622 1580 742 1633 igitur
760 1580 900 1620 somnii
918 1595 940 1620 a
958 1581 1238 1634 conjestoribus
1269 1594 1355 1634 quae
1374 1581 1419 1621 fit
1443 1581 1703 1635 interpretatio
1734 1579 1845 1626 faita,

451 1647 662 1686 videamus.

588 1713 681 1755 Rex,
703 1724 782 1763 quae
799 1711 838 1748 in
856 1712 940 1748 vita
958 1712 1135 1762 usurpant
1153 1712 1317 1755 homines,
1338 1711 1512 1763 cogitant,
1542 1720 1688 1756 curant,
1708 1711 1846 1758 vident,

588 1777 746 1830 Qaeque
773 1783 891 1828 agunt
909 1774 1115 1828 vigilantes,
1145 1776 1372 1829 agitantque,
1402 1776 1499 1828 east
1513 1776 1574 1815 cui
1589 1777 1626 1815 in
1640 1778 1764 1830 sbmno
1782 1792 1845 1817 ac-

698 1840 835 1886 cidunt,

588 1908 719 1947 M'nus
746 1906 876 1946 mirum
905 1905 950 1959 est
963 1922 978 1947 .·
992 1906 1066 1960 ſsd
1078 1907 1115 1946 in
1135 1921 1175 1946 re
1193 1916 1301 1947 tanta
1319 1906 1421 1947 haud
1433 1916 1561 1948 temere
1588 1907 1773 1963 insprovg'sb
1791 1910 1845 1963 cff-

683 1973 847 2027 jerunt5

588 2039 706 2079 Proin
725 2038 819 2084 vide,
849 2053 904 2085 ne,
926 2053 1025 2093 quem
1043 2049 1086 2079 tu
1104 2038 1164 2092 effl’
1181 2040 1334 2079 hebetem
1352 2038 1506 2094 deputes,
1522 2050 1619 2094 aeque
1635 2053 1680 2079 ac
1689 2049 1811 2093 pecus,

586 2107 625 2144 Is
630 2105 817 2159 stzpientid
833 2107 1007 2144 munitam
1019 2108 1145 2159 peetus
1163 2107 1341 2159 egregium
1354 2115 1479 2159 gerat,

590 2167 707 2225 Teque
724 2185 832 2224 regno
851 2172 1014 2224 expellat.
1046 2173 1147 2210 Nam
1166 2172 1206 2210 id
1217 2171 1311 2225 quod
1323 2170 1442 2224 desole
1459 2171 1625 2225 ostentum
1643 2171 1688 2224 est
1705 2171 1784 2216 tibi,

588 2237 726 2290 Populo
743 2238 1044 2277 commutationem
1061 2252 1183 2277 rerum
1193 2237 1381 2291 portendit
1383 2237 1474 2291 fhre

588 2303 914 2357 Perpropinquam.
959 2305 1054 2344 Haec
1072 2303 1155 2343 bene
1172 2313 1393 2344 verruncent
1403 2304 1545 2358 populo.
1576 2305 1677 2344 Nam
1696 2303 1789 2358 quod
1802 2299 1853 2342 ad

696 2368 879 2409 dexteram

589 2436 709 2490 Coepit
728 2438 868 2490 curflcm
882 2436 928 2476 ab
946 2437 1042 2476 laeva
1045 2437 1193 2490 signum
1205 2446 1410 2491 praepotens
1426 2455 1438 2482 ς
1461 2437 1701 2489 pulcherrime

590 2503 829 2554 Auguratum
843 2502 901 2556 est,
930 2518 1005 2542 rem
1022 2505 1216 2542 Romanam
1226 2503 1407 2557 publicam
1412 2504 1591 2557 summam
1594 2503 1697 2555 fore.

509 2563 665 2604 XXIII.
696 2569 782 2619 Age
800 2582 904 2607 nunc
923 2569 970 2607 ad
990 2578 1144 2608 externa
1170 2569 1381 2607 redeamus.
1430 2569 1601 2606 Matrem
1635 2564 1844 2605 Phalaridis

456 2629 587 2671 scribit
619 2632 802 2675 Ponticus
837 2634 1074 2679 Heraclides,
1105 2635 1238 2674 doetus
1276 2635 1347 2679 vir,
1389 2633 1538 2673 auditor
1567 2642 1606 2671 et
1638 2631 1846 2685 discipulus

1567 2697 1601 2736 C
1633 2708 1654 2735 2
