<?xml version="1.0" encoding="UTF-8"?>
<!DOCTYPE html PUBLIC "-//W3C//DTD XHTML 1.0 Transitional//EN"
    "http://www.w3.org/TR/xhtml1/DTD/xhtml1-transitional.dtd">
<html xmlns="http://www.w3.org/1999/xhtml" xml:lang="en" lang="en">
 <head>
  <title>
</title>
<meta http-equiv="Content-Type" content="text/html;charset=utf-8" />
  <meta name='ocr-system' content='tesseract 3.04.00' />
  <meta name='ocr-capabilities' content='ocr_page ocr_carea ocr_par ocr_line ocrx_word'/>
</head>
<body>
  <div class='ocr_page' id='page_1' title='image "./operacumindicibu03ciceuoft_0392.png"; bbox 0 0 2223 3003; ppageno 0'>
   <div class='ocr_carea' id='block_1_1' title="bbox 466 245 1571 304">
    <p class='ocr_par' dir='ltr' id='par_1_1' title="bbox 466 245 1571 304">
     <span class='ocr_line' id='line_1_1' title="bbox 466 245 1571 304; baseline -0.004 -14"><span class='ocrx_word' id='word_1_1' title='bbox 466 249 544 304; x_wconf 90' lang='lat'>386</span> <span class='ocrx_word' id='word_1_2' title='bbox 763 245 1571 288; x_wconf 85' lang='lat' dir='ltr'>PHILOSOPHICORUM</span> 
     </span>
    </p>
   </div>
   <div class='ocr_carea' id='block_1_2' title="bbox 458 344 1878 2671">
    <p class='ocr_par' dir='ltr' id='par_1_2' title="bbox 464 344 1872 454">
     <span class='ocr_line' id='line_1_2' title="bbox 464 344 1872 400; baseline -0.001 -11"><span class='ocrx_word' id='word_1_3' title='bbox 464 349 584 389; x_wconf 78' lang='grc' dir='ltr'><strong>ΝοΝ.</strong></span> <span class='ocrx_word' id='word_1_4' title='bbox 608 347 847 399; x_wconf 55' lang='lat' dir='ltr'>Temulenta]</span> <span class='ocrx_word' id='word_1_5' title='bbox 892 346 1085 400; x_wconf 81' lang='lat' dir='ltr'>Magnam</span> <span class='ocrx_word' id='word_1_6' title='bbox 1115 344 1232 385; x_wconf 88' lang='lat' dir='ltr'>habet</span> <span class='ocrx_word' id='word_1_7' title='bbox 1268 345 1350 385; x_wconf 90' lang='lat' dir='ltr'>vim</span> <span class='ocrx_word' id='word_1_8' title='bbox 1383 345 1586 400; x_wconf 85' lang='lat' dir='ltr'>disciplina</span> <span class='ocrx_word' id='word_1_9' title='bbox 1619 345 1872 388; x_wconf 72' lang='lat' dir='ltr'>verecundiae.</span> 
     </span>
     <span class='ocr_line' id='line_1_3' title="bbox 519 412 1198 454; baseline -0.003 0"><span class='ocrx_word' id='word_1_10' title='bbox 519 417 661 454; x_wconf 84' lang='lat' dir='ltr'>Carent</span> <span class='ocrx_word' id='word_1_11' title='bbox 681 422 826 452; x_wconf 88' lang='lat' dir='ltr'>temeto</span> <span class='ocrx_word' id='word_1_12' title='bbox 847 426 982 452; x_wconf 89' lang='lat' dir='ltr'>omnes</span> <span class='ocrx_word' id='word_1_13' title='bbox 1003 412 1198 452; x_wconf 85' lang='lat' dir='ltr'>mulieres.</span> 
     </span>
    </p>

    <p class='ocr_par' dir='ltr' id='par_1_3' title="bbox 462 478 1874 586">
     <span class='ocr_line' id='line_1_4' title="bbox 462 478 1874 534; baseline -0.001 -14"><span class='ocrx_word' id='word_1_14' title='bbox 462 481 576 520; x_wconf 61' lang='lat' dir='ltr'>Non.</span> <span class='ocrx_word' id='word_1_15' title='bbox 598 481 751 534; x_wconf 57' lang='lat' dir='ltr'>Fama]</span> <span class='ocrx_word' id='word_1_16' title='bbox 783 489 898 534; x_wconf 90' lang='lat' dir='ltr'>atque</span> <span class='ocrx_word' id='word_1_17' title='bbox 916 480 1080 519; x_wconf 75' lang='lat' dir='ltr'>etiam-si</span> <span class='ocrx_word' id='word_1_18' title='bbox 1101 493 1178 534; x_wconf 86' lang='lat' dir='ltr'>qua</span> <span class='ocrx_word' id='word_1_19' title='bbox 1195 489 1273 519; x_wconf 87' lang='lat' dir='ltr'>erat</span> <span class='ocrx_word' id='word_1_20' title='bbox 1292 479 1450 526; x_wconf 87' lang='lat' dir='ltr'>famosa,</span> <span class='ocrx_word' id='word_1_21' title='bbox 1465 480 1500 518; x_wconf 86' lang='lat' dir='ltr'>ei</span> <span class='ocrx_word' id='word_1_22' title='bbox 1519 478 1675 533; x_wconf 83' lang='lat' dir='ltr'>cognati</span> <span class='ocrx_word' id='word_1_23' title='bbox 1695 478 1874 518; x_wconf 90' lang='lat' dir='ltr'>osculum</span> 
     </span>
     <span class='ocr_line' id='line_1_5' title="bbox 517 546 803 586; baseline 0 -1"><span class='ocrx_word' id='word_1_24' title='bbox 517 561 595 586; x_wconf 90' lang='lat' dir='ltr'>non</span> <span class='ocrx_word' id='word_1_25' title='bbox 613 546 803 586; x_wconf 86' lang='lat' dir='ltr'>ferebant.</span> 
     </span>
    </p>

    <p class='ocr_par' dir='ltr' id='par_1_4' title="bbox 463 612 1878 720">
     <span class='ocr_line' id='line_1_6' title="bbox 463 612 1878 668; baseline -0.001 -15"><span class='ocrx_word' id='word_1_26' title='bbox 463 613 578 653; x_wconf 66' lang='lat' dir='ltr'>Nou.</span> <span class='ocrx_word' id='word_1_27' title='bbox 603 613 781 667; x_wconf 59' lang='lat' dir='ltr'>Clepera]</span> <span class='ocrx_word' id='word_1_28' title='bbox 803 613 898 653; x_wconf 91' lang='lat' dir='ltr'>Non</span> <span class='ocrx_word' id='word_1_29' title='bbox 921 613 1038 653; x_wconf 89' lang='lat' dir='ltr'>modo</span> <span class='ocrx_word' id='word_1_30' title='bbox 1060 623 1101 653; x_wconf 87' lang='lat' dir='ltr'>ut</span> <span class='ocrx_word' id='word_1_31' title='bbox 1122 615 1277 668; x_wconf 83' lang='lat' dir='ltr'>Spartae,</span> <span class='ocrx_word' id='word_1_32' title='bbox 1295 628 1425 668; x_wconf 88' lang='lat' dir='ltr'>rapere</span> <span class='ocrx_word' id='word_1_33' title='bbox 1445 613 1514 652; x_wconf 89' lang='lat' dir='ltr'>ubi</span> <span class='ocrx_word' id='word_1_34' title='bbox 1530 613 1654 668; x_wconf 90' lang='lat' dir='ltr'>pueri,</span> <span class='ocrx_word' id='word_1_35' title='bbox 1671 621 1710 652; x_wconf 90' lang='lat' dir='ltr'>et</span> <span class='ocrx_word' id='word_1_36' title='bbox 1724 612 1878 666; x_wconf 85' lang='lat' dir='ltr'><strong>clepere</strong></span> 
     </span>
     <span class='ocr_line' id='line_1_7' title="bbox 515 681 683 720; baseline 0.006 -1"><span class='ocrx_word' id='word_1_37' title='bbox 515 681 683 720; x_wconf 90' lang='lat' dir='ltr'>discunt.</span> 
     </span>
    </p>

    <p class='ocr_par' dir='ltr' id='par_1_5' title="bbox 462 747 1876 853">
     <span class='ocr_line' id='line_1_8' title="bbox 462 747 1876 803; baseline -0.001 -17"><span class='ocrx_word' id='word_1_38' title='bbox 462 749 590 786; x_wconf 72' lang='lat' dir='ltr'>SERv.</span> <span class='ocrx_word' id='word_1_39' title='bbox 613 748 734 802; x_wconf 92' lang='lat' dir='ltr'>Apud</span> <span class='ocrx_word' id='word_1_40' title='bbox 756 749 914 788; x_wconf 87' lang='lat' dir='ltr'>Graecos</span> <span class='ocrx_word' id='word_1_41' title='bbox 945 748 1154 803; x_wconf 89' lang='lat' dir='ltr'>opprobrio</span> <span class='ocrx_word' id='word_1_42' title='bbox 1174 747 1252 788; x_wconf 90' lang='lat' dir='ltr'>fuit</span> <span class='ocrx_word' id='word_1_43' title='bbox 1281 748 1601 793; x_wconf 77' lang='lat' dir='ltr'>adolescentibus,</span> <span class='ocrx_word' id='word_1_44' title='bbox 1630 748 1655 786; x_wconf 87' lang='lat' dir='ltr'><strong>fi</strong></span> <span class='ocrx_word' id='word_1_45' title='bbox 1687 754 1876 786; x_wconf 83' lang='lat' dir='ltr'>amatores</span> 
     </span>
     <span class='ocr_line' id='line_1_9' title="bbox 515 812 814 853; baseline 0.003 -1"><span class='ocrx_word' id='word_1_46' title='bbox 515 827 595 852; x_wconf 91' lang='lat' dir='ltr'>non</span> <span class='ocrx_word' id='word_1_47' title='bbox 614 812 814 853; x_wconf 88' lang='lat' dir='ltr'>haberent.</span> 
     </span>
    </p>

    <p class='ocr_par' dir='ltr' id='par_1_6' title="bbox 462 879 1878 1068">
     <span class='ocr_line' id='line_1_10' title="bbox 462 879 1877 935; baseline 0 -17"><span class='ocrx_word' id='word_1_48' title='bbox 462 879 577 919; x_wconf 79' lang='lat' dir='ltr'>NoN.</span> <span class='ocrx_word' id='word_1_49' title='bbox 599 881 781 934; x_wconf 86' lang='lat' dir='ltr'>Jurgium</span> <span class='ocrx_word' id='word_1_50' title='bbox 800 896 824 919; x_wconf 88' lang='lat' dir='ltr'>a</span> <span class='ocrx_word' id='word_1_51' title='bbox 842 881 938 935; x_wconf 55' lang='lat' dir='ltr'>lita]</span> <span class='ocrx_word' id='word_1_52' title='bbox 959 879 1159 926; x_wconf 87' lang='lat' dir='ltr'>Admir0r‚</span> <span class='ocrx_word' id='word_1_53' title='bbox 1181 893 1253 919; x_wconf 90' lang='lat' dir='ltr'>nec</span> <span class='ocrx_word' id='word_1_54' title='bbox 1273 894 1402 920; x_wconf 91' lang='lat' dir='ltr'>rerum</span> <span class='ocrx_word' id='word_1_55' title='bbox 1419 880 1564 926; x_wconf 82' lang='lat' dir='ltr'>solum,</span> <span class='ocrx_word' id='word_1_56' title='bbox 1586 881 1649 920; x_wconf 86' lang='lat' dir='ltr'>sed</span> <span class='ocrx_word' id='word_1_57' title='bbox 1669 880 1877 920; x_wconf 87' lang='lat' dir='ltr'>verborum</span> 
     </span>
     <span class='ocr_line' id='line_1_11' title="bbox 516 947 1878 1001; baseline 0.001 -16"><span class='ocrx_word' id='word_1_58' title='bbox 516 947 634 986; x_wconf 90' lang='lat' dir='ltr'>etiam</span> <span class='ocrx_word' id='word_1_59' title='bbox 654 947 901 1000; x_wconf 83' lang='lat' dir='ltr'>elegantiam.</span> <span class='ocrx_word' id='word_1_60' title='bbox 935 947 978 986; x_wconf 87' lang='lat' dir='ltr'>Si</span> <span class='ocrx_word' id='word_1_61' title='bbox 980 947 1159 1001; x_wconf 86' lang='lat' dir='ltr'>jurgant,</span> <span class='ocrx_word' id='word_1_62' title='bbox 1193 947 1347 1001; x_wconf 90' lang='lat' dir='ltr'>inquit:</span> <span class='ocrx_word' id='word_1_63' title='bbox 1379 947 1657 987; x_wconf 87' lang='lat' dir='ltr'>benevolorum</span> <span class='ocrx_word' id='word_1_64' title='bbox 1677 955 1878 987; x_wconf 89' lang='lat' dir='ltr'>concerta-</span> 
     </span>
     <span class='ocr_line' id='line_1_12' title="bbox 516 1013 1417 1068; baseline 0.001 -15"><span class='ocrx_word' id='word_1_65' title='bbox 516 1014 586 1061; x_wconf 86' lang='lat' dir='ltr'>tio,</span> <span class='ocrx_word' id='word_1_66' title='bbox 607 1028 687 1053; x_wconf 89' lang='lat' dir='ltr'>non</span> <span class='ocrx_word' id='word_1_67' title='bbox 707 1013 754 1052; x_wconf 89' lang='lat' dir='ltr'>lis</span> <span class='ocrx_word' id='word_1_68' title='bbox 775 1013 1044 1060; x_wconf 88' lang='lat' dir='ltr'>inimicorum,</span> <span class='ocrx_word' id='word_1_69' title='bbox 1059 1014 1240 1068; x_wconf 88' lang='lat' dir='ltr'>jurgium</span> <span class='ocrx_word' id='word_1_70' title='bbox 1259 1014 1417 1054; x_wconf 91' lang='lat' dir='ltr'>dicitur.</span> 
     </span>
    </p>

    <p class='ocr_par' dir='ltr' id='par_1_7' title="bbox 460 1080 1876 1136">
     <span class='ocr_line' id='line_1_13' title="bbox 460 1080 1876 1136; baseline 0 -16"><span class='ocrx_word' id='word_1_71' title='bbox 460 1080 577 1120; x_wconf 83' lang='lat' dir='ltr'>NON.</span> <span class='ocrx_word' id='word_1_72' title='bbox 595 1080 701 1135; x_wconf 86' lang='lat' dir='ltr'>ibid.]</span> <span class='ocrx_word' id='word_1_73' title='bbox 723 1081 886 1135; x_wconf 88' lang='lat' dir='ltr'>Jurgare</span> <span class='ocrx_word' id='word_1_74' title='bbox 903 1081 1025 1135; x_wconf 89' lang='lat' dir='ltr'>igitur</span> <span class='ocrx_word' id='word_1_75' title='bbox 1044 1081 1107 1121; x_wconf 85' lang='lat' dir='ltr'>lex</span> <span class='ocrx_word' id='word_1_76' title='bbox 1126 1091 1238 1136; x_wconf 90' lang='lat' dir='ltr'>putat</span> <span class='ocrx_word' id='word_1_77' title='bbox 1256 1082 1358 1120; x_wconf 89' lang='lat' dir='ltr'>inter</span> <span class='ocrx_word' id='word_1_78' title='bbox 1377 1081 1413 1120; x_wconf 89' lang='lat' dir='ltr'>se</span> <span class='ocrx_word' id='word_1_79' title='bbox 1431 1081 1596 1127; x_wconf 88' lang='lat' dir='ltr'>vicinos,</span> <span class='ocrx_word' id='word_1_80' title='bbox 1611 1094 1688 1120; x_wconf 92' lang='lat' dir='ltr'>non</span> <span class='ocrx_word' id='word_1_81' title='bbox 1709 1080 1876 1134; x_wconf 82' lang='lat' dir='ltr'>litigare.</span> 
     </span>
    </p>

    <p class='ocr_par' dir='ltr' id='par_1_8' title="bbox 460 1147 1878 1270">
     <span class='ocr_line' id='line_1_14' title="bbox 460 1147 1878 1203; baseline -0.001 -16"><span class='ocrx_word' id='word_1_82' title='bbox 460 1147 576 1187; x_wconf 66' lang='lat' dir='ltr'>Non.</span> <span class='ocrx_word' id='word_1_83' title='bbox 600 1148 830 1194; x_wconf 83' lang='lat' dir='ltr'>Petulantia,</span> <span class='ocrx_word' id='word_1_84' title='bbox 846 1148 1097 1203; x_wconf 82' lang='lat' dir='ltr'>Procacz‘tas.]</span> <span class='ocrx_word' id='word_1_85' title='bbox 1121 1150 1257 1202; x_wconf 89' lang='lat' dir='ltr'>Itaque</span> <span class='ocrx_word' id='word_1_86' title='bbox 1277 1162 1297 1187; x_wconf 89' lang='lat' dir='ltr'>a</span> <span class='ocrx_word' id='word_1_87' title='bbox 1311 1149 1478 1203; x_wconf 91' lang='lat' dir='ltr'>petendo</span> <span class='ocrx_word' id='word_1_88' title='bbox 1497 1148 1724 1203; x_wconf 89' lang='lat' dir='ltr'>petulantia,</span> <span class='ocrx_word' id='word_1_89' title='bbox 1745 1161 1766 1187; x_wconf 91' lang='lat' dir='ltr'>a</span> <span class='ocrx_word' id='word_1_90' title='bbox 1785 1159 1878 1202; x_wconf 89' lang='lat' dir='ltr'>pro-</span> 
     </span>
     <span class='ocr_line' id='line_1_15' title="bbox 516 1214 1570 1270; baseline 0 -16"><span class='ocrx_word' id='word_1_91' title='bbox 516 1215 654 1261; x_wconf 88' lang='lat' dir='ltr'>cando,</span> <span class='ocrx_word' id='word_1_92' title='bbox 675 1215 715 1254; x_wconf 93' lang='lat' dir='ltr'>id</span> <span class='ocrx_word' id='word_1_93' title='bbox 734 1214 801 1261; x_wconf 89' lang='lat' dir='ltr'>est,</span> <span class='ocrx_word' id='word_1_94' title='bbox 822 1215 1028 1269; x_wconf 86' lang='lat' dir='ltr'>poscendo,</span> <span class='ocrx_word' id='word_1_95' title='bbox 1049 1216 1264 1270; x_wconf 90' lang='lat' dir='ltr'>procacitas</span> <span class='ocrx_word' id='word_1_96' title='bbox 1285 1216 1485 1255; x_wconf 89' lang='lat' dir='ltr'>nominata</span> <span class='ocrx_word' id='word_1_97' title='bbox 1503 1215 1570 1254; x_wconf 91' lang='lat' dir='ltr'>est.</span> 
     </span>
    </p>

    <p class='ocr_par' dir='ltr' id='par_1_9' title="bbox 459 1279 1876 1402">
     <span class='ocr_line' id='line_1_16' title="bbox 459 1279 1876 1336; baseline -0.001 -15"><span class='ocrx_word' id='word_1_98' title='bbox 459 1281 577 1322; x_wconf 69' lang='lat' dir='ltr'>Non.</span> <span class='ocrx_word' id='word_1_99' title='bbox 598 1281 740 1335; x_wconf 65' lang='lat' dir='ltr'>Fides]</span> <span class='ocrx_word' id='word_1_100' title='bbox 775 1281 891 1321; x_wconf 87' lang='lat' dir='ltr'>Fides</span> <span class='ocrx_word' id='word_1_101' title='bbox 921 1283 1030 1321; x_wconf 88' lang='lat' dir='ltr'>enim</span> <span class='ocrx_word' id='word_1_102' title='bbox 1062 1296 1209 1322; x_wconf 91' lang='lat' dir='ltr'>nomen</span> <span class='ocrx_word' id='word_1_103' title='bbox 1243 1282 1373 1336; x_wconf 91' lang='lat' dir='ltr'>ipsum</span> <span class='ocrx_word' id='word_1_104' title='bbox 1404 1281 1506 1322; x_wconf 86' lang='lat' dir='ltr'>mihi</span> <span class='ocrx_word' id='word_1_105' title='bbox 1535 1281 1689 1321; x_wconf 90' lang='lat' dir='ltr'>videtur</span> <span class='ocrx_word' id='word_1_106' title='bbox 1721 1279 1876 1327; x_wconf 88' lang='lat' dir='ltr'>habere,</span> 
     </span>
     <span class='ocr_line' id='line_1_17' title="bbox 514 1348 994 1402; baseline 0 -15"><span class='ocrx_word' id='word_1_107' title='bbox 514 1362 608 1388; x_wconf 91' lang='lat' dir='ltr'>cum</span> <span class='ocrx_word' id='word_1_108' title='bbox 629 1348 688 1394; x_wconf 89' lang='lat' dir='ltr'>fit,</span> <span class='ocrx_word' id='word_1_109' title='bbox 710 1348 817 1402; x_wconf 92' lang='lat' dir='ltr'>quod</span> <span class='ocrx_word' id='word_1_110' title='bbox 837 1349 994 1387; x_wconf 88' lang='lat' dir='ltr'>dicitur.</span> 
     </span>
    </p>

    <p class='ocr_par' dir='ltr' id='par_1_10' title="bbox 459 1414 1878 1668">
     <span class='ocr_line' id='line_1_18' title="bbox 460 1414 1875 1470; baseline -0.001 -16"><span class='ocrx_word' id='word_1_111' title='bbox 460 1415 577 1454; x_wconf 67' lang='lat' dir='ltr'>Nou.</span> <span class='ocrx_word' id='word_1_112' title='bbox 614 1415 940 1469; x_wconf 82' lang='lat' dir='ltr'>Blandimentum.]</span> <span class='ocrx_word' id='word_1_113' title='bbox 1000 1416 1046 1454; x_wconf 90' lang='lat' dir='ltr'>In</span> <span class='ocrx_word' id='word_1_114' title='bbox 1081 1415 1165 1454; x_wconf 90' lang='lat' dir='ltr'>cive</span> <span class='ocrx_word' id='word_1_115' title='bbox 1191 1415 1356 1462; x_wconf 83' lang='lat' dir='ltr'>excelso,</span> <span class='ocrx_word' id='word_1_116' title='bbox 1395 1425 1511 1470; x_wconf 89' lang='lat' dir='ltr'>atque</span> <span class='ocrx_word' id='word_1_117' title='bbox 1540 1414 1704 1454; x_wconf 90' lang='lat' dir='ltr'>homine</span> <span class='ocrx_word' id='word_1_118' title='bbox 1734 1414 1875 1461; x_wconf 88' lang='lat' dir='ltr'>nobili,</span> 
     </span>
     <span class='ocr_line' id='line_1_19' title="bbox 515 1481 1842 1526; baseline -0.001 -6"><span class='ocrx_word' id='word_1_119' title='bbox 515 1481 762 1526; x_wconf 89' lang='lat' dir='ltr'>blanditiam,</span> <span class='ocrx_word' id='word_1_120' title='bbox 783 1481 1095 1526; x_wconf 84' lang='lat' dir='ltr'>ostentationem,</span> <span class='ocrx_word' id='word_1_121' title='bbox 1120 1482 1394 1526; x_wconf 89' lang='lat' dir='ltr'>ambitionem,</span> <span class='ocrx_word' id='word_1_122' title='bbox 1416 1491 1549 1519; x_wconf 88' lang='lat' dir='ltr'>notam</span> <span class='ocrx_word' id='word_1_123' title='bbox 1569 1481 1641 1519; x_wconf 84' lang='lat' dir='ltr'>effe</span> <span class='ocrx_word' id='word_1_124' title='bbox 1660 1481 1842 1519; x_wconf 83' lang='lat' dir='ltr'>levitatis.</span> 
     </span>
     <span class='ocr_line' id='line_1_20' title="bbox 459 1546 1878 1601; baseline -0.001 -13"><span class='ocrx_word' id='word_1_125' title='bbox 459 1548 575 1588; x_wconf 81' lang='lat' dir='ltr'>NON.</span> <span class='ocrx_word' id='word_1_126' title='bbox 597 1547 804 1600; x_wconf 85' lang='lat' dir='ltr'>Portitor.]</span> <span class='ocrx_word' id='word_1_127' title='bbox 835 1546 944 1586; x_wconf 94' lang='lat' dir='ltr'>Nolo</span> <span class='ocrx_word' id='word_1_128' title='bbox 976 1547 1085 1585; x_wconf 90' lang='lat' dir='ltr'>enim</span> <span class='ocrx_word' id='word_1_129' title='bbox 1115 1547 1284 1586; x_wconf 90' lang='lat' dir='ltr'>eundem</span> <span class='ocrx_word' id='word_1_130' title='bbox 1303 1547 1512 1601; x_wconf 87' lang='lat' dir='ltr'>populum,</span> <span class='ocrx_word' id='word_1_131' title='bbox 1545 1547 1818 1601; x_wconf 88' lang='lat' dir='ltr'>imperatorem</span> <span class='ocrx_word' id='word_1_132' title='bbox 1838 1556 1878 1586; x_wconf 87' lang='lat' dir='ltr'>et</span> 
     </span>
     <span class='ocr_line' id='line_1_21' title="bbox 514 1612 1876 1668; baseline 0 -15"><span class='ocrx_word' id='word_1_133' title='bbox 514 1614 746 1668; x_wconf 89' lang='lat' dir='ltr'>portitorem</span> <span class='ocrx_word' id='word_1_134' title='bbox 766 1612 837 1652; x_wconf 80' lang='lat' dir='ltr'>effe</span> <span class='ocrx_word' id='word_1_135' title='bbox 868 1621 1080 1652; x_wconf 87' lang='lat' dir='ltr'>terrarum:</span> <span class='ocrx_word' id='word_1_136' title='bbox 1111 1614 1311 1667; x_wconf 90' lang='lat' dir='ltr'>optimum</span> <span class='ocrx_word' id='word_1_137' title='bbox 1336 1623 1467 1652; x_wconf 86' lang='lat' dir='ltr'>autem</span> <span class='ocrx_word' id='word_1_138' title='bbox 1499 1623 1537 1652; x_wconf 91' lang='lat' dir='ltr'>et</span> <span class='ocrx_word' id='word_1_139' title='bbox 1568 1615 1608 1652; x_wconf 88' lang='lat' dir='ltr'>in</span> <span class='ocrx_word' id='word_1_140' title='bbox 1640 1614 1797 1667; x_wconf 86' lang='lat' dir='ltr'>privatis</span> <span class='ocrx_word' id='word_1_141' title='bbox 1817 1613 1876 1653; x_wconf 88' lang='lat' dir='ltr'>fa-</span> 
     </span>
    </p>

    <p class='ocr_par' dir='ltr' id='par_1_11' title="bbox 513 1680 1694 1734">
     <span class='ocr_line' id='line_1_22' title="bbox 513 1680 1694 1734; baseline -0.001 -14"><span class='ocrx_word' id='word_1_142' title='bbox 513 1681 651 1727; x_wconf 90' lang='lat' dir='ltr'>miliis,</span> <span class='ocrx_word' id='word_1_143' title='bbox 671 1689 710 1719; x_wconf 89' lang='lat' dir='ltr'>et</span> <span class='ocrx_word' id='word_1_144' title='bbox 731 1681 771 1719; x_wconf 90' lang='lat' dir='ltr'>in</span> <span class='ocrx_word' id='word_1_145' title='bbox 792 1680 992 1734; x_wconf 89' lang='lat' dir='ltr'>republica</span> <span class='ocrx_word' id='word_1_146' title='bbox 1012 1680 1174 1734; x_wconf 64' lang='lat' dir='ltr'>vestigal</span> <span class='ocrx_word' id='word_1_147' title='bbox 1195 1681 1297 1720; x_wconf 91' lang='lat' dir='ltr'>duco</span> <span class='ocrx_word' id='word_1_148' title='bbox 1316 1680 1388 1719; x_wconf 79' lang='lat' dir='ltr'>effe</span> <span class='ocrx_word' id='word_1_149' title='bbox 1408 1681 1694 1734; x_wconf 75' lang='lat' dir='ltr'>parsimoniam.</span> 
     </span>
    </p>

    <p class='ocr_par' dir='ltr' id='par_1_12' title="bbox 458 1746 1580 1802">
     <span class='ocr_line' id='line_1_23' title="bbox 458 1746 1580 1802; baseline -0.001 -15"><span class='ocrx_word' id='word_1_150' title='bbox 458 1747 575 1788; x_wconf 77' lang='lat' dir='ltr'>NoN.</span> <span class='ocrx_word' id='word_1_151' title='bbox 598 1747 778 1802; x_wconf 88' lang='lat' dir='ltr'>Pecuda.]</span> <span class='ocrx_word' id='word_1_152' title='bbox 809 1749 835 1774; x_wconf 77' lang='lat'><em>*</em></span> <span class='ocrx_word' id='word_1_153' title='bbox 857 1760 949 1787; x_wconf 91' lang='lat' dir='ltr'>cum</span> <span class='ocrx_word' id='word_1_154' title='bbox 966 1746 1153 1787; x_wconf 87' lang='lat' dir='ltr'>adhibent</span> <span class='ocrx_word' id='word_1_155' title='bbox 1173 1748 1213 1787; x_wconf 89' lang='lat' dir='ltr'>in</span> <span class='ocrx_word' id='word_1_156' title='bbox 1233 1748 1382 1802; x_wconf 89' lang='lat' dir='ltr'>pecuda</span> <span class='ocrx_word' id='word_1_157' title='bbox 1402 1747 1580 1801; x_wconf 78' lang='lat' dir='ltr'>pastores.</span> 
     </span>
    </p>

    <p class='ocr_par' dir='ltr' id='par_1_13' title="bbox 460 1814 1876 1986">
     <span class='ocr_line' id='line_1_24' title="bbox 460 1814 1875 1869; baseline -0.001 -16"><span class='ocrx_word' id='word_1_158' title='bbox 460 1814 576 1854; x_wconf 82' lang='lat' dir='ltr'>NON.</span> <span class='ocrx_word' id='word_1_159' title='bbox 594 1814 808 1869; x_wconf 62' lang='lat' dir='ltr'>Excipere]</span> <span class='ocrx_word' id='word_1_160' title='bbox 831 1816 855 1841; x_wconf 80' lang='lat'><em>*</em></span> <span class='ocrx_word' id='word_1_161' title='bbox 872 1815 979 1867; x_wconf 93' lang='lat' dir='ltr'>quod</span> <span class='ocrx_word' id='word_1_162' title='bbox 999 1815 1211 1869; x_wconf 88' lang='lat' dir='ltr'>insepultos</span> <span class='ocrx_word' id='word_1_163' title='bbox 1233 1814 1470 1868; x_wconf 86' lang='lat' dir='ltr'>reliquiffent</span> <span class='ocrx_word' id='word_1_164' title='bbox 1485 1829 1563 1861; x_wconf 88' lang='lat' dir='ltr'>eos,</span> <span class='ocrx_word' id='word_1_165' title='bbox 1581 1828 1679 1868; x_wconf 91' lang='lat' dir='ltr'>quos</span> <span class='ocrx_word' id='word_1_166' title='bbox 1699 1827 1747 1853; x_wconf 84' lang='lat' dir='ltr'>ex</span> <span class='ocrx_word' id='word_1_167' title='bbox 1764 1814 1875 1860; x_wconf 86' lang='lat' dir='ltr'>mari,</span> 
     </span>
     <span class='ocr_line' id='line_1_25' title="bbox 514 1881 1876 1936; baseline 0.001 -16"><span class='ocrx_word' id='word_1_168' title='bbox 514 1891 673 1935; x_wconf 88' lang='lat' dir='ltr'>propter</span> <span class='ocrx_word' id='word_1_169' title='bbox 702 1882 786 1920; x_wconf 88' lang='lat' dir='ltr'>vim</span> <span class='ocrx_word' id='word_1_170' title='bbox 817 1881 1067 1934; x_wconf 88' lang='lat' dir='ltr'>tempestatis,</span> <span class='ocrx_word' id='word_1_171' title='bbox 1101 1883 1278 1936; x_wconf 85' lang='lat' dir='ltr'>excipere</span> <span class='ocrx_word' id='word_1_172' title='bbox 1299 1896 1375 1921; x_wconf 92' lang='lat' dir='ltr'>non</span> <span class='ocrx_word' id='word_1_173' title='bbox 1406 1882 1629 1935; x_wconf 89' lang='lat' dir='ltr'>potuissent,</span> <span class='ocrx_word' id='word_1_174' title='bbox 1651 1883 1876 1921; x_wconf 86' lang='lat' dir='ltr'>innocentes</span> 
     </span>
     <span class='ocr_line' id='line_1_26' title="bbox 515 1955 751 1986; baseline -0.004 0"><span class='ocrx_word' id='word_1_175' title='bbox 515 1955 751 1986; x_wconf 78' lang='lat' dir='ltr'>necaverint.</span> 
     </span>
    </p>

    <p class='ocr_par' dir='ltr' id='par_1_14' title="bbox 461 2012 1876 2201">
     <span class='ocr_line' id='line_1_27' title="bbox 461 2012 1876 2068; baseline -0.003 -14"><span class='ocrx_word' id='word_1_176' title='bbox 461 2014 573 2054; x_wconf 67' lang='lat' dir='ltr'>Non.</span> <span class='ocrx_word' id='word_1_177' title='bbox 600 2013 835 2068; x_wconf 88' lang='lat' dir='ltr'>Proprium.]</span> <span class='ocrx_word' id='word_1_178' title='bbox 867 2013 920 2052; x_wconf 90' lang='lat' dir='ltr'>Et</span> <span class='ocrx_word' id='word_1_179' title='bbox 942 2012 1065 2052; x_wconf 87' lang='lat' dir='ltr'>noster</span> <span class='ocrx_word' id='word_1_180' title='bbox 1086 2012 1197 2052; x_wconf 87' lang='lat' dir='ltr'>Plato</span> <span class='ocrx_word' id='word_1_181' title='bbox 1217 2013 1339 2067; x_wconf 85' lang='lat' dir='ltr'>magis</span> <span class='ocrx_word' id='word_1_182' title='bbox 1360 2013 1492 2057; x_wconf 89' lang='lat' dir='ltr'>etiam,</span> <span class='ocrx_word' id='word_1_183' title='bbox 1514 2026 1632 2066; x_wconf 86' lang='lat' dir='ltr'>quam</span> <span class='ocrx_word' id='word_1_184' title='bbox 1656 2012 1876 2066; x_wconf 85' lang='lat' dir='ltr'>Lycurgus,</span> 
     </span>
     <span class='ocr_line' id='line_1_28' title="bbox 514 2080 1875 2135; baseline -0.001 -15"><span class='ocrx_word' id='word_1_185' title='bbox 514 2082 648 2121; x_wconf 87' lang='lat' dir='ltr'>omnia</span> <span class='ocrx_word' id='word_1_186' title='bbox 666 2080 818 2135; x_wconf 86' lang='lat' dir='ltr'>prorsus</span> <span class='ocrx_word' id='word_1_187' title='bbox 846 2080 960 2133; x_wconf 87' lang='lat' dir='ltr'>jubet</span> <span class='ocrx_word' id='word_1_188' title='bbox 979 2080 1050 2119; x_wconf 80' lang='lat' dir='ltr'>esse</span> <span class='ocrx_word' id='word_1_189' title='bbox 1071 2081 1314 2127; x_wconf 87' lang='lat' dir='ltr'>communia,</span> <span class='ocrx_word' id='word_1_190' title='bbox 1351 2094 1397 2119; x_wconf 88' lang='lat' dir='ltr'>ne</span> <span class='ocrx_word' id='word_1_191' title='bbox 1417 2081 1504 2134; x_wconf 89' lang='lat' dir='ltr'>quis</span> <span class='ocrx_word' id='word_1_192' title='bbox 1538 2081 1633 2119; x_wconf 86' lang='lat' dir='ltr'>civis</span> <span class='ocrx_word' id='word_1_193' title='bbox 1665 2081 1875 2134; x_wconf 85' lang='lat' dir='ltr'>propriam,</span> 
     </span>
     <span class='ocr_line' id='line_1_29' title="bbox 515 2147 1252 2201; baseline -0.004 -13"><span class='ocrx_word' id='word_1_194' title='bbox 515 2159 580 2188; x_wconf 86' lang='lat' dir='ltr'>aut</span> <span class='ocrx_word' id='word_1_195' title='bbox 602 2149 707 2187; x_wconf 89' lang='lat' dir='ltr'>suam</span> <span class='ocrx_word' id='word_1_196' title='bbox 729 2162 811 2186; x_wconf 89' lang='lat' dir='ltr'>rem</span> <span class='ocrx_word' id='word_1_197' title='bbox 833 2147 954 2187; x_wconf 89' lang='lat' dir='ltr'>ullam</span> <span class='ocrx_word' id='word_1_198' title='bbox 975 2157 1092 2201; x_wconf 86' lang='lat' dir='ltr'>queat</span> <span class='ocrx_word' id='word_1_199' title='bbox 1111 2148 1252 2186; x_wconf 90' lang='lat' dir='ltr'>dicere.</span> 
     </span>
    </p>

    <p class='ocr_par' dir='ltr' id='par_1_15' title="bbox 459 2213 1876 2327">
     <span class='ocr_line' id='line_1_30' title="bbox 459 2213 1876 2269; baseline -0.002 -14"><span class='ocrx_word' id='word_1_200' title='bbox 459 2216 575 2255; x_wconf 69' lang='lat' dir='ltr'>Nou.</span> <span class='ocrx_word' id='word_1_201' title='bbox 598 2215 639 2255; x_wconf 82' lang='lat' dir='ltr'>de</span> <span class='ocrx_word' id='word_1_202' title='bbox 659 2217 796 2255; x_wconf 64' lang='lat' dir='ltr'>Dot&#39;t&#39;r.</span> <span class='ocrx_word' id='word_1_203' title='bbox 820 2215 916 2269; x_wconf 82' lang='lat' dir='ltr'>ind.]</span> <span class='ocrx_word' id='word_1_204' title='bbox 949 2215 1037 2254; x_wconf 91' lang='lat' dir='ltr'>Nec</span> <span class='ocrx_word' id='word_1_205' title='bbox 1059 2215 1098 2253; x_wconf 88' lang='lat' dir='ltr'>in</span> <span class='ocrx_word' id='word_1_206' title='bbox 1119 2213 1191 2253; x_wconf 89' lang='lat' dir='ltr'>hac</span> <span class='ocrx_word' id='word_1_207' title='bbox 1212 2213 1436 2253; x_wconf 69' lang='lat' dir='ltr'>dissensione</span> <span class='ocrx_word' id='word_1_208' title='bbox 1463 2213 1606 2268; x_wconf 88' lang='lat' dir='ltr'>suscepi</span> <span class='ocrx_word' id='word_1_209' title='bbox 1626 2215 1763 2268; x_wconf 89' lang='lat' dir='ltr'>populi</span> <span class='ocrx_word' id='word_1_210' title='bbox 1784 2228 1876 2253; x_wconf 87' lang='lat' dir='ltr'>cau-</span> 
     </span>
     <span class='ocr_line' id='line_1_31' title="bbox 516 2281 922 2327; baseline -0.005 -6"><span class='ocrx_word' id='word_1_211' title='bbox 516 2281 608 2327; x_wconf 84' lang='lat' dir='ltr'>sam,</span> <span class='ocrx_word' id='word_1_212' title='bbox 631 2282 692 2320; x_wconf 89' lang='lat' dir='ltr'>sed</span> <span class='ocrx_word' id='word_1_213' title='bbox 714 2282 922 2320; x_wconf 89' lang='lat' dir='ltr'>bonorum.</span> 
     </span>
    </p>

    <p class='ocr_par' dir='ltr' id='par_1_16' title="bbox 462 2347 1662 2402">
     <span class='ocr_line' id='line_1_32' title="bbox 462 2347 1662 2402; baseline -0.003 -14"><span class='ocrx_word' id='word_1_214' title='bbox 462 2349 577 2388; x_wconf 68' lang='lat' dir='ltr'>NON.</span> <span class='ocrx_word' id='word_1_215' title='bbox 600 2349 791 2402; x_wconf 80' lang='lat' dir='ltr'>Auguro.]</span> <span class='ocrx_word' id='word_1_216' title='bbox 825 2348 902 2387; x_wconf 82' lang='lat' dir='ltr'>Cui</span> <span class='ocrx_word' id='word_1_217' title='bbox 922 2347 1082 2401; x_wconf 86' lang='lat' dir='ltr'>quidem</span> <span class='ocrx_word' id='word_1_218' title='bbox 1105 2348 1255 2387; x_wconf 84' lang='lat' dir='ltr'>utinam</span> <span class='ocrx_word' id='word_1_219' title='bbox 1276 2361 1360 2386; x_wconf 80' lang='lat' dir='ltr'>vere</span> <span class='ocrx_word' id='word_1_220' title='bbox 1381 2347 1662 2401; x_wconf 82' lang='lat' dir='ltr'>auguravcrim.</span> 
     </span>
    </p>

    <p class='ocr_par' dir='ltr' id='par_1_17' title="bbox 462 2414 1872 2536">
     <span class='ocr_line' id='line_1_33' title="bbox 462 2414 1872 2469; baseline -0.001 -15"><span class='ocrx_word' id='word_1_221' title='bbox 462 2416 577 2454; x_wconf 60' lang='lat' dir='ltr'>Nos.</span> <span class='ocrx_word' id='word_1_222' title='bbox 602 2414 846 2469; x_wconf 60' lang='lat' dir='ltr'>Sam‘Yitudo]</span> <span class='ocrx_word' id='word_1_223' title='bbox 870 2418 891 2441; x_wconf 64' lang='lat'>³*</span> <span class='ocrx_word' id='word_1_224' title='bbox 909 2415 1061 2453; x_wconf 84' lang='lat' dir='ltr'>cosdem</span> <span class='ocrx_word' id='word_1_225' title='bbox 1081 2416 1266 2454; x_wconf 81' lang='lat' dir='ltr'>terminos</span> <span class='ocrx_word' id='word_1_226' title='bbox 1283 2414 1492 2454; x_wconf 85' lang='lat' dir='ltr'>hominum</span> <span class='ocrx_word' id='word_1_227' title='bbox 1510 2428 1610 2452; x_wconf 72' lang='lat' dir='ltr'>cura·</span> <span class='ocrx_word' id='word_1_228' title='bbox 1626 2423 1741 2466; x_wconf 76' lang='lat' dir='ltr'>atquc</span> <span class='ocrx_word' id='word_1_229' title='bbox 1762 2414 1872 2452; x_wconf 71' lang='lat' dir='ltr'>vitre:</span> 
     </span>
     <span class='ocr_line' id='line_1_34' title="bbox 516 2481 1363 2536; baseline -0.004 -15"><span class='ocrx_word' id='word_1_230' title='bbox 516 2483 564 2521; x_wconf 75' lang='lat' dir='ltr'>sic</span> <span class='ocrx_word' id='word_1_231' title='bbox 584 2481 789 2536; x_wconf 85' lang='lat' dir='ltr'>pontificio</span> <span class='ocrx_word' id='word_1_232' title='bbox 804 2483 890 2533; x_wconf 88' lang='lat' dir='ltr'>jure</span> <span class='ocrx_word' id='word_1_233' title='bbox 912 2481 1125 2521; x_wconf 64' lang='lat' dir='ltr'>fimt‘kitudo</span> <span class='ocrx_word' id='word_1_234' title='bbox 1145 2481 1363 2535; x_wconf 69' lang='lat' dir='ltr'>sepulturae.</span> 
     </span>
    </p>

    <p class='ocr_par' dir='ltr' id='par_1_18' title="bbox 461 2548 1875 2671">
     <span class='ocr_line' id='line_1_35' title="bbox 461 2548 1875 2603; baseline -0.002 -14"><span class='ocrx_word' id='word_1_235' title='bbox 461 2552 614 2589; x_wconf 72' lang='lat' dir='ltr'>PRlsC.</span> <span class='ocrx_word' id='word_1_236' title='bbox 637 2550 698 2589; x_wconf 77' lang='lat' dir='ltr'>lib.</span> <span class='ocrx_word' id='word_1_237' title='bbox 724 2550 814 2603; x_wconf 84' lang='lat' dir='ltr'>xv.]</span> <span class='ocrx_word' id='word_1_238' title='bbox 847 2549 939 2588; x_wconf 86' lang='lat' dir='ltr'>Non</span> <span class='ocrx_word' id='word_1_239' title='bbox 961 2550 1067 2588; x_wconf 84' lang='lat' dir='ltr'>enim</span> <span class='ocrx_word' id='word_1_240' title='bbox 1090 2549 1201 2588; x_wconf 72' lang='lat' dir='ltr'>facile</span> <span class='ocrx_word' id='word_1_241' title='bbox 1221 2550 1360 2588; x_wconf 82' lang='lat' dir='ltr'>valenti</span> <span class='ocrx_word' id='word_1_242' title='bbox 1384 2549 1528 2603; x_wconf 86' lang='lat' dir='ltr'>populo</span> <span class='ocrx_word' id='word_1_243' title='bbox 1550 2548 1742 2594; x_wconf 77' lang='lat' dir='ltr'>rcnstitur,</span> <span class='ocrx_word' id='word_1_244' title='bbox 1767 2549 1791 2588; x_wconf 77' lang='lat' dir='ltr'>sl</span> <span class='ocrx_word' id='word_1_245' title='bbox 1811 2559 1875 2587; x_wconf 81' lang='lat' dir='ltr'>ant</span> 
     </span>
     <span class='ocr_line' id='line_1_36' title="bbox 515 2616 1220 2671; baseline 0 -16"><span class='ocrx_word' id='word_1_246' title='bbox 515 2616 615 2658; x_wconf 82' lang='lat' dir='ltr'>nihil</span> <span class='ocrx_word' id='word_1_247' title='bbox 637 2617 832 2671; x_wconf 84' lang='lat' dir='ltr'>impertias</span> <span class='ocrx_word' id='word_1_248' title='bbox 849 2617 963 2670; x_wconf 85' lang='lat' dir='ltr'>juris,</span> <span class='ocrx_word' id='word_1_249' title='bbox 985 2626 1048 2656; x_wconf 88' lang='lat' dir='ltr'>aut</span> <span class='ocrx_word' id='word_1_250' title='bbox 1070 2630 1220 2670; x_wconf 78' lang='lat' dir='ltr'>parum.</span> 
     </span>
    </p>
   </div>
  </div>
 </body>
</html>
