2223 3003
418 245 492 287 166
824 243 927 283 DE
995 242 1398 283 LEGIBUS

409 345 517 384 urbis
540 343 648 387 locis,
671 350 911 395 procreatum
931 341 1119 380 videmus.
1164 341 1317 380 Deinde
1337 355 1430 380 cum
1450 339 1540 380 effet
1559 340 1639 380 cito
1657 341 1809 396 ablega-

410 421 485 456 tus,
504 421 685 461 tanquam
706 421 754 446 ex
771 420 836 445 xn
861 408 1016 453 tabulis,
1034 408 1192 461 insignis
1208 408 1255 447 ad
1273 407 1559 448 deformitatem
1579 421 1688 462 puer,
1706 408 1811 447 brevi

410 487 582 528 tempore
602 482 803 518 recreatus,
824 473 1030 527 multoque
1050 475 1184 513 tetrior
1202 484 1240 513 et
1259 473 1393 513 faedior
1413 484 1523 514 natus
1543 475 1609 514 est.

466 542 536 579 IX.
570 541 701 591 Qem
728 540 835 578 enim
855 540 920 578 ille
940 554 1018 578 non
1037 541 1157 579 edidit
1177 542 1189 578 ?
1220 541 1288 594 qui
1308 540 1495 594 primum,
1517 551 1561 580 ut
1580 541 1705 594 impio
1725 541 1812 594 dig-

411 621 505 645 num
526 605 616 650 fuit,
634 606 804 658 patribus
825 619 985 644 ornnem
1004 605 1194 646 honorem
1211 608 1377 660 eripuit余
1400 608 1531 646 omnia
1550 607 1686 646 infima
1706 607 1812 645 sum-

410 673 485 711 mis
520 672 621 725 paria
654 671 762 717 fecit,
799 673 982 718 turbavit,
1019 673 1175 712 miscuit
1191 689 1202 712 2
1245 687 1338 712 cum
1369 673 1558 712 afflixisset
1589 674 1813 726 principum

410 739 650 792 gravitatem,
666 752 867 791 nunquam
883 748 1010 777 tamen
1027 740 1263 792 conquievit.
1287 742 1419 793 Atque
1435 750 1478 778 ut
1492 741 1539 778 C.
1557 740 1812 783 Flaminium,

412 815 525 857 atque
544 818 599 849 ea,
619 818 702 857 quae
717 805 798 856 jam
816 804 936 857 prisca
953 804 1054 849 sunt,
1083 805 1299 857 relinquam
1316 824 1327 850 余
1362 806 1457 858 quid
1472 806 1568 858 juris
1594 805 1703 844 bonis
1725 804 1813 842 viris

411 871 507 909 Tib.
527 869 697 909 Gracchi
715 870 930 908 tribunatus
947 870 1105 922 reliquit
1121 871 1133 907 ?
1156 871 1222 909 etfi
1239 872 1507 924 quinquennio
1523 881 1623 916 ante,
1642 872 1695 910 D.
1714 871 1814 908 Bru-

413 947 499 975 tum
521 946 558 974 et
580 937 624 974 P.
644 936 866 987 Scipionem
889 935 1090 981 Consules,
1115 937 1230 989 (quos
1260 946 1298 975 et
1323 947 1486 990 quantos
1513 938 1615 976 viros
1631 936 1660 989 !)
1694 936 1816 974 homo

412 1001 592 1040 omnium
607 1000 768 1038 infimus
784 1009 822 1038 et
837 1000 1126 1047 sordidissimus,
1147 1002 1325 1040 tribunus
1340 1002 1480 1055 plebis,
1498 1003 1546 1041 C.
1566 1002 1760 1040 Curiatius
1777 1001 1817 1039 in

411 1067 566 1106 vincula
585 1067 752 1119 conjecit
767 1085 780 1112 余
809 1067 915 1120 quod
935 1076 1022 1106 ante
1043 1067 1190 1107 fastum
1212 1082 1290 1107 non
1310 1078 1402 1107 erat.
1441 1070 1488 1107 C.
1507 1081 1596 1106 vero
1617 1066 1818 1106 Gracchus

414 1134 518 1172 runis
535 1143 573 1171 et
594 1133 640 1172 iis
661 1133 758 1178 ficis,
775 1146 869 1185 quas
889 1133 967 1186 ipse
985 1133 1021 1172 se
1040 1133 1236 1187 projeciffe
1256 1134 1297 1172 in
1312 1133 1444 1173 forum
1461 1133 1574 1179 dixit,
1596 1133 1738 1186 quibus
1757 1132 1818 1170 di-

413 1199 672 1252 gladiarentur
691 1199 791 1236 inter
810 1198 845 1237 se
865 1199 980 1245 cives,
1003 1213 1130 1238 nonne
1149 1213 1309 1239 omnem
1329 1200 1550 1253 reipublicae
1570 1199 1711 1238 statum
1731 1212 1820 1252 per-

413 1265 609 1304 mutavit?
643 1264 752 1315 Qid
766 1265 850 1316 jam
879 1265 926 1302 de
948 1266 1140 1303 Saturnini
1161 1265 1366 1319 supplicio,
1399 1264 1630 1318 reliquisque
1657 1265 1816 1303 dicam?

414 1345 512 1385 quos
533 1345 580 1369 ne
601 1330 788 1384 depellere
807 1331 968 1383 quidem
988 1345 1009 1369 a
1028 1331 1063 1370 se
1079 1331 1155 1370 fine
1175 1331 1274 1370 ferro
1294 1332 1421 1385 potuit
1442 1331 1683 1385 respublica?

472 1400 554 1436 Cur
573 1399 701 1435 autem
724 1406 789 1435 aut
808 1407 946 1443 vetera,
979 1407 1044 1436 aut
1063 1399 1185 1437 aliena
1204 1398 1441 1451 proferamus
1462 1398 1606 1452 potius,
1640 1410 1758 1451 quam
1783 1406 1822 1436 et

416 1464 553 1509 nostra,
575 1473 613 1501 et
634 1463 828 1502 recentia?
859 1464 959 1515 Qis
982 1478 1155 1517 unquam
1177 1474 1256 1503 tam
1277 1465 1414 1510 audax,
1443 1474 1523 1503 tam
1543 1464 1727 1502 inimicus
1749 1476 1822 1501 no-

415 1532 476 1570 bis
496 1530 637 1575 fuisset,
667 1540 710 1569 ut
735 1530 921 1583 cogitaret
938 1545 1111 1584 unquam
1126 1531 1172 1569 de
1191 1531 1288 1569 statu
1308 1531 1435 1570 nostro
1454 1529 1731 1575 labefactando,
1753 1529 1824 1568 nist

416 1610 646 1636 mucronem
678 1597 848 1649 aliquem
879 1597 1131 1641 tribunitium
1151 1597 1355 1636 exacuiffet
1388 1598 1429 1636 in
1459 1611 1527 1636 nos
1547 1597 1560 1634 ?
1591 1610 1710 1649 quem
1730 1609 1825 1634 cum

417 1663 597 1702 homines
618 1662 786 1701 scelerati
806 1676 849 1701 ac
868 1663 1024 1716 perditi,
1055 1678 1134 1703 non
1155 1664 1273 1703 modo
1294 1664 1373 1703 ulla
1403 1664 1443 1702 in
1473 1664 1606 1709 domo,
1639 1662 1700 1701 sed
1719 1661 1826 1701 nulla

417 1731 458 1769 in
480 1739 593 1783 gente
614 1730 836 1782 reperirent,
857 1739 989 1782 gentes
1011 1730 1081 1769 fibi
1100 1731 1142 1769 in
1163 1730 1329 1770 tenebris
1348 1730 1569 1783 reipublicae
1595 1728 1824 1782 perturban-

415 1797 483 1835 das
505 1804 749 1849 putaverunt.
800 1796 921 1848 Qod
941 1797 1052 1835 nobis
1074 1797 1233 1849 quidem
1251 1797 1466 1851 egregium,
1495 1805 1533 1834 et
1553 1795 1599 1834 ad
1619 1795 1824 1833 immorta-

420 1863 569 1900 litatem
591 1861 788 1899 memoriae
804 1861 1029 1912 gloriosum,
1045 1863 1243 1900 neminem
1262 1864 1303 1900 in
1325 1877 1394 1901 nos
1411 1862 1585 1901 mercede
1601 1861 1679 1899 ulla
1699 1861 1826 1900 tribu-

419 1941 518 1966 num
540 1925 701 1979 potuisse
722 1926 889 1978 reperiri,
923 1926 990 1964 nifi
1019 1927 1151 1964 cuine
1181 1926 1252 1965 effe
1271 1927 1433 1979 quidem
1463 1925 1625 1964 licuisset
1654 1926 1825 1964 tribuno.

423 1994 494 2033 Sed
517 1993 581 2031 ille
612 2005 704 2044 quas
726 1992 861 2045 strages
883 1992 1030 2031 edidit?
1062 2006 1121 2032 eas
1153 1992 1348 2038 videlicet,
1374 2007 1467 2046 quas
1490 1993 1564 2031 sine
1595 1993 1753 2037 ratione,
1785 2005 1827 2030 ac

422 2061 500 2098 fine
521 2059 597 2096 ulla
629 2057 690 2111 spe
711 2057 810 2095 bona
831 2057 937 2097 furor
955 2058 1064 2097 edere
1095 2059 1223 2112 potuit
1244 2059 1404 2112 impura:
1431 2059 1581 2103 bellum,
1612 2058 1828 2096 multorum

424 2125 686 2164 inflammatus
708 2123 915 2162 furoribus.
939 2126 1208 2175 Qamobrem
1231 2126 1269 2163 in
1291 2125 1357 2163 ista
1376 2125 1535 2178 quidem
1556 2139 1595 2164 re
1616 2123 1828 2162 vehemen-

426 2203 481 2231 ter
503 2191 646 2243 Syllam
667 2191 801 2244 probo,
835 2192 902 2243 qui
925 2192 1091 2230 tribunis
1112 2191 1236 2244 plebis
1269 2191 1331 2230 sua
1363 2192 1444 2245 lege
1472 2191 1618 2245 injuriae
1650 2190 1829 2229 facienda:

427 2259 648 2311 potestatem
681 2257 878 2302 ademerit,
917 2257 1048 2296 auxilii
1082 2256 1227 2296 ferendi
1259 2258 1481 2311 reliquerit:
1520 2257 1830 2310 Pompeiumque

427 2325 598 2363 nostrum
619 2324 763 2361 cat-teris
786 2324 897 2362 rebus
918 2325 1117 2370 omnibus,
1152 2324 1299 2378 semper
1333 2324 1573 2377 amplissimis
1595 2323 1830 2375 summisque

427 2390 543 2429 effero
564 2390 770 2435 l.1udibus余
803 2390 848 2428 dc
871 2391 1071 2429 tribunitia
1100 2391 1282 2445 potestate
1303 2400 1422 2429 taceo.
1469 2390 1555 2429 Nec
1575 2389 1680 2428 enim
1705 2403 1831 2442 reprc-

426 2456 593 2496 henderc
615 2456 723 2501 libet,
748 2470 816 2495 ncc
839 2456 986 2495 laudare
1008 2457 1170 2510 possum.

485 2524 536 2561 X.
571 2523 786 2561 Manuos.
812 2523 915 2561 Vitia
935 2523 1093 2576 quidem
1117 2522 1331 2562 tribunatus
1355 2523 1542 2576 proeclarC,
1561 2523 1722 2574 Qinte,
1745 2535 1832 2575 per-

429 2589 556 2644 spicis.
599 2589 670 2628 Sed
690 2588 742 2628 est
763 2589 897 2643 iniqua
917 2590 955 2628 in
977 2590 1086 2630 omni
1106 2604 1144 2629 re
1164 2590 1385 2635 accusanda,
1422 2588 1674 2644 proetcrmissis
1705 2588 1831 2632 bonis,
