2223 3003
719 313 996 352 LIBER
1060 311 1425 352 PRIMUS.
1697 327 1773 366 217

370 410 433 451 sed
453 424 545 450 cum
566 411 724 464 reliquis
744 411 785 450 in
811 412 937 457 rebus,
971 421 1057 451 tum
1079 412 1120 450 in
1140 412 1311 451 sermone
1337 410 1556 457 communi,
1586 410 1772 451 viciffitu-

370 477 504 516 dinem
524 492 602 516 non
623 478 797 530 iniquam
818 488 939 530 putet.
978 480 1038 516 Ac
1059 478 1183 516 videat
1202 479 1242 516 in
1263 479 1414 531 primis,
1436 479 1577 531 quibus
1599 478 1644 516 de
1662 479 1774 517 rebus

371 543 553 596 loquatur
566 563 579 590 ς
611 543 637 582 fi
657 543 774 588 seriis,
800 542 1035 580 severitatem
1055 542 1234 581 adhibeat
1252 561 1263 587 ς
1295 544 1321 581 fi
1336 545 1489 594 jocofis,
1511 544 1696 597 leporem.
1730 544 1775 582 In

370 610 584 663 primisque
603 608 811 662 provideat,
842 621 890 646 ne
921 607 1042 646 sermo
1073 608 1215 647 vitium
1246 609 1403 661 aliquod
1426 610 1571 648 indicet
1601 609 1715 648 ineffe
1736 610 1776 647 in

371 675 547 713 moribus
562 692 574 719 ς
606 673 711 726 quod
732 673 902 711 maxime
923 681 1008 711 tum
1027 672 1121 711 solet
1140 673 1303 718 evenire,
1335 687 1428 712 cum
1455 674 1619 713 studiose
1640 676 1686 712 de
1706 675 1774 713 ab·

371 739 541 778 sentibus
573 737 798 777 detrahendi
815 738 939 783 causa,
974 747 1040 776 aut
1060 752 1127 792 per
1148 739 1372 784 ridiculum,
1405 749 1470 778 aut
1490 739 1625 785 severe,
1654 741 1774 778 male-

372 804 470 850 dice,
493 803 848 857 contumelioseque
867 804 1024 843 dicitur.

426 871 636 910 Habentur
665 880 794 909 autem
828 871 1056 924 plerumque
1086 870 1277 910 sermones
1298 880 1363 910 aut
1391 871 1438 910 de
1468 870 1686 910 domesticis
1708 885 1776 910 ne-

371 937 503 990 gotiis,
538 946 603 976 aut
632 937 678 976 de
711 937 922 990 republica,
953 947 1019 976 aut
1052 937 1098 976 de
1118 938 1261 977 artium
1290 937 1422 976 studiis
1443 947 1557 991 atque
1591 937 1774 976 doctrina.

372 1004 512 1042 Danda
545 1004 666 1057 igitur
698 1017 813 1057 opera
845 1004 910 1049 est,
943 1013 999 1050 ut,
1030 1005 1147 1043 etiam
1177 1004 1203 1043 fi
1238 1005 1406 1043 aberrare
1426 1003 1471 1042 ad
1501 1003 1573 1042 alia
1602 1004 1776 1057 caeperit,

371 1070 420 1108 ad
440 1069 524 1109 haec
554 1079 753 1110 revocetur
781 1071 928 1110 oratio:
962 1070 1037 1117 sed,
1069 1081 1269 1124 utcunque
1299 1071 1486 1110 aderunt:
1519 1084 1644 1124 neque
1672 1070 1779 1109 enim

371 1151 509 1176 omnes
543 1138 677 1176 iisdem
705 1138 752 1176 de
785 1138 911 1184 rebus,
953 1152 1023 1177 nec
1054 1139 1165 1177 omni
1196 1148 1382 1192 tempore,
1413 1152 1483 1177 nec
1509 1138 1683 1176 similiter
1711 1137 1778 1176 de-

372 1204 574 1244 lestamur.
619 1205 1022 1243 Animadvertendum
1053 1205 1106 1244 est
1125 1206 1257 1252 etiam,
1279 1215 1467 1258 quatenus
1498 1205 1622 1244 sermo
1651 1205 1779 1243 delec-

372 1273 562 1310 tationem
581 1270 720 1310 habeat
735 1289 747 1318 3
778 1280 830 1317 et,
864 1280 907 1309 ut
927 1271 1139 1324 incipiendi
1159 1273 1256 1310 ratio
1275 1271 1407 1317 fuerit,
1439 1272 1492 1310 ita
1523 1271 1568 1310 fit
1588 1269 1781 1309 defluendi

371 1337 528 1376 modus.

429 1403 666 1442 XXXVIII.
698 1403 784 1450 Sed,
816 1403 1016 1457 quomodo
1035 1404 1076 1442 in
1095 1405 1207 1443 omni
1225 1404 1304 1442 vita
1326 1403 1528 1442 reetiffime
1548 1403 1781 1457 praecipitur,

374 1478 419 1508 ut
438 1470 742 1522 perturbationes
761 1469 973 1523 fugiamus,
1004 1471 1044 1509 id
1063 1471 1128 1516 est,
1161 1480 1290 1509 motus
1310 1470 1432 1509 animi
1458 1470 1615 1516 nimios,
1647 1469 1784 1508 rationi

376 1547 457 1573 non
485 1535 819 1587 obtemperantes,
851 1536 901 1574 fic
931 1536 1120 1588 ejusmodi
1149 1536 1323 1575 motibus
1355 1535 1479 1575 sermo
1504 1536 1619 1575 debet
1638 1548 1781 1581 vacare,

377 1613 426 1640 ne
445 1610 510 1639 aut
529 1600 584 1639 ira
603 1600 750 1646 existat,
781 1610 845 1639 aut
865 1601 1055 1654 cupiditas
1075 1603 1215 1655 aliqua,
1246 1612 1312 1641 aut
1330 1601 1500 1655 pigritia,
1533 1610 1598 1640 aut
1617 1602 1782 1654 ignavia,

377 1676 443 1705 aut
474 1667 548 1705 tale
578 1666 726 1720 aliquid
759 1677 947 1720 appareat.
993 1668 1249 1720 Maximeque
1278 1667 1494 1706 curandum
1526 1667 1593 1712 est,
1626 1676 1669 1706 ut
1704 1681 1782 1714 eos,

376 1733 614 1786 quibuscum
646 1733 859 1771 sermonem
889 1732 1148 1779 conferemus,
1179 1743 1217 1772 et
1237 1733 1372 1779 vereri,
1402 1742 1440 1771 et
1474 1733 1634 1786 diligere
1654 1734 1783 1772 videa-

377 1813 481 1840 mur.
521 1799 820 1852 Objurgationes
850 1800 967 1838 etiam
987 1813 1270 1853 nonnunquam
1290 1799 1470 1838 incidunt
1489 1799 1712 1846 necessariae,
1743 1801 1785 1839 in

375 1865 522 1918 quibus
558 1865 747 1903 utendum
779 1865 831 1903 est
864 1864 1014 1903 fortaffe
1055 1875 1093 1903 et
1123 1866 1227 1904 vocis
1263 1866 1514 1903 contentione
1545 1866 1702 1917 majore,
1746 1875 1786 1904 et

379 1932 585 1970 verborum
605 1931 788 1984 gravitate
808 1931 965 1969 acriore.
1026 1931 1071 1969 Id
1091 1931 1284 1983 agendum
1303 1931 1435 1977 etiam,
1467 1939 1510 1968 ut
1536 1944 1584 1968 ne
1601 1943 1645 1968 ea
1663 1930 1787 1970 facere

377 1997 578 2036 videamur
607 1997 725 2042 irati;
771 1996 849 2042 sed,
880 2006 924 2035 ut
954 1996 1000 2035 ad
1035 1997 1226 2036 urendum
1260 2007 1298 2036 et
1331 1996 1553 2042 secandum,
1588 1997 1639 2036 fic
1672 2006 1710 2036 et
1740 1997 1788 2036 ad

377 2062 455 2102 hoc
486 2076 608 2116 genus
636 2062 858 2116 castigandi,
889 2077 970 2102 raro
1005 2063 1194 2117 invitique
1225 2063 1422 2101 veniemus
1439 2081 1450 2108 ;
1493 2076 1565 2102 nec
1597 2077 1785 2115 unquam,

379 2128 450 2167 nifi
483 2128 696 2174 necessario,
727 2129 754 2167 fi
793 2130 897 2167 nulla
934 2131 1140 2182 reperietur
1178 2129 1249 2167 alia
1287 2128 1506 2166 medicina:
1558 2127 1618 2166 sed
1658 2139 1788 2168 tamen

381 2195 436 2234 ira
472 2196 609 2249 procul
640 2196 748 2240 abfit‚
779 2210 870 2234 cum
911 2210 985 2248 qua
1023 2195 1121 2233 nihil
1162 2197 1258 2234 reste
1287 2195 1383 2240 fieri,
1422 2193 1523 2233 nihil
1558 2196 1787 2235 considerate

379 2261 517 2319 potest.

435 2329 586 2382 Magna
614 2338 743 2367 autem
776 2342 821 2366 cx
854 2337 957 2380 parte
990 2328 1175 2366 clementi
1203 2327 1447 2381 castigatione
1478 2327 1568 2367 licet
1596 2328 1669 2373 uti,
1700 2342 1786 2381 gra-

382 2394 499 2434 vitate
512 2403 648 2433 ‘tamen
667 2395 857 2447 adjuncta,
890 2404 932 2432 ut
963 2404 1000 2431 et
1021 2394 1193 2431 severitas
1223 2393 1462 2439 adhibeatur,
1494 2404 1530 2433 et
1551 2395 1787 2433 contumelia

380 2461 601 2513 repellatur.
643 2463 776 2513 Atque
798 2462 913 2499 etiam
936 2461 1032 2499 illud
1055 2460 1196 2513 ipsum,
1218 2461 1322 2513 quod
1341 2461 1557 2500 acerbitatis
1578 2461 1695 2500 habet
1715 2461 1787 2500 ob-

379 2526 562 2578 jurgatio,
593 2527 888 2580 significandum
920 2528 985 2573 est,
1018 2527 1132 2579 iplius
1167 2527 1288 2572 causa,
1334 2528 1403 2580 qui
1437 2528 1676 2581 objurgetur,
1708 2527 1786 2565 sus-

383 2601 545 2645 ceptum
566 2592 650 2630 effe.
711 2595 878 2633 Rcstum
900 2594 950 2633 est
976 2603 1117 2638 auti-m,
1151 2594 1264 2633 ctiam
1288 2593 1326 2633 in
1347 2594 1425 2632 illis
1458 2593 1786 2638 contentionibus,

497 2660 634 2699 Tom.
666 2659 740 2700 111.
1411 2660 1441 2698 E
1465 2673 1485 2698 e
