2223 3003
476 266 558 310 272
881 248 986 289 DE
1059 245 1488 285 OFFICIIS

472 355 664 408 serpentes
686 368 697 395 ς
729 347 828 387 male
848 345 1067 390 materiatae,
1099 344 1258 383 ruinosae
1277 363 1290 390 5
1322 343 1384 383 sed
1413 342 1490 383 hoc
1509 352 1644 398 praeter
1672 344 1883 391 dominum

471 434 592 461 nemo
622 417 726 456 sciat.
777 415 935 464 Qaero,
971 411 998 450 fi
1028 410 1104 450 hoc
1137 411 1380 465 emptoribus
1410 410 1587 449 venditor
1620 424 1699 450 non
1729 412 1883 460 dixerit,

474 485 646 535 aedesque
666 479 879 519 vendiderit
899 478 1020 531 pluris
1046 477 1189 523 multo,
1224 491 1342 531 quam
1373 477 1410 516 se
1443 477 1693 517 venditurum
1722 479 1882 532 putarit,

475 564 573 596 num
594 548 634 585 id
654 545 806 599 injuste,
836 553 902 583 aut
921 543 1115 597 improbe,
1136 542 1272 582 fecerit
1291 544 1304 581 ?

530 616 602 670 Ille
621 627 726 659 vero,
756 613 888 665 inquit
907 612 1126 664 Antipater.
1172 611 1280 662 Qid
1300 610 1406 649 enirn
1425 610 1478 649 est
1497 610 1602 649 aliud
1622 611 1759 649 erranti
1781 611 1884 652 viam

475 697 554 722 non
575 679 795 723 monstrare,
829 678 953 731 (quod
974 677 1141 716 Athenis
1161 678 1467 716 execrationibus
1500 677 1667 731 publicis
1694 677 1884 718 sancitum

472 749 546 801 cst)
578 747 605 786 fi
637 745 714 785 hoc
746 759 825 783 non
855 744 922 789 est,
953 753 1171 797 emptorem
1205 744 1284 796 pati
1318 757 1440 789 ruere,
1477 754 1515 783 et
1544 758 1613 797 per
1641 757 1810 782 errorem
1842 744 1884 783 in

474 814 689 854 maximam
718 810 894 850 fraudem
914 809 1135 848 incurrere?
1168 809 1260 847 Plus
1286 810 1402 848 etiam
1431 809 1497 855 est,
1529 823 1648 862 quam
1669 810 1770 848 viam
1804 823 1883 848 non

474 880 706 920 monstrare:
730 890 819 915 nam
840 875 893 914 est
913 876 1097 914 scientem
1118 875 1159 912 in
1179 887 1346 914 errorem
1366 875 1530 914 alterum
1551 877 1746 914 inducere.
1779 876 1883 914 Dio-

474 959 590 1000 genes
611 953 743 982 contra
758 960 770 987 5
803 941 917 980 Num
943 949 981 979 te
1010 953 1138 978 emere
1157 941 1299 994 coegit,
1331 940 1401 993 qui
1431 954 1479 979 ne
1512 939 1686 979 hortatus
1721 941 1882 994 quidem

474 1012 556 1050 cst?
589 1009 673 1054 Ille,
705 1007 811 1060 quod
845 1019 922 1046 non
957 1006 1146 1060 placebat,
1177 1006 1394 1060 proscripfit
1412 1024 1424 1051 ς
1456 1014 1514 1052 tu,
1551 1006 1657 1059 quod
1690 1006 1882 1059 placebat,

474 1077 615 1116 emisti.
666 1073 786 1126 Qod
819 1072 846 1111 fi
884 1072 954 1125 qui
974 1072 1232 1126 proscribunt,
1263 1072 1388 1112 villam
1419 1071 1558 1117 bonam,
1589 1071 1738 1126 beneque
1771 1072 1885 1126 aedfi-

474 1153 610 1188 catam,
641 1154 720 1180 non
749 1139 1018 1179 existimantur
1048 1137 1235 1186 fefellisse,
1276 1139 1395 1178 etiam
1429 1139 1455 1178 fi
1489 1139 1556 1177 illa
1582 1152 1653 1177 nec
1683 1139 1784 1178 bona
1815 1139 1884 1185 est,

474 1224 545 1250 nec
567 1208 750 1248 :edificata
769 1207 914 1246 ratione
929 1225 942 1253 3
974 1206 1102 1245 multo
1121 1207 1268 1251 minus,
1294 1206 1363 1259 qui
1382 1205 1547 1245 domum
1568 1219 1646 1245 non
1666 1205 1884 1246 laudarunt.

475 1277 560 1315 Ubi
579 1276 686 1314 enim
707 1273 905 1326 judicium
925 1273 1110 1326 emptoris
1131 1272 1197 1317 est,
1229 1273 1284 1311 ibi
1303 1271 1407 1310 fraus
1427 1272 1636 1310 venditoris
1656 1285 1741 1324 quae
1762 1271 1885 1325 potest

474 1341 576 1380 effe?
608 1341 674 1379 Sin
694 1348 823 1377 autem
853 1339 1004 1377 dietum
1035 1351 1113 1376 non
1144 1351 1261 1376 omne
1285 1337 1540 1391 praestandum
1560 1337 1613 1376 est
1627 1355 1640 1383 ;
1671 1337 1777 1390 quod
1798 1337 1884 1376 dic-

474 1418 563 1447 tum
582 1420 660 1445 non
679 1405 745 1451 est,
767 1405 807 1443 id
827 1403 1082 1458 praestandum
1101 1413 1212 1457 putas
1231 1405 1244 1442 ?
1267 1404 1377 1455 Qid
1397 1417 1486 1443 vero
1505 1403 1558 1442 est
1577 1403 1744 1449 stultius,
1764 1417 1886 1458 quam

475 1474 732 1517 venditorem,
763 1471 845 1523 ejus
866 1470 933 1515 rei,
965 1483 1085 1522 quam
1116 1470 1269 1515 vendat,
1301 1470 1394 1508 vitia
1426 1470 1606 1508 narrare?
1637 1469 1734 1522 quid
1753 1480 1885 1508 autem

473 1549 557 1579 tam
577 1537 799 1583 absurdum,
817 1549 935 1591 quam
949 1536 975 1575 fi
995 1534 1264 1588 dominijuffu
1279 1534 1333 1574 ita
1350 1548 1476 1590 praeco
1495 1534 1704 1589 praedicet?
1725 1536 1886 1576 Domum

467 1605 686 1661 pestilentem
704 1601 833 1643 vendo.

532 1672 593 1710 Sic
614 1683 719 1723 ergo,
750 1670 790 1707 in
811 1667 1043 1722 quibusdam
1065 1667 1183 1707 caufis
1213 1667 1357 1714 dubiis,
1387 1681 1435 1707 ex
1465 1668 1581 1707 altera
1609 1676 1716 1722 parte
1749 1665 1885 1707 defen-

473 1739 580 1777 ditur
613 1735 802 1782 honestas,
833 1749 880 1775 ex
910 1735 1026 1774 altera
1060 1735 1113 1774 ita
1145 1735 1193 1774 de
1223 1735 1391 1774 utilitate
1423 1735 1580 1780 dicitur,
1617 1743 1660 1773 ut
1694 1734 1748 1780 id,
1778 1734 1884 1788 quod

475 1804 571 1843 utile
591 1804 776 1848 videatur,
808 1816 887 1841 non
918 1803 1036 1841 modo
1064 1800 1188 1840 facere
1207 1801 1415 1841 honestum
1443 1801 1517 1847 fit;
1549 1799 1613 1839 sed
1642 1800 1774 1846 etiam,
1805 1814 1885 1840 non

474 1869 613 1914 facere,
645 1877 768 1921 turpe.
813 1869 910 1906 Haec
931 1868 983 1905 est
1003 1868 1083 1913 illa,
1105 1882 1191 1920 quae
1210 1868 1362 1906 videtur
1380 1868 1540 1906 utilium
1568 1867 1650 1906 fieri
1682 1881 1775 1906 cum
1809 1865 1885 1906 ho-

475 1935 589 1976 nestis
612 1933 718 1986 smpe,
740 1931 924 1971 dissenfio.
958 1932 1056 1983 Qae
1076 1932 1321 1984 dijudicanda
1341 1932 1452 1971 sunt:
1475 1946 1553 1970 non
1573 1932 1694 1977 enim,
1713 1941 1756 1970 ut
1775 1945 1884 1984 quae-

475 2013 662 2044 reremus,
696 1998 961 2052 exposuimus,
995 1998 1057 2036 sed
1078 2007 1121 2036 ut
1147 1998 1443 2051 explicaremus.
1477 1998 1571 2036 Non
1597 1997 1716 2051 igitur
1733 1997 1884 2036 videtur

476 2079 549 2105 nec
569 2063 845 2103 frumentarius
873 2063 938 2101 ille
974 2062 1165 2109 Rhodios,
1202 2077 1271 2102 nec
1306 2062 1371 2102 hic
1392 2063 1533 2102 :edium
1567 2063 1744 2101 venditor
1763 2062 1885 2101 celare

476 2140 670 2185 emptores
690 2129 872 2168 debuisse.
911 2129 1052 2181 Neque
1072 2130 1178 2168 enim
1198 2129 1238 2167 id
1257 2129 1309 2168 est
1329 2129 1463 2174 celare,
1485 2128 1676 2182 quidquid
1698 2129 1853 2167 reticeas
1871 2146 1883 2174 ς

478 2198 539 2236 sed
571 2210 678 2241 cum,
711 2195 816 2248 quod
837 2204 879 2233 tu
900 2195 1007 2240 scias,
1043 2195 1083 2233 id
1114 2196 1288 2249 ignorare
1307 2195 1564 2234 emolumenti
1584 2195 1641 2233 tui
1662 2193 1772 2233 causti
1791 2194 1884 2233 velis

477 2277 557 2308 eos,
589 2277 756 2316 quorum
791 2262 937 2300 interfit
967 2261 1007 2300 id
1028 2261 1134 2300 scire.
1178 2262 1269 2301 Hoc
1291 2271 1421 2301 autem
1455 2261 1605 2300 celandi
1635 2274 1755 2314 genus
1773 2261 1884 2313 quale

479 2332 538 2375 s1t,
573 2339 610 2368 et
643 2330 754 2382 cujus
788 2327 976 2374 hominis,
1009 2328 1094 2382 quis
1128 2343 1204 2367 non
1237 2328 1372 2367 videt?
1405 2330 1519 2368 Certe
1541 2341 1617 2366 non
1637 2327 1770 2380 aperti,
1806 2340 1882 2365 non

479 2396 679 2449 simplicis.
711 2410 786 2434 non
810 2395 983 2448 ingenui,
1007 2409 1082 2433 non
1098 2395 1204 2448 justi,
1236 2408 1312 2433 non
1336 2394 1406 2433 viri
1427 2394 1547 2438 boni;
1580 2393 1718 2432 versuti
1740 2394 1882 2446 potius,

475 2461 645 2506 obscuri,
694 2462 825 2505 astuti,
867 2460 1030 2506 fallacis,
1072 2461 1247 2500 malitiosi
1264 2490 1274 2506 ,
1300 2460 1450 2505 callidi,
1492 2459 1730 2504 veteratoris,
1771 2458 1882 2499 vafri.

479 2530 579 2568 1⁷{aec
610 2538 679 2575 tot,
711 2539 749 2568 ct
779 2528 851 2567 alia
870 2528 993 2583 plura,
1025 2541 1151 2568 nonne
1183 2527 1322 2568 inutile
1355 2527 1407 2567 cst
1438 2527 1622 2567 vitiorum
1652 2526 1778 2566 subire
1810 2540 1883 2566 no-

477 2595 614 2637 mina?
