2223 3003
350 305 370 335 Ρ

354 345 365 365 1

602 199 896 242 VARIAE
981 199 1549 245 LECTIONES.

532 377 673 413 quicunque

433 423 470 453 ²3
491 414 541 443 Ast
558 415 586 444 U
601 416 656 443 Aut

428 469 472 478 -—
492 454 598 483 Consul
613 454 636 482 is
650 454 674 482 E
689 453 776 492 coqsul
787 453 816 482 U
827 454 853 488 ψ
867 453 972 491 confidis

429 509 471 517 —
491 494 654 531 magisterve
667 494 692 522 E
705 495 905 532 magistratus-ve
920 494 949 522 U
958 494 985 528 ψ
998 503 1054 523 ma-

523 533 680 572 gistraeusne

431 582 472 610 24
491 573 596 611 reliqui
609 573 633 601 E
649 573 678 602 U
693 572 720 608 ψ
734 583 776 601 nec
789 571 883 611 reliqui

430 614 468 642 26
490 612 609 641 creverit
621 612 644 640 E
656 616 788 641 creaverit

431 654 469 682 28
491 658 629 690 pau-cuuto
643 652 665 680 E
675 656 798 690 pariumo
811 651 837 687 ψ
846 659 971 690 pareunto

428 706 470 714 —
490 691 516 719 se
531 692 554 720 E
561 691 612 726 sed

433 740 473 769 ²9
494 731 593 759 Plebes
608 731 632 759 E
647 730 724 759 Plebs

433 779 472 808 30
493 779 563 808 quos
577 770 603 804 ψ
616 780 681 808 quas

427 825 470 833 —
490 809 598 838 tribuni
613 811 673 845 Ept
687 810 787 838 tribuni

431 859 467 888 33
492 849 574 887 quois
588 850 612 878 E
625 848 655 878 U
668 861 715 888 quo
729 853 752 878 is

431 899 470 927 34
490 889 538 917 Ast
554 889 583 917 ni
599 890 622 917 E
637 889 665 918 U
679 891 713 927 est

428 943 469 951 —
489 928 660 966 prohibetur,
689 928 798 958 senatus
825 931 952 961 consulta
976 930 1000 959 E
1023 930 1054 960 U
1115 929 1172 966 164

524 968 644 1006 prohibet
657 968 689 1004 st
759 993 761 995 .

432 1017 447 1046 3
453 1017 468 1047 ς
491 1007 643 1046 perscripta
658 1009 681 1036 E
696 1009 856 1048 praefi-ripla

428 1063 470 1070 —
489 1055 589 1076 vacato
604 1049 626 1076 E
641 1057 730 1077 vocato

352 1087 407 1127 163
454 1097 465 1116 1
486 1087 598 1124 judicia
612 1089 635 1116 E
650 1089 675 1122 ψ
689 1087 824 1126 etjua'ieia

426 1142 467 1150 —
483 1127 556 1164 juffa
569 1127 674 1166 Ejusta
689 1127 715 1163 ψ
730 1130 759 1157 d·

447 1177 464 1197 2
485 1166 689 1197 consciscentur
704 1169 727 1196 E
742 1169 884 1206 cotgstistent
904 1167 934 1197 U
948 1179 974 1198 eo
984 1169 1054 1207 stis}

526 1214 613 1237 centur

449 1255 464 1283 3
489 1248 530 1275 At
542 1246 562 1275 fi
578 1248 601 1276 E
615 1247 644 1276 U
658 1247 684 1281 ψ
697 1248 753 1277 Aut

426 1301 467 1308 —
486 1294 566 1315 extra
579 1287 609 1316 U
623 1295 700 1315 extra
715 1288 812 1326 quidem
823 1295 901 1316 extra

425 1340 468 1350 —
486 1335 621 1356 caeratorc
636 1326 704 1355 aesus
719 1327 752 1357 fit
767 1328 790 1355 E
806 1339 852 1365 quo
867 1329 993 1355 σπανίων]
1007 1338 1052 1355 ex-

522 1367 606 1404 hauste
631 1366 662 1394 U
677 1378 724 1405 quo
737 1370 822 1396 erario
834 1367 943 1406 hefufiit
968 1368 993 1402 ψ
1007 1378 1054 1405 quo

527 1408 626 1435 erario
639 1407 705 1442 aefias
713 1407 755 1444 fit

448 1454 468 1482 4
488 1453 572 1474 caeret
584 1446 608 1474 E
623 1446 653 1474 U
668 1446 763 1474 eoberet
777 1447 803 1480 ψ
815 1455 908 1476 eoereet

428 1499 469 1508 ·-
489 1485 573 1523 eique
588 1485 617 1513 U
631 1483 659 1519 ψ
673 1488 697 1513 ei
709 1488 754 1523 qui

427 1540 469 1548 —
487 1524 609 1553 eaerandi
623 1525 653 1553 U
669 1523 695 1559 ψ
710 1525 841 1554 eoherendi

427 1579 468 1587 -—
489 1565 564 1593 Cum
580 1565 609 1593 U
625 1573 654 1593 at

447 1615 463 1642 5
487 1603 603 1632 Consuli
620 1605 642 1633 E
658 1604 756 1642 consilii

450 1654 467 1680 7
489 1644 587 1681 plebes
601 1644 624 1672 E
635 1646 741 1681 pcpulus

427 1698 467 1706 —
487 1683 573 1713 iidem
590 1683 612 1712 E
629 1683 657 1712 U
671 1685 735 1712 idem

428 1739 469 1746 —
488 1723 522 1752 ad
538 1723 568 1751 U
581 1735 612 1752 ac

450 1765 466 1792 8
489 1763 556 1792 aesus
571 1765 594 1792 E
610 1763 639 1792 U
653 1764 719 1799 cestu

427 1818 468 1826 —
521 1814 562 1831 uae
576 1813 640 1832 cum
657 1804 680 1832 E
692 1805 857 1842 Qaecunque
872 1803 901 1832 U
916 1803 1051 1841 Qaeeun-

529 1855 574 1882 que
588 1848 616 1872 in
668 1844 785 1881 Qaeque
797 1847 827 1872 in

427 1897 467 1905 —
487 1893 607 1921 quaeque
622 1884 645 1911 E
658 1883 686 1911 U
700 1893 853 1921 quacunque

425 1938 468 1946 —
487 1931 609 1961 agentur
623 1923 646 1950 E
661 1932 751 1961 agento

431 1972 467 1991 10
488 1962 617 1992 Senatori
629 1962 652 1990 E
665 1966 807 1991 Senam-m

425 2017 466 2025 —
487 2011 538 2030 nec
552 2002 644 2030 aderit
657 2003 680 2030 E
695 2003 725 2031 U
738 2014 767 2031 ne
780 2005 880 2030 caverit
894 2000 920 2038 ψ
934 2003 1021 2031 aderit

424 2056 466 2064 —
485 2042 565 2070 Loco
577 2055 658 2064 —
671 2050 751 2071 orato
760 2053 770 2076 3
791 2041 818 2077 ψ
833 2042 860 2069 d.

429 2090 440 2109 1
451 2090 461 2109 ι
486 2081 572 2110 modo
586 2089 665 2110 orato
680 2083 703 2110 E
719 2083 843 2111 moderato

425 2135 466 2144 -
486 2121 539 2149 vis
553 2121 576 2149 E
589 2119 669 2158 *lajas

427 2174 467 2182 -
488 2159 581 2188 abesto
596 2160 619 2187 E
634 2161 660 2194 ψ
674 2161 759 2197 adesto

431 2209 466 2229 12
488 2199 599 2238 agendo
616 2199 642 2227 U
659 2200 772 2238 augendo

426 2254 468 2262 —
488 2239 588 2268 asteris
602 2239 639 2267 est
653 2240 678 2274 ᾧ
692 2241 803 2268 anthr-is
814 2242 862 2278 esto

432 2288 468 2347 ιὲ
487 2279 571 2324 ΐειτιρί
586 2278 753 2347 coagulum?
766 2280 790 2308 E
809 2280 837 2308 U
852 2279 991 2317 consulente»

432 2328 442 2347 1
510 2326 620 2347 atiunto
687 2327 801 2347 arnumo

431 2367 466 2394 17
486 2329 631 2396 grugnum
645 2327 728 2388 Epriu
740 2368 846 2399 rogante

427 2411 469 2419 —-
488 2397 539 2426 nifi
554 2399 577 2426 E
592 2401 621 2426 m'

427 2451 468 2461 —
487 2436 664 2468 comitiatum
680 2435 708 2475 ψ
719 2439 866 2473 tamitana:

1115 1403 1168 1444 165

1202 296 1213 325 1

371 317 409 365 ‘62
433 344 468 365 22
490 333 623 374 Equitem
637 344 750 374 cunque,
764 336 814 376 qui
830 337 853 366 E
869 337 894 374 ψ
908 335 1057 376 Equitum»
1117 317 1170 376 1⁸63
1197 316 1231 366 1}
1253 336 1365 367 ferunto
1380 337 1403 366 E
1418 339 1546 375 refirunto

1194 385 1230 405 20
1251 386 1332 414 paena
1346 387 1396 415 par
1409 378 1465 406 esto
1479 377 1502 406 E
1516 377 1546 407 U
1554 384 1644 416 paenae
1651 385 1758 418 parente

1194 425 1226 446 21
1252 415 1307 444 fide
1323 417 1346 444 E
1364 417 1393 445 U
1407 416 1434 451 ψ
1466 419 1520 445 dem

1193 470 1234 478 —·
1254 455 1361 484 Privati
1378 456 1401 484 E
1463 456 1490 491 ψ
1504 457 1627 488 Privata

1193 504 1230 532 23
1255 495 1398 524 Diseerem
1413 497 1437 530 ψ
1451 496 1559 534 Discere

1191 548 1234 556 -
1252 543 1311 562 rem
1326 534 1349 562 E
1366 535 1394 564 U
1407 546 1435 564 re

1191 588 1233 596 -
1253 581 1281 601 et
1296 575 1319 602 E
1334 577 1412 603 eliam

1195 622 1233 650 24
1255 613 1336 642 brevi
1351 613 1373 641 E
1386 614 1417 643 ob
1432 624 1484 644 rem

1194 662 1230 690 ²⁵
1253 661 1269 680 a
1284 653 1306 682 E
1319 653 1365 682 abs

1194 692 1231 720 26
1251 692 1370 721 allatum
1385 693 1408 720 E
1423 692 1541 723 ablatum

1195 740 1232 769 30
1253 731 1342 769 iisque
1356 733 1417 770 Est
1429 734 1463 760 iis
1477 734 1613 772 spsuisque

1196 779 1227 808 3¹
1253 771 1388 808 cujusque
1403 772 1425 799 E
1439 773 1540 810 ejusque

1191 824 1232 832 —-
1252 810 1416 848 reipublicae
1432 812 1455 839 E
1469 812 1497 840 U
1513 811 1540 847 ψ
1554 815 1582 841 in
1593 823 1620 842 re

1193 859 1229 888 33
1253 859 1308 878 non
1324 851 1347 878 E
1364 850 1392 878 U
1406 851 1431 884 ψ
1445 862 1493 879 non
1506 854 1575 880 modo

1194 900 1229 928 35
1254 890 1317 928 lege
1333 890 1355 918 E
1373 890 1400 918 U
1416 891 1442 925 ψ
1456 890 1555 930 legibus

1213 930 1231 957 6
1253 929 1344 967 Atqui
1360 930 1389 958 U
1403 931 1489 968 Atque

1190 985 1232 992 —
1252 969 1333 998 libris
1348 969 1374 1003 ψ
1384 969 1472 1003 libris,
1487 972 1556 1008 quod
1555 973 1711 1010 faciendum

1213 1010 1229 1036 8
1253 1008 1348 1037 Dione
1364 1010 1386 1037 E
1404 1010 1494 1048 Djona

1196 1057 1231 1076 12
1253 1057 1335 1076 acute
1349 1049 1372 1076 E
1389 1051 1459 1077 acuti

1195 1097 1228 1126 13
1252 1088 1362 1117 familia
1377 1089 1526 1126 Ufanu'lia
1540 1098 1589 1119 tua

1194 1136 1231 1164 14
1251 1128 1298 1156 issa
1317 1128 1346 1156 U
1360 1128 1417 1165 ipfiz

1191 1182 1232 1189 —
1252 1167 1415 1196 Aristoteles
1429 1167 1453 1196 E
1468 1168 1611 1200 Arissoriles

1193 1216 1203 1236 1
1212 1217 1227 1245 ς
1250 1207 1471 1245 Heraclidesque
1486 1209 1510 1236 E
1523 1208 1672 1239 Heraclida

1195 1256 1205 1275 1
1214 1257 1230 1284 7
1253 1247 1402 1276 Aristotele
1417 1247 1440 1275 E
1454 1247 1585 1286 Aristotile

1190 1301 1232 1308 -—-
1253 1295 1284 1316 ut
1299 1286 1374 1315 scitis
1389 1287 1413 1315 E
1428 1289 1555 1323 inscitbis

1193 1335 1229 1354 22
1251 1334 1279 1354 et
1294 1327 1317 1354 E
1331 1338 1378 1354 non

1195 1375 1229 1403 ²3
1252 1365 1335 1394 nimis
1350 1366 1372 1393 E
1387 1369 1470 1395 minus

1216 1415 1226 1433 1
1252 1405 1423 1434 Consulibus
1437 1407 1460 1434 E
1475 1404 1568 1443 confidi
1581 1406 1622 1436 bis

1211 1454 1229 1473 2
1253 1453 1283 1474 ut
1299 1446 1321 1473 E
1336 1446 1403 1482 quod

1212 1493 1229 1521 7
1252 1493 1316 1513 nata
1330 1485 1353 1512 E
1370 1485 1398 1512 U
1413 1486 1539 1519 damnata

1195 1533 1230 1552 ιο
1251 1524 1295 1552 sed
1312 1525 1335 1552 E
1349 1533 1373 1552 ce

1195 1573 1204 1591 1
1215 1573 1225 1591 1
1251 1563 1383 1592 conversa
1396 1565 1419 1592 E
1435 1567 1605 1593 convertenda

1195 1612 1228 1631 12
1254 1604 1271 1620 ⁸
1287 1604 1304 1619 ³
1321 1604 1338 1619 ⁸
1355 1604 1377 1632 E
1400 1604 1429 1632 U
1452 1603 1524 1632 nulla
1543 1605 1644 1634 Iaeunae
1667 1611 1738 1634 nota.
1766 1607 1818 1644 nist

1289 1645 1356 1681 quod
1374 1646 1402 1671 in
1424 1645 1542 1681 margine
1567 1646 1590 1673 E
1610 1655 1700 1673 manus
1729 1646 1814 1680 (bunc

1289 1685 1368 1711 locum
1382 1684 1517 1711 notandum
1529 1685 1573 1721 effi
1585 1685 1747 1722 indigimus)
1763 1693 1812 1723 po·

1289 1731 1380 1751 nalur.

1193 1771 1203 1790 1
1212 1771 1226 1800 3
1248 1763 1386 1791 redeunte
1401 1763 1423 1791 E
1433 1766 1495 1802 pede
1506 1775 1554 1793 uno
1567 1764 1592 1798 ψ
1605 1765 1774 1802 repedandum

1195 1811 1231 1838 ¹4
1251 1812 1267 1830 a
1282 1803 1303 1831 E
1317 1813 1349 1830 ex

1194 1851 1203 1870 1
1212 1851 1226 1878 5
1243 1843 1304 1879 Jam
1317 1843 1343 1876 ψ
1355 1843 1394 1880 Q
1409 1844 1477 1880 Jam

1193 1883 1228 1909 16
1250 1892 1334 1919 quam
1352 1884 1371 1909 h:
1385 1884 1412 1910 d.

1188 1935 1229 1942 —
1248 1921 1360 1950 Omitto
1374 1921 1400 1955 ψ
1413 1920 1471 1950 Tit.
1487 1922 1586 1950 Omitto

1192 1969 1226 1997 17
1248 1961 1391 1999 legatione
1419 1961 1593 1990 haereditates
1621 1962 1644 1990 E
1665 1961 1813 2000 legationem

1287 2002 1438 2028 hereditans

1192 2041 1226 2068 18
1267 2041 1452 2077 ersequuntur
1466 2041 1488 2068 E
1500 2041 1691 2077 prosequamur

1187 2095 1228 2102 —
1269 2080 1410 2108 ominibus>
1427 2080 1462 2107 est
1478 2081 1500 2108 E
1515 2080 1626 2108 omnibus
1639 2089 1662 2108 et

1191 2128 1227 2157 19
1248 2119 1344 2156 reapse
1372 2118 1405 2147 fit
1420 2120 1444 2147 E
1464 2120 1507 2157 ff
1520 2120 1594 2157 pff?
1618 2119 1664 2147 hoc
1684 2118 1712 2155 ψ
1731 2122 1812 2159 resit

1286 2160 1336 2187 hae

1186 2213 1227 2221 —
1247 2197 1446 2236 procuratione
1460 2199 1569 2228 senator
1582 2199 1604 2227 E
1614 2200 1640 2234 ψ
1649 2207 1813 2237 procuratore

1278 2240 1386 2275 senmus

1189 2288 1224 2316 ²3
1247 2278 1395 2306 leviffimus
1411 2278 1434 2306 E
1448 2282 1494 2307 vis
1508 2277 1539 2306 U
1550 2278 1618 2307 levis
1631 2277 1659 2314 ψ
1671 2279 1758 2310 levius

1185 2332 1227 2339 —
1248 2318 1378 2346 tribunus
1392 2317 1484 2356 plebis
1496 2319 1525 2347 U
1539 2327 1563 2347 et
1576 2319 1720 2357 eciamplus

1185 2371 1227 2379 —
1248 2365 1307 2386 tum
1322 2358 1345 2386 E
1359 2367 1417 2386 nme
1434 2357 1462 2386 U
1478 2369 1533 2387 eum

1188 2406 1226 2432 ²4
1246 2407 1369 2426 annuum
1383 2398 1406 2426 E
1420 2409 1514 2426 annum

1190 2437 1227 2466 26
1247 2436 1398 2467 decedatur
1413 2438 1436 2467 E
1451 2438 1594 2475 dffeedasur
1606 2438 1637 2469 U
1649 2438 1781 2470 recedatur
