2223 3003
471 250 547 290 252
866 235 968 273 DE
1047 234 1472 274 OFFICIIS

470 336 672 374 conciliare
703 332 852 371 facilius
887 331 1192 369 benevolentiam
1227 331 1490 370 multitudinis
1525 330 1678 385 pofl'unt
1709 332 1752 377 ii,
1791 333 1863 387 qui

470 401 689 454 reipublicae
710 398 885 451 praesunt,
908 411 1024 448 quam
1046 397 1271 435 abstinentia
1289 407 1327 435 et
1346 397 1597 436 continentia.

525 466 604 516 Qi
627 478 711 501 vero
731 463 766 500 se
786 463 986 515 populares
1007 462 1157 507 volunt,
1185 464 1236 502 ob
1255 477 1416 516 eamque
1433 462 1583 502 causam
1602 471 1668 501 aut
1683 462 1867 516 agrariam

470 545 550 570 rem
584 539 745 573 tentant,
783 539 824 567 ut
846 529 1059 582 possessores
1091 530 1164 567 suis
1186 530 1335 568 sedibus
1355 530 1562 583 pellantur,
1593 538 1658 567 aut
1688 529 1866 582 pecunias

469 597 629 633 creditas
660 595 897 633 debitoribus
938 594 1205 633 condonandas
1244 605 1408 648 putant,
1453 595 1483 633 ii
1516 593 1758 633 labefactant*
1773 593 1866 632 fun»-

469 663 647 701 damenta
668 661 914 714 reipublicae;
945 662 1190 700 concordiam
1211 662 1398 715 primum,
1430 676 1516 715 quae
1544 661 1615 700 effe
1634 674 1712 699 non
1730 659 1866 714 potest,

469 742 562 767 cum
582 728 664 766 aliis
686 727 924 772 adimuntur,
955 727 1037 765 aliis
1056 727 1336 773 condonantur,
1359 728 1528 780 pecuniae
1544 746 1556 772 ς
1588 727 1726 765 deinde
1745 726 1867 778 aequi-

469 804 604 840 tatem,
626 808 710 847 quae
730 793 880 831 tollitur
900 794 1041 838 omnis,
1068 794 1095 832 fi
1114 793 1254 832 habere
1281 794 1393 832 suum
1417 795 1558 847 cuique
1578 807 1653 832 non
1675 793 1780 831 licet.
1822 792 1868 831 Id

469 863 574 900 enim
595 861 647 899 est
665 860 882 913 proprium,
905 869 947 897 ut
978 859 1086 912 supra
1106 859 1202 904 dixi,
1223 860 1389 898 civitatis
1409 870 1523 913 atque
1543 860 1662 905 urbis,
1689 868 1733 897 ut
1752 859 1797 897 s1t
1815 858 1867 897 li-

469 927 557 965 bera
576 935 613 964 et
634 939 712 963 non
733 924 895 962 sollicita
914 923 985 962 suae
1004 924 1056 962 rei
1077 924 1261 977 cujusque
1280 925 1462 964 custodia.

521 994 654 1044 Atque
674 992 713 1028 in
734 989 806 1028 hac
826 990 994 1042 pernicie
1015 990 1235 1043 reipublicae
1255 1005 1302 1030 ne
1321 991 1429 1030 illam
1442 991 1603 1045 quidem
1622 992 1868 1044 consequun-

468 1067 544 1103 tur,
567 1071 686 1110 quam
706 1065 856 1109 putant,
877 1056 1054 1108 gratiam.
1097 1057 1218 1102 Nam,
1249 1057 1314 1095 cui
1333 1070 1389 1095 res
1409 1067 1537 1110 erepta
1563 1057 1630 1102 est,
1661 1057 1713 1095 est
1732 1058 1870 1095 inimi-

468 1138 561 1170 cus5
593 1124 656 1162 cui
677 1123 776 1168 data,
808 1123 924 1160 etiam
944 1122 1153 1162 diffimulat
1172 1123 1208 1161 se
1228 1123 1400 1177 accipere
1419 1123 1576 1162 voluiffe
1592 1142 1605 1169 ς
1635 1132 1674 1162 et
1699 1124 1870 1162 maxime

468 1191 509 1229 in
541 1190 714 1244 pecuniis
749 1189 903 1227 creditis
937 1189 1107 1228 occultat
1140 1189 1253 1228 suum
1286 1190 1490 1243 gaudium,
1518 1203 1567 1229 ne
1594 1189 1767 1228 videatur
1791 1203 1871 1228 non

468 1256 579 1295 fuiffe
599 1255 790 1294 solvendo.
813 1256 868 1293 At
888 1268 976 1293 vero
994 1255 1074 1300 ille,
1097 1255 1166 1308 qui
1184 1256 1325 1309 accipit
1345 1256 1540 1307 injuriam,
1558 1264 1597 1293 et
1617 1255 1813 1300 meminit,
1831 1263 1872 1294 et

470 1336 546 1376 prae
565 1322 600 1360 se
619 1321 693 1360 fert
713 1321 885 1360 dolorem
907 1320 1043 1365 suum;
1075 1334 1161 1366 nec,
1193 1321 1219 1359 fi
1239 1321 1367 1374 plures
1387 1321 1475 1360 sunt
1494 1322 1536 1367 ii,
1558 1321 1700 1374 quibus
1719 1321 1869 1374 impro-

470 1390 518 1428 be
538 1388 672 1427 datum
692 1387 758 1432 est,
794 1400 911 1439 quam
936 1386 1008 1432 illi,
1041 1387 1184 1439 quibus
1214 1387 1352 1439 injuste
1381 1387 1610 1440 ademptum
1628 1387 1693 1432 est,
1724 1387 1870 1426 idcirco

469 1455 556 1507 plus
576 1454 692 1492 etiam
712 1451 839 1491 valent
857 1466 865 1489 :
898 1465 976 1489 non
1007 1453 1112 1490 enim
1133 1465 1296 1490 numero
1315 1451 1396 1490 haec
1418 1453 1658 1503 judicantur,
1688 1452 1748 1490 sed
1768 1466 1869 1505 pon-

469 1521 570 1558 dere.
594 1520 724 1570 Qam
745 1527 874 1556 autem
894 1516 1010 1555 habet
1030 1517 1266 1569 aequitatem,
1283 1527 1325 1555 ut
1342 1531 1492 1570 agrum,
1514 1517 1649 1555 multis
1669 1517 1791 1563 annis,
1807 1528 1873 1557 aut

468 1587 584 1625 etiam
606 1585 738 1624 seculis
770 1593 855 1622 ante
880 1582 1098 1637 possessum,
1132 1583 1199 1636 qui
1231 1583 1386 1623 nullum
1419 1582 1570 1629 habuit,
1606 1582 1771 1629 habeat,
1803 1585 1872 1637 qui

469 1662 598 1690 autem
619 1650 769 1695 habuit,
790 1640 970 1689 amittat?

511 1719 664 1756 XXIII.
681 1719 740 1755 Ac
762 1726 915 1770 propter
936 1716 1010 1755 hoc
1030 1717 1178 1770 injuriae
1197 1732 1317 1772 genus
1334 1719 1618 1758 Lacedaemonii
1630 1718 1872 1771 Lysandrum

470 1784 660 1838 ephorum
681 1783 936 1836 expulerunt,
969 1785 1074 1838 Agin
1101 1799 1229 1838 regem
1263 1786 1386 1838 (quod
1417 1799 1617 1838 nunquam
1644 1795 1751 1823 antea
1771 1785 1872 1838 apud

470 1865 534 1889 eos
554 1850 758 1900 acciderat)
781 1860 1034 1889 necaverunt:
1065 1865 1112 1890 ex
1132 1866 1253 1904 eoque
1275 1862 1447 1905 tempore
1467 1862 1580 1891 tantae
1599 1852 1794 1890 discordia:
1814 1850 1870 1889 se-

470 1925 568 1955 cutae
590 1916 688 1960 sunt,
722 1924 765 1952 ut
795 1924 833 1952 et
865 1916 1012 1966 tyranni
1034 1917 1250 1961 existerent,
1280 1927 1318 1954 et
1344 1919 1549 1969 optimates
1570 1919 1870 1956 exterminaren-

472 1992 548 2027 tur,
570 1991 607 2019 et
628 1979 904 2034 praeclarissime
924 1980 1130 2019 constituta
1150 1981 1360 2034 respublica
1380 1982 1622 2020 dilaberetur.
1671 1982 1755 2020 Nec
1786 1995 1873 2019 vero

472 2048 596 2086 solum
632 2046 709 2099 ipsa
729 2046 882 2090 cecidit,
914 2045 975 2084 sed
1006 2047 1122 2086 etiam
1156 2048 1343 2100 reliquam
1365 2049 1556 2086 Gra-ciam
1582 2049 1716 2085 evertit
1737 2057 1872 2086 conta·

471 2113 652 2166 gionibus
687 2112 892 2156 malorum,
925 2125 1024 2164 quae,
1057 2126 1077 2150 a
1107 2114 1408 2152 Lacedaemoniis
1443 2113 1633 2166 profectae,
1672 2123 1873 2151 manarunt

473 2180 600 2217 latius.
625 2178 755 2230 Qid?
778 2177 921 2216 nostros
944 2177 1156 2224 Gracchos,
1174 2180 1270 2217 Tib.
1289 2179 1473 2224 Gracchi,
1496 2179 1637 2218 summi
1655 2180 1740 2224 viri,
1759 2179 1871 2225 filios,

474 2246 648 2284 Africani
671 2254 840 2297 nepotes,
864 2258 989 2282 nonne
1009 2245 1160 2297 agrarim
1181 2247 1445 2285 contentiones
1467 2246 1712 2300 perdiderunt
1732 2247 1744 2283 ?

529 2313 584 2349 At
604 2324 692 2348 vero
712 2312 851 2347 Aratus
879 2309 1078 2362 Sicyonius
1095 2311 1182 2363 jure
1203 2311 1389 2357 laudatur,
1420 2312 1502 2363 qui,
1529 2325 1620 2349 cum
1641 2312 1720 2362 ejus
1740 2312 1872 2349 civitas

473 2376 754 2431 quinquaginta
774 2389 890 2413 annos
912 2390 931 2413 a
964 2377 1132 2428 tyrannis
1153 2385 1357 2421 teneretur,
1379 2376 1571 2429 profectus
1594 2378 1708 2429 Argis
1740 2379 1874 2428 Sicyo-

474 2457 579 2487 nem,
601 2442 834 2480 clandestino
868 2443 1028 2481 introitu
1051 2443 1143 2482 urbe
1173 2443 1225 2481 cst
1260 2443 1418 2496 potitus.
1462 2445 1646 2495 Cumque
1669 2453 1872 2494 tyrannum

474 2508 683 2548 Nicoclem
719 2509 925 2561 improviso
959 2509 1201 2562 oppreffiffet,
1231 2509 1426 2548 sexcentos
1457 2510 1601 2554 exules,
1634 2511 1702 2562 qui
1725 2509 1873 2548 fueraut

473 2576 554 2627 ejus
585 2575 751 2613 civitatis
777 2575 1077 2629 locupletissimi‚
1100 2576 1274 2623 restituit,
1306 2590 1465 2630 remque
1485 2576 1683 2630 publicam
1709 2577 1872 2615 adventu
