2223 3003
692 270 971 313 L113ER
1027 271 1455 312 TERTIUS.
1702 287 1777 326 291

432 371 608 412 XXXII.
641 372 726 418 Sed,
758 381 803 412 ut
835 371 1047 411 laudandus
1079 371 1256 425 Regulus
1288 371 1329 411 in
1355 371 1610 411 conservando
1629 373 1780 425 jureju-

377 440 510 486 rando,
532 440 582 478 fic
602 439 736 478 decem
766 440 839 485 illi,
863 440 978 492 (quos
1011 439 1094 492 post
1114 438 1356 478 Cannensem
1375 453 1549 493 pugnam
1569 440 1715 492 juratos
1737 441 1782 478 ad

378 504 551 545 senatum
570 506 674 545 misit
692 505 878 550 Annibal,
909 505 946 543 se
975 506 1016 543 in
1035 505 1150 543 castra
1181 506 1368 544 redituros
1394 519 1450 552 ea,
1480 520 1649 559 quorum
1669 507 1784 560 potiti

375 582 484 612 erant
501 574 628 619 Poeni,
648 572 718 611 nisi
737 572 785 610 de
803 571 1036 610 redimendis
1056 572 1218 624 captivis
1238 572 1555 625 impetraviffent)
1578 574 1604 612 fi
1625 587 1703 612 non
1723 588 1782 612 re-

376 639 547 685 dierunt,
579 637 834 691 vituperandi.
885 638 947 675 De
979 637 1122 690 quibus
1154 652 1232 676 non
1250 651 1385 677 omnes
1416 652 1495 678 uno
1515 641 1660 679 modo:
1693 654 1784 679 nam

378 705 578 758 Polybius,
599 705 724 743 bonus
743 705 874 742 auctor
900 703 942 742 in
962 703 1114 757 primis,
1137 703 1282 749 scribit,
1299 717 1347 742 ex
1367 704 1502 744 decem
1523 707 1782 752 nobilissimis,

377 771 447 825 qui
468 780 556 810 tum
575 778 682 809 erant
701 769 816 815 miffi,
848 783 990 809 novem
1021 769 1223 816 revertisse,
1251 783 1271 808 a
1291 770 1420 809 senatu
1440 784 1479 809 re
1499 785 1576 809 non
1597 772 1783 825 impetra-

375 847 415 876 ta
429 855 441 882 ς
463 850 587 876 unum
602 850 650 875 ex
667 835 818 882 decem,
840 835 922 889 qui,
944 836 1060 889 paulo
1079 836 1163 889 post
1183 849 1301 889 quam
1320 836 1483 889 egrefl'us
1504 846 1582 876 erat
1602 851 1622 875 e
1642 838 1783 884 castris,

376 903 539 949 rediffet,
579 902 684 956 quafi
713 902 860 956 aliquid
890 901 980 941 effet
1013 903 1173 949 oblitus,
1205 904 1342 942 Romae
1363 903 1588 943 remanfiffe.
1638 904 1786 944 Reditu

374 971 483 1010 enim
516 971 559 1009 in
589 970 720 1015 castra,
755 969 963 1009 liberatum
996 970 1032 1009 se
1060 969 1131 1008 effe
1159 970 1410 1023 jurejurando
1434 971 1784 1025 interpretabatur:

374 1050 454 1076 non
475 1039 601 1076 reete:
632 1035 736 1074 fraus
756 1036 863 1075 enim
890 1035 1103 1090 adstringit,
1135 1050 1214 1076 non
1232 1036 1413 1082 diffolvit,
1434 1038 1662 1090 perjurium.
1694 1038 1787 1076 Fuit

375 1103 497 1157 igitur
516 1103 630 1142 stulta
649 1101 853 1148 calliditas,
883 1103 1052 1157 perverse
1079 1103 1231 1142 imitata
1261 1102 1521 1157 prudentiam.
1554 1104 1687 1157 Itaque
1716 1105 1786 1142 de-

376 1170 498 1209 crevit
532 1169 696 1214 senatus,
733 1177 777 1208 ut
810 1169 877 1207 ille
907 1178 1095 1209 veterator
1127 1178 1165 1209 et
1196 1169 1373 1216 callidus,
1403 1170 1553 1209 vinctus
1589 1171 1636 1209 ad
1655 1171 1786 1209 Anni-

377 1236 506 1275 balem
541 1236 759 1275 duceretur.
801 1236 873 1274 Sed
903 1235 1003 1274 illud
1029 1237 1278 1276 maximum:
1309 1238 1397 1276 oeto
1425 1236 1637 1276 hominurn
1664 1237 1789 1276 millia

375 1302 532 1341 tenebat
563 1301 751 1347 Annibal,
787 1315 866 1340 non
899 1315 996 1355 quos
1027 1302 1068 1340 in
1103 1303 1184 1341 acie
1211 1302 1381 1356 cepiffet,
1414 1311 1480 1342 aut
1513 1303 1582 1356 qui
1613 1303 1788 1356 periculo

375 1368 514 1408 mortis
545 1367 768 1422 diffugisset,
799 1367 861 1406 sed
893 1369 963 1421 qui
997 1368 1119 1407 relicti
1142 1369 1183 1407 in
1211 1368 1338 1407 castris
1364 1368 1522 1407 fuiffent
1552 1382 1573 1407 a
1604 1369 1724 1408 Paulo
1750 1378 1789 1408 et

375 1436 550 1475 Varrone
569 1434 833 1474 Consulibus:
865 1448 929 1474 eos
957 1435 1104 1474 senatus
1126 1450 1205 1474 non
1225 1435 1374 1474 censuit
1403 1435 1663 1481 redimendos,
1695 1450 1789 1476 cum

376 1503 419 1541 id
449 1503 562 1556 parva
591 1502 756 1555 pecunia&⁴
785 1501 869 1540 fieri
897 1501 1041 1554 poffet5
1074 1512 1117 1541 ut
1142 1502 1230 1541 effet
1251 1502 1410 1540 insitum
1437 1503 1631 1541 militibus
1653 1503 1788 1542 nostris

376 1578 443 1608 aut
463 1569 628 1612 vincere,
649 1577 715 1606 aut
734 1567 872 1606 emori.
903 1568 994 1619 Qa
1013 1569 1173 1620 quidem
1194 1581 1233 1607 re
1252 1568 1394 1613 audita,
1424 1568 1591 1606 fractum
1611 1569 1789 1608 animum

376 1635 583 1674 Annibalis
603 1634 750 1687 scripsit
769 1633 890 1679 idem,
908 1633 1014 1686 quod
1030 1634 1178 1673 senatus
1193 1633 1435 1687 populusque
1453 1635 1654 1674 Romanus
1675 1635 1788 1675 rebus

376 1701 530 1741 afflictis
550 1710 630 1740 tam
650 1699 800 1739 excelso
827 1700 960 1738 animo
980 1699 1121 1738 fuiffet.
1169 1700 1230 1739 Sic
1256 1695 1463 1738 honestatis
1484 1701 1788 1754 comparatione,

376 1782 433 1814 ea,
467 1781 552 1821 quae
582 1767 761 1805 videntur
792 1766 917 1811 utilia,
948 1766 1172 1805 vincuntur.
1204 1766 1355 1805 Acilius
1382 1775 1526 1812 autem,
1561 1767 1631 1820 qui
1652 1768 1789 1807 Graece

377 1835 523 1889 scripsit
543 1833 754 1879 historiam,
786 1833 914 1886 plures
934 1833 986 1871 ait
1005 1832 1129 1879 fuisse,
1161 1834 1230 1886 qui
1250 1833 1291 1872 in
1311 1833 1427 1871 castra
1443 1833 1692 1880 revertissent,
1724 1848 1787 1874 ea-

377 1902 468 1940 dem
499 1900 646 1945 fraude,
685 1909 728 1938 ut
751 1898 1001 1952 jurejurando
1030 1900 1297 1945 liberarentur,
1331 1898 1471 1952 eosque
1503 1913 1525 1937 a
1554 1900 1788 1940 Censoribus

376 1967 562 2007 omnibus
583 1965 812 2019 ignominiis
834 1973 999 2004 notato&

433 2035 490 2073 Sit
516 2034 598 2086 jam
628 2031 745 2085 hujus
780 2031 857 2070 loci
891 2031 995 2071 finis.
1042 2032 1296 2086 Perspicuum
1313 2031 1369 2071 est
1386 2031 1507 2077 enim,
1540 2046 1626 2084 quae
1647 2033 1790 2073 timido

377 2100 525 2146 animo,
552 2099 713 2144 humili,
745 2098 918 2144 demisso,
952 2098 1149 2152 fractoque
1179 2099 1288 2144 fiant,
1323 2099 1455 2151 (quale
1485 2098 1612 2137 fuiffet
1643 2099 1788 2153 Reguli

379 2166 540 2211 fafifflm,
555 2166 580 2204 fi
601 2175 667 2204 aut
686 2166 732 2203 de
751 2166 928 2218 captivis,
946 2166 1052 2218 quod
1073 2165 1141 2217 ipsi
1162 2178 1259 2218 opus
1278 2164 1349 2203 effe
1368 2164 1573 2210 videretur,
1592 2179 1668 2204 non
1684 2167 1789 2219 quod

380 2233 617 2286 reipublicae,
653 2230 878 2275 censuiffet;
915 2240 980 2268 aut
1015 2231 1122 2268 domi
1143 2244 1336 2269 remanere
1370 2230 1569 2284 voluisset)
1606 2246 1684 2271 non
1718 2233 1789 2272 effe

378 2299 504 2344 utilia,
526 2298 617 2351 quia
637 2297 709 2334 fint
729 2296 926 2351 flagitiosa,
948 2295 1063 2341 foeda,
1087 2297 1225 2349 turpia.

433 2365 631 2404 XXXIII.
664 2363 795 2402 Restat
825 2373 959 2416 quarta
985 2377 1082 2416 pars,
1105 2377 1189 2415 quae
1209 2363 1358 2409 decore,
1392 2364 1667 2411 moderatione,
1699 2380 1786 2405 mo·-

377 2431 510 2476 destia,
531 2431 783 2476 continentia,
816 2431 1070 2484 temperantia
1090 2430 1322 2469 continetur.
1384 2432 1511 2470 Potest
1530 2433 1649 2485 igitur
1670 2433 1786 2485 quid-

381 2511 500 2549 quam
521 2498 591 2536 effe
613 2498 723 2543 utile,
758 2498 864 2551 quod
897 2498 941 2536 fit
972 2497 1065 2536 huic
1100 2497 1239 2535 talium
1269 2498 1460 2537 virtutum
1481 2498 1602 2537 choro
1632 2509 1785 2537 contra-

382 2564 514 2601 rium?
546 2565 670 2616 Atqui
690 2565 736 2602 ab
757 2565 954 2617 Aristippo
975 2565 1190 2616 Cyrenaici,
1211 2574 1324 2617 atque
1348 2566 1545 2604 Annicerii
1566 2565 1787 2619 philosophi

385 2630 587 2675 nominati,
620 2643 736 2669 omne
767 2631 918 2669 bonum
949 2632 989 2669 in
1021 2631 1215 2684 voluptate
1248 2630 1483 2684 posuerunt,
1527 2633 1788 2685 virtutemque

1337 2698 1482 2737 002
