2223 3003
717 231 820 270 DE
892 230 1365 270 AMICITIA.
1665 247 1738 286 341

339 330 574 384 respondeat.
605 331 794 377 Tertiam,
809 340 852 369 ut
871 330 1007 383 quanti
1027 330 1190 383 quisque
1209 329 1244 369 se
1263 329 1342 384 ipse
1361 328 1469 376 facit,
1490 331 1588 369 tanti
1607 330 1673 369 fiat
1692 333 1739 370 ab

339 398 488 435 amicis.

394 463 548 501 Harum
570 463 689 501 trium
710 462 982 501 sententiarum
1004 461 1102 500 nulli
1122 462 1271 515 prorsus
1299 462 1473 501 assentior
1491 478 1500 502 :
1531 476 1601 502 nec
1631 464 1739 503 enim

338 527 403 565 illa
423 529 550 581 prima
568 542 653 566 vera
671 528 737 572 est,
759 538 816 572 ut,
837 527 1169 579 quemadmodum
1190 528 1231 565 in
1252 528 1287 566 se
1308 529 1482 580 quisque,
1505 528 1554 567 fic
1575 529 1614 567 in
1635 531 1735 568 ami-

338 607 444 639 cum,
478 595 522 632 s1t
552 594 757 632 animat-us.
803 593 934 643 Qam
956 592 1079 630 multa
1097 593 1216 637 enim,
1248 607 1331 645 quae
1359 594 1483 632 nostra
1502 594 1610 633 causa
1630 609 1733 635 nun-

337 674 455 712 quam
475 659 701 702 faceremus,
720 657 884 696 facimus
905 657 1015 695 causa
1040 659 1256 696 amicorum
1275 659 1287 695 ?
1318 660 1461 711 precari
1491 661 1537 698 ab
1557 661 1737 713 indigno,

337 724 547 777 supplicare
562 742 576 769 5
606 733 693 762 rum
719 722 891 760 acerbius
912 723 952 760 in
983 722 1152 775 aliquem
1172 722 1316 768 invehi,
1348 723 1596 776 insectarique
1617 725 1735 764 vehe-

336 790 504 828 mentius
520 809 532 835 ς
564 803 650 842 quae
680 789 721 826 in
741 788 875 827 nostris
906 788 1019 826 rebus
1050 802 1127 826 non
1158 788 1243 827 satis
1263 787 1431 834 honeste,
1459 790 1500 827 in
1520 790 1735 830 amicorum

335 855 437 894 fiunt
455 855 726 894 honestiffime.
776 855 921 893 Multae
951 868 1107 907 quoque
1140 868 1196 893 res
1217 854 1317 900 sunt,
1349 855 1389 893 in
1420 856 1562 908 quibus
1593 856 1639 894 de
1660 857 1736 895 suis

335 922 552 960 commodis
573 922 645 959 viri
661 920 754 959 boni
774 920 898 959 multa
916 920 1135 966 detrahunt,
1153 919 1378 974 detrahique
1397 922 1609 974 patiuntur,
1627 932 1679 960 ut
1688 923 1736 961 iis

336 989 460 1026 amici
474 989 616 1041 potius,
637 1001 754 1040 quam
774 987 857 1040 ipfi,
879 986 1067 1026 fruantur..

391 1055 525 1093 Altera
558 1054 742 1093 sententia
781 1054 846 1099 est,
883 1068 967 1107 quae
997 1054 1134 1092 definit
1162 1054 1375 1093 amicitiam
1409 1055 1563 1108 paribus
1597 1056 1738 1095 officiis

336 1133 379 1158 ac
409 1121 686 1159 voluntatibus.
735 1122 827 1160 Hoc
858 1120 1017 1173 quidem
1047 1120 1099 1158 est
1125 1121 1241 1159 nimis
1272 1122 1410 1174 exigue
1436 1131 1474 1159 et
1507 1122 1657 1160 exiliter
1689 1122 1737 1159 ad

336 1186 504 1225 calculos
535 1200 667 1225 vocare
700 1187 925 1231 amicitiam,
958 1196 1000 1224 ut
1030 1200 1096 1239 par
1115 1187 1158 1225 fit
1180 1187 1274 1225 ratio
1292 1197 1538 1240 acceptorum
1569 1198 1606 1225 et
1626 1188 1736 1226 dato-

337 1265 439 1290 rum.
485 1252 657 1290 Divitior
690 1251 804 1296 mihi,
836 1261 875 1289 et
903 1250 1291 1290 affluentiorvidetur
1319 1252 1388 1291 effe
1418 1266 1506 1290 vera
1537 1253 1734 1297 amicitia.;

337 1331 407 1355 nec
440 1318 632 1357 observare
663 1317 851 1362 restricte,
878 1331 926 1356 ne
945 1317 1032 1370 plus
1053 1318 1197 1362 reddat,
1229 1331 1347 1369 quam
1366 1319 1580 1371 acceperit:
1613 1331 1740 1370 neque

335 1384 442 1422 enim
461 1384 672 1423 verendum
691 1383 758 1429 est,
794 1397 841 1421 ne
860 1383 958 1435 quid
976 1383 1141 1428 excidat,
1172 1392 1238 1421 aut
1258 1396 1305 1421 ne
1324 1384 1418 1436 quid
1439 1384 1480 1421 in
1503 1392 1642 1421 terram
1670 1384 1738 1421 de·-

337 1449 442 1494 fluat,
464 1459 529 1488 aut
548 1463 595 1488 ne
614 1449 701 1502 plus
723 1463 832 1502 aequo
853 1449 947 1502 quid
967 1450 1009 1487 in
1029 1449 1244 1487 amicitiam
1263 1458 1502 1501 congeratur.

391 1516 548 1553 Tertius
581 1527 671 1552 vero
701 1515 767 1551 ille
798 1514 885 1552 finis
916 1514 1159 1558 deterrimus,
1191 1524 1248 1559 ut,
1270 1516 1405 1567 quanti
1424 1515 1585 1567 quisque
1606 1515 1739 1568 seipse

335 1580 463 1625 faciat,
486 1580 583 1619 tanti
602 1579 667 1618 fiat
687 1579 733 1617 ab
753 1579 887 1617 amicis
906 1594 914 1617 :
947 1579 1041 1632 saepe
1059 1580 1165 1618 enim
1192 1580 1232 1617 in
1253 1580 1483 1632 quibusdam
1504 1590 1567 1618 aut
1585 1581 1736 1618 animus

335 1647 516 1699 abjectior
549 1645 614 1690 est,
645 1654 710 1683 aut
739 1644 820 1698 spes
851 1644 1130 1698 amplificandae
1159 1643 1322 1683 fortunae
1356 1644 1522 1683 fractior.
1565 1645 1659 1683 Non
1685 1645 1737 1683 est

336 1714 455 1766 igitur
474 1713 603 1757 amici,
639 1711 753 1750 talem
774 1711 845 1749 effe
870 1712 908 1749 in
929 1724 1034 1757 eum,
1068 1711 1190 1764 qualis
1211 1712 1275 1749 ille
1294 1712 1334 1749 in
1356 1711 1391 1749 se
1411 1711 1488 1756 est5
1521 1711 1581 1749 sed
1608 1712 1737 1763 potius

336 1779 429 1831 eniti
450 1789 487 1816 et
506 1779 668 1823 efficere,
701 1787 747 1815 ut
770 1777 886 1816 amici
906 1778 1102 1829 jacentem
1122 1777 1297 1816 animum
1317 1777 1472 1822 excitet,
1503 1777 1743 1829 inducatque

335 1846 375 1884 in
395 1845 499 1898 spem
520 1845 873 1898 cogitationemque
893 1843 1121 1884 meliorem.-

389 1912 504 1950 Alius
535 1912 657 1964 igitur
683 1910 771 1949 finis
805 1924 898 1948 verae
929 1911 1109 1949 amicitiae
1138 1910 1425 1949 constituendus
1457 1910 1522 1955 est,
1554 1910 1580 1948 fi
1614 1911 1736 1962 prius,

335 1977 429 2029 quid
450 1977 618 2015 maxime
639 1975 915 2029 reprehendere
936 1976 1064 2029 Scipio
1096 1976 1227 2014 solitus
1260 1977 1318 2022 fit,
1350 1977 1516 2015 edixero.
1558 1976 1738 2028 Negabat

335 2043 457 2081 ullam
478 2056 613 2081 vocem
634 2043 895 2081 inimiciorem
916 2043 1096 2081 amicitiae
1115 2042 1276 2095 potuiffe
1297 2043 1464 2094 reperiri,
1495 2055 1611 2093 quam
1639 2042 1735 2092 ejus,

334 2108 402 2160 qui
435 2108 597 2153 dixisset,
633 2109 685 2146 ita
717 2121 841 2146 amare
875 2117 1064 2160 oportere,
1095 2117 1137 2145 ut
1157 2108 1183 2145 fi
1219 2107 1423 2158 aliquando
1454 2105 1541 2143 effet
1573 2104 1734 2143 osurus:

336 2187 405 2211 nec
437 2187 525 2210 vero
556 2173 591 2210 se
618 2174 755 2210 adduci
782 2173 896 2224 poffe,
939 2182 981 2209 ut
1012 2171 1113 2215 hoc,
1149 2172 1480 2223 quemadmodum
1512 2180 1735 2224 putaretur,

334 2254 354 2278 a
387 2240 521 2278 Biante
553 2238 622 2278 effe
658 2239 805 2277 dictum
833 2237 1015 2282 crederet,
1050 2237 1118 2289 qui
1149 2237 1293 2290 sapiens
1328 2237 1483 2276 habitus
1517 2237 1605 2275 effet
1638 2251 1735 2275 unus

335 2319 355 2343 e
381 2307 550 2359 septem;
584 2305 646 2343 sed
674 2304 818 2357 impuri
847 2303 1058 2355 cujusdam,
1094 2312 1158 2341 aut
1189 2304 1395 2349 ambitiosi,
1431 2314 1495 2342 aut
1525 2304 1655 2342 omnia
1691 2303 1736 2341 ad

335 2371 441 2409 suam
462 2372 674 2424 potentiam
695 2370 921 2414 revocantis,
943 2368 1012 2406 effe
1033 2368 1271 2408 sententiam.
1292 2371 1475 2422 Qonam
1494 2371 1598 2408 enim
1619 2370 1736 2408 modo

338 2436 540 2488 quisquam
560 2438 706 2476 amicus
727 2435 798 2474 effe
817 2434 970 2489 poterit,
986 2435 1049 2473 cui
1070 2435 1104 2472 se
1124 2436 1276 2488 putabit
1292 2437 1498 2475 inimicum
1519 2436 1589 2474 esse
1610 2435 1733 2488 poffe?

339 2501 563 2552 Qinetiam
602 2502 743 2542 neceffe
782 2502 852 2540 erit
887 2514 1024 2555 cupere
1058 2511 1095 2539 et
1129 2511 1270 2555 optare,
1313 2512 1356 2540 ut
1389 2515 1506 2556 quam
1542 2500 1736 2554 smpiffime
