2223 3003
777 212 1057 253 LIBER
1121 212 1488 252 PRIMUS.
1782 231 1837 271 39

426 315 602 369 inquam,
638 313 896 368 auspiciorum
916 312 1177 366 patrocinium
1198 312 1310 351 debet
1329 312 1412 352 effe.
1459 313 1556 353 Tibi
1576 315 1684 368 App.
1710 315 1833 354 Clau-

426 382 512 421 dius
533 395 653 434 augur
674 380 835 419 Consuli
856 379 1061 424 nuntiavit,
1080 379 1306 418 addubitato
1326 379 1465 418 Salutis
1486 381 1660 433 augurio,
1679 381 1829 422 bellum

426 447 681 486 domesticum
700 446 802 483 triste
823 459 864 483 ac
886 444 1158 482 turbulentum
1177 444 1258 483 fore
1273 464 1286 490 ς
1317 446 1423 498 quod
1443 447 1575 499 paucis
1609 447 1693 500 post
1712 462 1826 487 men-

425 514 527 552 sibus
546 520 724 551 exortum
743 510 990 562 paucioribus
1006 522 1027 545 a
1041 517 1078 546 te
1098 509 1152 546 est
1165 509 1302 547 diebus
1317 512 1549 563 oppressum.
1573 514 1650 552 Cui
1666 516 1826 568 quidem

424 579 560 631 auguri
590 576 836 615 vehementer
869 574 1044 612 assentior
1055 591 1068 619 3
1111 573 1210 612 solus
1243 575 1350 612 enim
1384 577 1601 618 multorum
1634 595 1825 621 annorum

424 642 626 688 memoria,
657 655 736 680 non
767 640 995 679 decantandi
1026 639 1191 692 augurii,
1224 639 1286 678 sed
1312 639 1523 687 divinandi,
1558 646 1682 683 tenuit
1708 648 1823 687 disci-

421 710 571 763 plinam
589 724 598 748 ε
637 722 754 761 quern
789 707 997 745 irridebant
1026 706 1183 758 collegae
1218 706 1290 752 tui,
1321 720 1490 760 eumque
1524 717 1610 748 tum
1643 712 1824 760 Pifidam,

423 785 511 815 tum
531 777 718 814 Soranum
737 787 922 827 augurem
941 773 1012 812 effe
1032 773 1224 812 dicebant.
1263 773 1418 824 Qibus
1438 775 1546 813 nulla
1564 777 1763 817 videbatur
1782 783 1825 819 in

422 841 590 894 auguriis
610 850 675 879 aut
694 839 870 893 auspiciis
889 839 1098 893 praesenfio,
1117 848 1182 877 aut
1202 838 1358 877 scientia
1378 840 1546 880 veritatis
1567 841 1706 882 futurae
1721 863 1733 890 ς
1766 846 1823 887 sa-

421 908 571 961 pienter
591 907 742 946 aiebant
761 907 807 945 ad
826 907 1052 960 opinionem
1071 906 1344 960 imperitorum
1373 906 1443 945 effe
1474 907 1578 947 fistas
1606 910 1823 963 religiones-

422 973 542 1027 Qod
575 974 690 1027 longe
716 974 821 1012 secus
840 973 893 1012 est
905 992 918 1018 ;
949 987 1075 1026 neque
1108 973 1214 1011 enim
1249 973 1290 1011 in
1320 973 1530 1026 pastoribus
1561 975 1652 1021 illis,
1681 979 1827 1030 quibus

422 1040 617 1080 Romulus
638 1040 805 1094 praefuit,
834 1053 904 1082 nec
924 1040 965 1078 in
986 1040 1067 1092 ipso
1087 1040 1263 1078 Romulo
1282 1038 1364 1078 haec
1384 1040 1571 1080 calliditas
1591 1043 1663 1081 effe
1680 1046 1825 1096 potuit,

422 1117 480 1153 ut,
515 1108 561 1145 ad
581 1120 746 1145 errorem
769 1106 1048 1152 multitudinis,
1078 1106 1274 1159 religionis
1301 1107 1500 1146 fimulacra
1518 1108 1729 1162 fingerent;
1761 1112 1824 1150 sed

421 1173 628 1212 difficultas
648 1173 829 1224 laborque
849 1172 1019 1210 discendi
1038 1172 1216 1209 disertam
1234 1173 1510 1225 negligentiam
1527 1176 1716 1215 reddidit:
1739 1192 1823 1216 ma-

421 1239 509 1279 lunt
528 1240 633 1277 enim
654 1238 840 1283 differere,
856 1237 955 1276 nihil
975 1238 1046 1276 esse
1062 1238 1103 1275 in
1119 1237 1311 1290 auspiciis,
1329 1253 1447 1291 quam
1463 1241 1559 1292 quid
1574 1241 1632 1286 sit,
1646 1243 1822 1285 ediscere,

475 1306 586 1359 Qid
605 1306 657 1344 est
676 1306 718 1344 in
738 1305 806 1345 illo
826 1305 996 1358 auspicio
1016 1304 1201 1350 divinius,
1221 1305 1327 1358 quod
1357 1307 1460 1359 apud
1491 1316 1527 1347 te
1545 1308 1587 1347 in
1607 1308 1736 1350 Mario
1755 1311 1823 1356 est,

421 1382 464 1414 ut
483 1383 566 1414 utar
584 1372 825 1426 potiffimum
844 1380 882 1409 te
897 1370 1078 1409 au&ore?

558 1439 638 1480 Hic
656 1439 770 1492 Jovis
787 1438 931 1492 altisoni
931 1437 1057 1491 ficbito
1069 1437 1230 1489 pinnata
1234 1438 1396 1491 stztelles‚

561 1505 716 1544 Arboris
733 1520 750 1544 e
769 1516 912 1549 trunco,
919 1504 1102 1558 strpentis
1106 1504 1238 1557 saucia
1256 1505 1385 1558 morsu,

559 1571 703 1623 Subigit
721 1571 900 1623 ipstzfiris
919 1570 1134 1621 tran-figens
1152 1569 1330 1622 unguibus
1347 1585 1500 1622 anguem

558 1635 822 1679 Semianimum,
842 1645 878 1673 et
895 1635 1007 1673 varia
1020 1635 1197 1686 graviter
1215 1635 1353 1674 cervice
1371 1636 1574 1676 micantem.

554 1702 719 1753 Quemſs·
736 1701 996 1752 intorquentem
1015 1700 1169 1744 lanians,
1205 1700 1382 1753 rostroque
1400 1711 1612 1747 cruentans,

555 1766 805 1821 Jamfiztiata
823 1765 969 1809 animos,
977 1764 1060 1816 jam
1077 1764 1183 1803 duros
1204 1766 1283 1803 ulta
1301 1765 1444 1811 dolores,

556 1833 698 1886 Abjicit
716 1832 902 1886 efflantem,
923 1840 959 1870 et
975 1831 1173 1870 laceratum
1188 1831 1317 1885 affi’igit
1335 1833 1372 1871 in
1392 1832 1502 1879 unda,

558 1901 669 1953 Seque
685 1898 784 1938 obitu
803 1913 826 1937 a
831 1898 920 1952 solis
938 1896 1067 1936 nitidos
1085 1898 1268 1936 convertit
1285 1897 1338 1937 ad
1346 1908 1461 1938 ortus.

553 1967 666 2005 Hanc
685 1964 749 2004 ubi
756 1963 979 2018 praepetibus
989 1963 1132 2017 pennis,
1153 1964 1320 2018 lapsuque
1335 1965 1513 2004 volantem

556 2032 746 2086 Cotstexit
765 2031 930 2076 Marius,
951 2030 1071 2070 divini
1086 2030 1239 2069 numinis
1254 2045 1376 2084 augur
1390 2049 1403 2077 5

555 2097 760 2151 Faustaque
762 2096 875 2150 signa
880 2097 964 2150 stcae
982 2094 1110 2141 laudis,
1130 2095 1329 2150 reditusque
1347 2096 1493 2136 notavit
1504 2114 1520 2142 ς

553 2163 735 2203 Partibus
752 2162 911 2201 intonuit
928 2162 1009 2201 caeli
1016 2170 1129 2215 pater
1148 2161 1389 2215 ipſs’stnssris.

555 2229 616 2269 Sic
633 2229 764 2283 aquilae
782 2229 919 2268 clarum
924 2227 1103 2280 firmavit
1122 2227 1304 2281 Juppiter
1323 2242 1432 2266 omen.

473 2296 666 2336 XLVIII.
697 2297 830 2349 Atque
850 2295 916 2333 ille
936 2294 1102 2333 Romuli
1131 2303 1335 2347 auguratus
1355 2293 1563 2348 pastoralis,
1596 2307 1673 2332 non
1704 2294 1821 2333 urba·

421 2375 506 2408 nus,
526 2362 604 2403 fuit
620 2378 630 2402 :
662 2376 733 2401 nec
752 2362 864 2401 fiCtus
883 2361 929 2400 ad
947 2361 1172 2415 opinionem
1191 2361 1478 2415 imperitorum,
1500 2360 1562 2399 sed
1581 2375 1601 2399 a
1619 2361 1732 2400 certis
1753 2375 1820 2399 ac-

422 2437 568 2480 ceptus,
597 2439 636 2469 et
664 2429 820 2483 posteris
856 2428 1030 2468 traditus.
1080 2429 1216 2481 Itaque
1246 2428 1443 2467 Romulus
1473 2440 1610 2481 augur,
1645 2437 1689 2467 ut
1718 2426 1822 2480 apud

424 2492 599 2534 Ennium
617 2495 685 2542 est,
715 2510 807 2536 cum
827 2495 941 2535 fratre
959 2495 1056 2536 item
1075 2508 1231 2548 augure,
