2223 3003
447 203 524 230 202
843 188 948 228 DE
1022 187 1449 225 OFFICIIS

500 289 610 329 Hinc
630 288 731 342 apud
752 284 1006 325 Athenienses
1027 297 1176 337 magnae
1196 282 1391 321 discordiae
1407 301 1419 328 ς
1451 283 1491 321 in
1511 283 1852 338 nostra-republica

445 370 522 395 non
544 356 667 394 solum
687 353 902 396 seditiones,
936 350 997 388 sed
1023 348 1198 403 pestifera
1216 350 1334 388 etiam
1354 349 1455 388 bella
1474 349 1626 388 civilia:
1657 363 1742 403 quae
1761 366 1848 404 gra-

445 423 501 460 vis
521 433 558 459 et
578 419 689 458 fortis
709 418 818 462 civis,
848 426 887 454 et
907 416 947 454 in
968 415 1167 469 republica
1191 417 1331 469 dignus
1352 416 1573 469 principatu
1592 414 1718 469 fugiet
1736 425 1850 469 atque

444 487 567 526 oderit
582 505 594 531 5
627 484 826 536 tradetque
852 483 887 521 se
918 492 1046 522 totum
1072 483 1309 537 reipublicae,
1337 496 1464 536 neque
1489 496 1595 536 opes,
1625 493 1691 521 aut
1710 492 1850 536 poten-

444 553 539 590 tiam
559 549 839 589 consectabitur
849 567 862 594 5
885 558 1086 601 totamque
1105 562 1188 587 eam
1210 549 1260 588 fic
1285 549 1470 594 tuebitur,
1488 557 1531 587 ut
1548 549 1734 588 omnibus
1753 562 1851 587 con-

443 618 553 656 sulat.
586 617 674 656 Nec
704 629 794 655 vero
814 615 1045 654 criminibus
1074 614 1174 654 falfis
1194 615 1235 654 in
1255 615 1390 654 odium
1410 624 1475 654 aut
1501 616 1688 654 invidiam
1707 628 1849 668 quem-

442 697 561 737 quam
582 682 762 722 vocabit:
794 682 1034 735 omninoque
1063 682 1116 720 ita
1139 681 1297 734 justitiae
1326 680 1592 734 honestatique
1609 681 1852 727 adhaerescet,

444 761 501 797 ut,
533 751 630 790 dum
658 763 701 788 ea
733 749 942 794 conservet,
979 749 1155 802 quamvis
1189 749 1354 802 graviter
1383 748 1567 795 offendat,
1603 758 1853 802 mortemque

442 826 600 871 oppetat
619 817 763 870 potius,
785 829 903 868 quam
925 815 1066 853 deserat
1085 815 1166 860 illa,
1196 829 1281 868 quae
1300 815 1396 854 dixi.

498 883 719 923 Miserrima
750 882 802 919 est
836 882 999 920 omnino
1028 881 1206 926 ambitio,
1236 880 1511 934 honorumque
1541 882 1767 921 contentio:
1804 881 1853 920 de

442 965 518 1004 qua
536 949 713 1004 praeclare
733 948 834 1002 apud
853 948 1021 986 eundem
1040 948 1093 986 est
1113 948 1341 993 Platonem;
1374 955 1403 972 ‘¹
1425 949 1610 988 Similiter
1629 948 1753 987 facere
1771 962 1852 994 eos,

443 1026 472 1042 “
493 1018 563 1070 qui
593 1017 695 1055 inter
713 1015 750 1054 se
780 1015 1070 1061 contenderent,
1101 1024 1185 1053 uter
1213 1015 1342 1068 potius
1363 1016 1647 1069 rempublicam
1680 1016 1852 1054 admini-

443 1090 471 1107 “
491 1082 635 1127 straret,
658 1091 701 1120 ut
720 1081 746 1119 fi
768 1090 892 1119 nautae
912 1089 1114 1125 certarent,
1135 1081 1222 1133 quis
1242 1093 1376 1119 eorum
1398 1080 1639 1134 potiffimum
1659 1081 1853 1134 guberna-

443 1157 472 1174 “
493 1149 590 1189 ret.’'
631 1148 819 1201 Idemque
838 1148 1033 1202 praecepit,
1068 1156 1112 1185 ut
1143 1160 1206 1186 eos
1226 1147 1453 1186 adversarios
1473 1147 1751 1192 existimemus,
1782 1147 1853 1200 qui

442 1230 547 1255 arma
565 1224 699 1255 contra
718 1214 866 1260 ferant;
899 1228 978 1253 non
997 1227 1076 1259 e03,
1107 1215 1176 1267 qui
1196 1214 1263 1253 suo
1276 1213 1428 1267 judicio
1448 1214 1546 1252 tueri
1566 1214 1853 1267 rempublicam

442 1283 589 1321 velint:
632 1281 755 1335 qualis
787 1280 863 1320 fuit
894 1281 994 1319 inter
1025 1281 1069 1319 P.
1092 1279 1341 1325 Africanum,
1376 1290 1413 1319 et
1444 1279 1744 1332 QMetellum
1775 1279 1853 1317 fine

442 1349 648 1387 acerbitate
669 1346 854 1386 diffenfio.

498 1415 585 1454 Nec
616 1427 704 1452 vero
734 1413 928 1458 audiendi,
960 1412 1030 1465 qui
1063 1413 1227 1466 graviter
1259 1412 1499 1451 irascendum
1534 1412 1705 1450 inimicis
1736 1420 1852 1465 puta-

442 1482 554 1525 bunt,
585 1480 701 1533 idque
722 1479 959 1531 magnanimi
980 1489 1018 1517 et
1037 1478 1148 1517 fortis
1170 1479 1241 1517 viri
1259 1478 1331 1517 effe
1351 1479 1575 1516 censebunt.
1608 1477 1725 1516 Nihil
1745 1478 1853 1515 enim

442 1547 686 1591 laudabilius,
719 1545 818 1583 nihil
850 1558 992 1599 magno
1019 1554 1057 1583 et
1088 1545 1268 1598 praeclaro
1298 1544 1382 1582 viro
1409 1543 1564 1597 dignius
1596 1543 1854 1597 placabilitate

443 1623 556 1666 atque
576 1612 794 1650 clementia.
839 1613 884 1650 In
906 1612 1036 1650 liberis
1056 1624 1145 1650 vero
1164 1612 1333 1665 populis,
1365 1621 1402 1651 et
1422 1612 1462 1650 in
1477 1611 1575 1664 juris
1596 1611 1854 1664 aequabilitate

442 1678 653 1718 exercenda
672 1678 789 1716 etiam
809 1677 862 1716 est
882 1676 1060 1723 facilitas,
1088 1687 1126 1716 et
1146 1678 1310 1717 altitudo
1329 1679 1465 1724 animi,
1486 1692 1572 1730 qua*
1590 1678 1757 1722 dicitur;
1790 1691 1851 1721 ne,

443 1747 468 1784 si
497 1746 701 1784 irascamur
733 1754 797 1783 aut
818 1744 1083 1798 intempestive
1114 1745 1398 1789 accedentibus,
1430 1755 1495 1783 aut
1523 1744 1769 1796 impudenter
1789 1757 1853 1781 ro-

442 1813 637 1865 gantibus,
670 1812 709 1849 in
742 1810 999 1849 morositatem
1032 1811 1211 1849 inutilem
1243 1821 1281 1849 et
1311 1811 1480 1849 odiosam
1509 1810 1740 1848 incidamus.
1801 1810 1854 1848 Et

446 1888 573 1916 tamen
595 1877 647 1914 ita
669 1876 862 1929 probanda
881 1876 933 1913 est
955 1877 1206 1914 mansuetudo
1227 1887 1341 1928 atque
1361 1877 1582 1921 clementia,
1606 1887 1648 1914 ut
1669 1875 1853 1915 adhibea-

446 1951 521 1987 tur,
553 1942 775 1995 reipublicae
795 1940 916 1986 causa,
939 1941 1125 1986 severitas,
1154 1941 1230 1979 fine
1251 1954 1327 1994 qua
1346 1941 1598 1978 administrari
1618 1941 1750 1979 civitas
1775 1954 1853 1979 non

447 2009 580 2062 potest.

502 2075 645 2113 Omnis
666 2083 795 2112 autem
816 2083 853 2112 et
874 2074 1159 2119 animadvcrfio,
1181 2084 1218 2112 et
1239 2074 1447 2128 castigatio,
1469 2074 1706 2113 contumelia
1725 2069 1855 2112 vacare

446 2142 559 2180 debet
577 2160 586 2186 3
621 2154 744 2193 neque
765 2139 810 2178 ad
841 2141 937 2192 ejuS,
971 2141 1038 2192 qui
1060 2141 1221 2193 punitur
1240 2141 1424 2194 aliquem,
1455 2150 1520 2179 aut
1541 2141 1664 2179 verbis
1684 2140 1854 2193 castigat,

448 2209 505 2246 sed
528 2209 571 2246 ad
594 2207 815 2261 reipublicae
836 2206 1045 2245 utilitatem
1068 2206 1211 2246 referri.

502 2275 729 2312 Cavendum
761 2274 812 2312 est
833 2274 965 2319 etiam,
1000 2288 1046 2312 nc
1068 2275 1188 2326 major
1210 2287 1335 2328 poena,
1363 2288 1480 2327 quam
1501 2275 1629 2327 culpa,
1652 2274 1722 2318 (ιτς
1754 2282 1791 2311 ct
1809 2286 1854 2311 nc

446 2341 580 2380 iisdem
601 2341 646 2378 de
667 2341 784 2378 causis
806 2340 869 2378 alii
891 2341 1118 2393 plectantur,
1141 2341 1205 2379 alii
1228 2355 1274 2379 ne
1292 2341 1534 2394 appellentur
1554 2340 1728 2392 quidem.

504 2405 745 2446 Prohibenda
780 2416 908 2444 autem
945 2408 1114 2446 maxime
1133 2407 1185 2444 est
1220 2407 1273 2445 ira
1305 2407 1343 2444 in
1379 2407 1588 2459 puniendo.
1638 2407 1855 2458 Nunquam

446 2474 565 2518 enim,
603 2474 717 2511 iratus
752 2473 819 2525 qui
842 2473 994 2512 accedet
1015 2474 1060 2512 ad
1083 2487 1252 2527 poenam‚
1287 2473 1593 2512 mediocritatem
1616 2474 1722 2511 illam
1745 2482 1853 2511 tene-

447 2541 518 2586 bit,
550 2554 634 2594 qua:
654 2540 707 2578 cst
728 2539 826 2578 inter
855 2540 1024 2580 nimium
1050 2550 1087 2579 ct
1107 2554 1272 2594 parum,
1305 2554 1389 2594 quac
1419 2539 1543 2593 placet
1577 2539 1854 2595 Peripateticis,
