2223 3003
644 230 921 269 LIBER
979 229 1479 271 SECUNDUS.
1690 248 1766 289 253

371 328 439 368 suo
457 328 646 368 liberavit.
679 331 763 375 Sed,
785 344 876 369 cum
897 344 1078 384 magnam
1098 331 1413 370 animadverteret
1431 332 1472 370 in
1492 331 1602 370 bonis
1623 341 1661 370 et
1680 334 1770 385 pos-

372 395 592 434 seffionibus
613 397 896 441 difficultatem,
919 397 1024 448 quod
1043 407 1080 435 et
1100 411 1177 442 eos,
1200 411 1297 450 quos
1319 397 1396 450 ipse
1415 398 1637 444 restituerat,
1669 412 1770 451 quo-

371 474 460 499 rum
492 462 593 500 bona
622 462 685 500 alii
705 462 952 515 possederant,
984 476 1093 514 egere
1124 463 1407 515 iniquiffimum
1438 464 1702 510 arbitrabatur,
1733 474 1772 503 et

372 527 654 580 quinquaginta
686 540 875 564 annorum
908 526 1144 578 posseffiones
1175 541 1327 565 movere
1357 542 1434 567 non
1470 530 1586 569 nimis
1615 544 1772 583 aequum

372 594 544 645 putabat,
576 603 774 645 propterea
806 592 910 643 quod
930 601 1009 629 tam
1041 592 1158 644 longo
1178 593 1297 644 spatio
1328 595 1452 632 multa
1471 595 1770 642 haereditatibus,

372 659 498 696 multa
515 658 792 709 emptionibus,
823 657 948 694 multa
977 657 1133 694 dotibus
1160 658 1387 696 tenebantur
1406 661 1482 698 fine
1512 662 1676 712 injuria;
1702 665 1771 714 ju-

372 724 526 768 dicavit,
557 736 683 775 neque
712 722 790 760 illis
810 722 942 766 adimi,
976 736 1101 775 neque
1118 721 1178 760 his
1199 736 1277 761 non
1299 724 1482 770 satisfieri,
1504 740 1672 778 quorum
1706 729 1773 766 illa

371 788 537 834 fuerant,
559 798 747 841 oportere.
781 789 886 826 Cum
918 788 1038 840 igitur
1067 788 1261 834 statuisset,
1293 803 1389 842 opus
1409 790 1480 828 effe
1509 791 1555 828 ad
1575 805 1660 830 eam
1689 807 1772 832 rem

372 853 676 893 constituendam
707 853 883 906 pecunia,
929 853 1203 893 Alexandriam
1236 855 1272 893 se
1303 855 1494 907 proficisci
1527 857 1625 895 velle
1658 857 1771 903 dixit,

371 933 532 972 remque
552 920 742 972 integram
762 919 809 957 ad
829 920 996 958 reditum
1018 920 1129 958 suum
1143 920 1250 972 juffit
1270 920 1340 959 effe
1355 939 1367 966 ς
1398 922 1505 974 isque
1534 923 1705 962 celeriter
1727 924 1773 962 ad

371 985 643 1030 Ptolemaeum,
666 984 777 1023 suum
798 984 1005 1038 hospitem,
1027 986 1146 1031 venit,
1177 987 1245 1039 qui
1266 996 1352 1025 tum
1372 988 1552 1040 regnabat
1577 989 1671 1026 alter
1690 990 1774 1042 post

370 1051 645 1090 Alexandriam
664 1051 861 1090 conditam
880 1067 890 1090 ι
921 1052 985 1090 cui
1005 1064 1096 1090 cum
1117 1052 1354 1105 exposuisset,
1375 1054 1538 1105 patriam
1559 1054 1594 1092 se
1614 1055 1774 1093 liberare

371 1118 484 1163 velle,
515 1117 743 1171 causamque
774 1119 984 1164 docuifl‘et;
1016 1133 1037 1157 a
1067 1133 1153 1172 rege
1171 1119 1356 1172 opulento
1381 1120 1439 1157 vir
1458 1119 1632 1158 summus
1661 1119 1773 1158 facile

372 1185 606 1237 impetravit,
628 1194 671 1222 ut
690 1185 824 1236 grandi
844 1185 1005 1237 pecunia
1025 1185 1276 1237 adjuvaretur.
1303 1186 1434 1236 Qam
1454 1199 1546 1223 cum
1567 1187 1773 1237 Sicyonem

363 1250 566 1294 attulisset,
600 1248 777 1288 adhibuit
798 1250 866 1288 fibi
893 1251 933 1287 in
959 1251 1163 1288 confilium
1183 1251 1409 1302 quindecim
1441 1251 1648 1304 principes,
1680 1265 1774 1290 cum

372 1316 515 1369 quibus
534 1315 660 1354 causas
681 1317 864 1368 cognovit
884 1326 922 1354 et
940 1330 1090 1361 eorum,
1118 1316 1186 1368 qui
1206 1316 1539 1362 alienatenebant,
1567 1327 1604 1354 et
1623 1331 1771 1363 eorum,

371 1382 441 1435 qui
461 1382 524 1421 sua
543 1379 766 1427 amiserant;
797 1381 1035 1435 perfecitque
1055 1381 1290 1420 aestimandis
1301 1381 1600 1435 poffessionibus,
1622 1393 1665 1421 ut
1684 1397 1773 1435 per-

371 1449 540 1486 suaderet
559 1448 656 1493 aliis,
679 1457 721 1486 ut
739 1449 944 1501 pecuniam
963 1448 1133 1502 accipere
1152 1448 1327 1493 mallent,
1358 1448 1642 1501 poffeffionibus
1660 1449 1772 1487 cede-

373 1523 456 1551 rent
471 1532 485 1558 ς
515 1514 612 1558 aliis,
647 1523 691 1550 ut
720 1514 965 1552 commodius
997 1523 1188 1566 putarent,
1223 1515 1414 1552 numerari
1444 1515 1514 1552 fibi
1547 1515 1652 1566 quod
1676 1515 1773 1552 tanti

372 1578 474 1624 effet,
497 1593 614 1632 quam
635 1579 746 1617 suum
768 1593 999 1633 recuperare.
1031 1580 1090 1618 Ita
1107 1578 1321 1633 perfectum
1342 1579 1407 1623 est,
1443 1588 1489 1617 ut
1505 1592 1654 1625 omnes,
1676 1593 1772 1618 con.-

373 1645 503 1683 cordia
521 1645 737 1690 constituta,
759 1645 835 1682 fine
855 1645 1007 1698 querela
1024 1645 1272 1684 discederent.

429 1712 466 1749 O
489 1712 615 1749 virum
636 1712 838 1763 magnum,
860 1711 1115 1764 dignumque,
1138 1713 1206 1764 qui
1234 1712 1275 1749 in
1297 1711 1418 1750 nostra
1449 1712 1643 1765 republica
1663 1721 1773 1750 natus

372 1776 482 1814 effet!
517 1777 578 1815 Sic
598 1790 664 1828 par
679 1777 732 1814 est
751 1789 860 1828 agere
890 1790 982 1814 cum
1013 1777 1178 1822 civibus,
1211 1791 1288 1815 non
1318 1778 1379 1828 (ut
1400 1778 1555 1831 bisrjam
1583 1778 1771 1829 vidimus)

371 1841 517 1880 hastam
543 1843 583 1880 in
603 1841 687 1879 foro
707 1855 864 1894 ponere,
895 1852 933 1880 et
966 1843 1064 1880 bona
1086 1843 1233 1880 civium
1262 1843 1348 1880 voci
1368 1842 1552 1894 subjicere
1572 1843 1772 1894 praeconis.

373 1910 428 1946 At
447 1909 513 1946 ille
534 1909 692 1946 Graecus
715 1908 773 1959 (id
793 1909 897 1959 quod
912 1907 988 1946 fuit
1003 1908 1179 1960 sapientis
1200 1917 1237 1945 et
1255 1907 1463 1960 praestantis
1479 1909 1568 1959 viri)
1591 1908 1774 1946 omnibus

373 1973 652 2012 consulendum
683 1974 857 2026 putavit3
889 1987 1006 2026 eaque
1037 1974 1089 2011 est
1116 1973 1266 2012 summa
1295 1974 1391 2012 ratio
1421 1983 1458 2012 et
1476 1973 1656 2026 sapientia
1683 1974 1775 2011 boni

372 2040 481 2084 civis,
518 2041 726 2078 commoda
759 2040 905 2078 civium
941 2054 1019 2078 non
1053 2040 1247 2085 divellere,
1282 2050 1397 2092 atque
1430 2053 1563 2077 omnes
1598 2040 1776 2090 aequitate

373 2105 507 2143 eadem
526 2106 734 2144 continere.
772 2106 962 2143 Habitant
981 2105 1096 2158 gratis
1116 2105 1156 2142 in
1177 2105 1313 2142 alieno.
1347 2104 1455 2155 Qid
1475 2105 1527 2140 ita
1545 2104 1557 2140 ?
1591 2105 1660 2147 Ut,
1682 2117 1775 2141 cum

374 2184 445 2222 ego
465 2172 639 2214 emerim,
662 2169 897 2214 aedificarim,
920 2180 1037 2213 tuear,
1059 2170 1296 2221 impendam,
1321 2178 1378 2212 tu,
1411 2182 1474 2206 me
1494 2169 1629 2213 invito,
1652 2168 1776 2206 fruare

374 2250 462 2275 mco
481 2237 493 2273 ?
526 2236 633 2287 Qid
654 2235 706 2273 est
725 2235 842 2279 aliud,
865 2235 947 2272 aliis
969 2235 1030 2272 sua
1049 2235 1206 2285 eripere,
1224 2234 1308 2272 aliis
1328 2235 1414 2271 dare
1434 2234 1581 2272 aliena?
1614 2234 1775 2272 Tabulae

373 2316 463 2340 vero
484 2316 590 2340 novae
612 2301 707 2354 quid
726 2299 870 2338 habent
885 2300 1115 2352 argumenti,
1133 2300 1201 2337 nifi
1219 2309 1262 2337 ut
1278 2313 1379 2338 emas
1401 2301 1487 2338 mea
1499 2301 1662 2352 pecunia
1680 2300 1774 2338 fun-

374 2369 496 2413 dum;
528 2381 619 2406 eum
641 2377 683 2405 tu
703 2366 855 2411 habeas,
877 2379 947 2418 ego
968 2379 1045 2403 non
1065 2364 1226 2403 habeam
1247 2367 1452 2418 pecuniam
1472 2367 1484 2402 ?

430 2433 582 2472 XXW.
614 2433 898 2484 Qamobrem,
931 2445 978 2469 ne
999 2432 1043 2468 fit
1063 2444 1109 2468 aes
1130 2430 1313 2476 alienum,
1336 2432 1441 2483 quod
1460 2432 1681 2484 reipublicae
1702 2445 1773 2469 no-

377 2507 473 2542 ceat,
510 2498 790 2550 providendum
822 2498 900 2542 est3
934 2497 1038 2549 quod
1070 2497 1204 2534 multis
1236 2498 1448 2535 rationibus
1476 2499 1598 2535 caveri
1624 2497 1771 2549 potest,

376 2575 468 2607 non,
502 2562 526 2600 fi
548 2562 676 2609 fuerit,
710 2572 753 2602 ut
783 2563 992 2616 locupletes
1013 2562 1124 2600 suum
1152 2563 1323 2615 perdant,
1357 2563 1546 2602 debitores
1579 2562 1774 2600 lucrentur
