2223 3003
423 265 500 304 114
897 249 1002 288 DE
1087 248 1340 288 FATO.

418 351 550 396 causae,
581 348 848 388 confitendum
881 346 953 385 esse
984 345 1064 385 fato
1098 346 1180 386 fieri
1213 348 1357 386 omnia.
1417 348 1481 388 Ex
1511 362 1592 402 quo
1623 348 1736 389 facile
1754 351 1820 390 in-

419 417 573 455 tellee‘tu
593 415 658 459 est,
689 414 875 466 quoniam
906 414 1073 466 utrique,
1104 413 1290 467 patefaeta
1317 423 1432 468 atque
1457 415 1647 469 explicata
1666 417 1819 455 senten-

417 482 470 519 tia
489 480 563 525 sua,
585 480 631 517 ad
651 479 818 517 eundem
838 479 989 517 exitum
1015 480 1184 526 veniant,
1215 481 1338 520 verbis
1359 495 1437 526 eos,
1459 495 1536 520 non
1557 495 1612 527 re,
1632 481 1820 521 diffidere.

419 546 674 599 Omninoque
700 559 793 584 cum
813 545 895 584 haec
916 546 960 584 fit
980 545 1187 592 distinctio,
1218 556 1262 585 ut
1283 547 1513 600 quibusdam
1535 549 1575 586 in
1601 548 1714 587 rebus
1735 561 1822 587 vere

417 613 495 650 dici
514 612 640 666 potiit,
670 625 761 650 cum
781 611 840 650 ha:
859 612 978 650 causae
996 613 1210 666 antegreffae
1230 613 1316 659 fint,
1343 627 1420 653 non
1449 613 1521 652 effe
1545 615 1585 653 in
1605 615 1729 654 nostra
1747 627 1822 668 po-

416 679 561 724 testate,
592 679 688 731 quin
718 677 786 716 illa
817 678 1005 723 eveniant,
1036 693 1205 731 quorum
1239 680 1354 719 causae
1387 679 1559 726 fuerint;
1590 680 1821 734 quibusdam

417 754 548 783 autem
569 745 610 783 in
632 744 759 789 rebus,
781 744 899 782 causis
920 745 1150 797 antegressis,
1171 746 1212 784 in
1241 746 1365 785 nostra
1384 755 1513 785 tamen
1532 746 1603 785 esse
1622 747 1826 800 potestate,

416 820 462 850 ut
492 812 597 850 aliud
623 811 732 849 aliter
761 811 909 849 eveniat
924 830 937 856 ς
969 810 1069 849 hanc
1089 811 1372 852 distinctionem
1393 815 1563 867 'utrique
1591 813 1821 867 approbant.

417 878 491 916 Sed
511 878 618 916 alteri
636 877 805 922 censent,
835 878 979 930 quibus
999 878 1039 916 in
1060 878 1173 918 rebus
1194 893 1287 918 curn
1307 879 1425 919 causae
1444 881 1720 925 antecefferint,
1752 880 1821 924 ita,

417 953 462 982 ut
492 957 570 982 non
590 944 635 982 fit
665 944 706 982 in
726 943 850 982 nostra
869 944 1067 996 potestate,
1099 954 1142 984 ut
1172 945 1281 984 aliter
1312 944 1378 984 illa
1407 947 1597 992 eveniant,
1629 947 1711 985 illas
1741 945 1823 984 fato

415 1008 498 1047 fieri
510 1027 523 1054 ς
547 1023 632 1062 quae
649 1018 779 1047 autem
798 1009 838 1047 in
855 1009 978 1048 nostra
997 1009 1180 1064 potestate
1199 1011 1285 1057 sint,
1302 1011 1350 1050 ab
1365 1011 1426 1050 his
1442 1012 1569 1051 fatum
1587 1011 1707 1051 abesse
1718 1014 1743 1038 *
1756 1013 1781 1038 ³¹⁶
1796 1012 1823 1037 ’ἓ

471 1075 565 1114 XX.
600 1076 690 1114 Hoc
711 1074 830 1113 modo
862 1074 964 1113 hanc
984 1075 1134 1114 causarr.
1155 1075 1357 1130 disceptari
1375 1087 1543 1131 oportet,
1574 1091 1651 1116 non
1671 1078 1719 1116 ab
1738 1086 1825 1115 ato·

416 1141 491 1180 mis
512 1141 740 1186 errantibus,
771 1149 809 1179 et
829 1141 876 1179 de
904 1142 964 1179 via
992 1142 1275 1182 declinantibus
1305 1144 1523 1196 praefidium
1554 1153 1696 1197 petere.
1738 1144 1823 1182 De-

416 1208 549 1253 clinat,
580 1208 723 1259 inquit,
759 1216 925 1246 atomus.
976 1209 1156 1247 Primum
1190 1210 1290 1248 cur?
1321 1211 1455 1249 Aliam
1488 1211 1593 1248 enim
1628 1210 1824 1262 quandam

416 1275 498 1313 vim
530 1283 661 1313 motus
694 1272 894 1312 habebunt
927 1287 948 1312 a
981 1275 1211 1314 Democrito
1240 1276 1497 1329 impulfionis,
1529 1290 1647 1329 quam
1669 1276 1823 1330 plagam

415 1341 483 1379 ille
502 1340 695 1394 appellat;
727 1353 747 1378 a
768 1348 818 1385 te,
849 1340 1033 1393 Epicure,
1063 1342 1258 1395 gravitatis
1288 1352 1326 1381 et
1355 1343 1549 1397 ponderis.
1600 1344 1699 1395 Qae
1732 1356 1824 1396 ergo

416 1421 515 1446 nova
533 1406 641 1445 causa
660 1407 701 1445 in
732 1414 864 1445 natura
883 1406 949 1452 est,
981 1421 1066 1460 quse
1095 1408 1261 1447 declinet
1281 1418 1457 1448 atomum
1477 1411 1490 1447 ?
1522 1411 1603 1448 Aut
1624 1423 1719 1448 num
1742 1409 1822 1448 sor-

415 1473 569 1511 tiuntur
587 1473 686 1510 inter
706 1472 754 1517 se,
777 1485 862 1524 quae
881 1471 1063 1518 declinet,
1097 1488 1183 1527 quae
1201 1475 1307 1513 non?
1338 1485 1403 1513 aut
1423 1489 1491 1513 cur
1510 1475 1680 1513 minimo
1700 1474 1822 1512 decli-

417 1548 510 1578 nent
535 1539 751 1584 intervallo,
783 1539 925 1591 majore
956 1539 1066 1578 non?
1096 1549 1162 1579 aut
1194 1554 1263 1579 cur
1296 1541 1492 1580 declinent
1525 1555 1604 1579 uno
1638 1541 1822 1586 minimo,

417 1618 496 1644 non
517 1605 713 1643 declinent
743 1604 894 1643 duobus
925 1613 991 1644 aut
1011 1606 1163 1645 tribus?
1196 1608 1342 1660 Optare
1362 1606 1437 1646 hoc
1458 1608 1618 1661 quidem
1648 1608 1715 1653 est,
1746 1621 1824 1647 non

416 1671 621 1725 disputare.
663 1670 770 1709 Nam
791 1684 916 1724 neque
947 1672 1181 1712 extrinsecus
1201 1673 1410 1728 impulsam
1429 1684 1608 1713 atomum
1628 1675 1715 1712 loco
1735 1687 1823 1712 mo-

416 1738 495 1776 veri
525 1747 564 1777 et
589 1737 779 1776 declinare
809 1737 906 1775 dicis
922 1756 934 1782 ;
966 1752 1091 1791 neque
1120 1740 1161 1778 in
1192 1740 1262 1779 illo
1295 1740 1414 1785 inani,
1445 1754 1512 1793 per
1545 1740 1649 1791 quod
1681 1739 1824 1778 feratur

418 1813 585 1848 atomus,
617 1803 834 1856 quidquam
855 1801 965 1841 fuiffe
984 1804 1116 1850 causae,
1150 1819 1220 1843 cur
1246 1819 1289 1844 ea
1315 1820 1392 1844 non
1413 1819 1433 1844 e
1454 1806 1607 1859 regione
1632 1805 1822 1851 ferretur-5

419 1882 489 1907 nec
524 1869 564 1905 in
596 1868 672 1921 ipsa
703 1877 835 1906 atomo
869 1870 1096 1907 mutationis
1122 1870 1270 1922 aliquid
1292 1870 1437 1909 fastum
1472 1872 1538 1915 est,
1571 1873 1823 1923 quamobrem

418 1934 632 1974 naturalem
654 1933 708 1972 sui
730 1935 908 1987 ponderis
941 1945 1093 1974 motum
1117 1949 1192 1974 non
1215 1946 1371 1975 teneret.
1432 1938 1489 1975 lta
1523 1951 1615 1975 cum
1643 1938 1825 1976 attulisset

419 2002 568 2040 nullam
589 2001 754 2046 causam,
791 2015 876 2054 quae
896 2001 1004 2040 istam
1040 2003 1337 2042 declinationem
1358 2004 1556 2049 efficerct;
1589 2013 1716 2042 tamen
1752 2005 1823 2042 ali-

419 2067 514 2120 quid
547 2067 615 2105 fibi
645 2067 772 2105 dicere
806 2068 969 2114 videtur,
1001 2082 1092 2107 cum
1119 2068 1159 2107 id
1185 2069 1299 2114 dicat,
1332 2070 1436 2124 quod
1463 2070 1643 2109 omnium
1677 2080 1824 2109 mentes

419 2133 663 2187 aspernentur
683 2147 724 2171 ac
747 2133 935 2186 respuant.

477 2200 563 2238 Nec
584 2213 671 2237 vero
691 2199 896 2252 quisquam
918 2201 1040 2253 magis
1061 2201 1288 2240 confirmare
1309 2201 1408 2240 mihi
1429 2202 1579 2241 videtur
1610 2217 1686 2241 non
1709 2202 1826 2241 modo

421 2265 562 2310 satum,
597 2279 731 2303 verum
752 2267 867 2304 etiam
889 2267 1144 2306 neccffitatem
1165 2278 1203 2307 et
1225 2269 1304 2307 vim
1325 2269 1504 2307 omnium
1526 2283 1666 2313 rerum,
1703 2269 1824 2306 sustu-

422 2331 578 2384 lisseque
601 2341 730 2369 motus
751 2333 870 2370 animi
903 2333 1150 2380 voluntarios,
1182 2349 1299 2388 quam
1329 2334 1408 2380 hic,
1436 2336 1503 2387 qui
1524 2335 1632 2373 aliter
1651 2335 1825 2373 obstitere

422 2398 501 2437 fato
521 2396 660 2435 fatetur
681 2397 715 2435 se
738 2412 812 2436 non
835 2399 1008 2451 potuisse,
1043 2401 1110 2439 nisi
1132 2401 1177 2439 ad
1199 2401 1264 2439 has
1285 2403 1574 2440 commentitias
1596 2402 1823 2440 declinatio-

423 2478 488 2502 nes
509 2463 753 2517 confugisset.
801 2465 921 2509 Nam,
961 2475 1001 2503 ut
1022 2467 1137 2505 essent
1157 2469 1292 2513 atomi,
1313 2482 1406 2520 quas
1439 2469 1597 2520 quidem
1618 2468 1687 2506 css‘c
1724 2467 1823 2506 mihi

422 2531 573 2584 probari
606 2531 715 2570 nullo
746 2531 864 2570 modo
895 2533 1044 2585 potcst;
1075 2543 1203 2572 tamen
1224 2535 1497 2574 declinationes
1528 2535 1602 2573 ἰῆτο
1624 2548 1822 2587 nunquam
