2223 3003
516 264 594 306 344
888 246 992 285 DE
1061 245 1538 286 AMICITIA.

512 360 638 404 aperte
657 348 762 386 enim
783 345 841 383 vel
861 343 991 389 odiffe‚
1027 344 1150 397 magis
1171 345 1330 397 ingenui
1349 345 1417 391 est,
1438 358 1557 397 quam
1576 342 1704 382 fronte
1723 348 1914 388 occultare

512 414 765 454 sententiam:
797 410 948 454 deinde,
979 423 1058 448 non
1088 409 1213 448 solum
1233 410 1280 448 ab
1307 411 1438 463 aliquo
1466 409 1595 448 allatas
1629 410 1915 451 criminationes

511 479 704 532 repellere,
738 476 799 514 sed
820 489 867 514 ne
887 475 1013 529 ipsum
1036 475 1195 528 quidem
1215 475 1287 515 effe
1307 475 1570 530 suspiciosum,
1602 475 1750 530 semper
1769 476 1915 530 aliquid

510 544 795 583 existimantem
815 543 862 580 ab
883 542 1009 580 amico
1029 541 1100 580 effe
1120 542 1321 581 violatum.

566 610 737 650 Accedat
766 608 845 647 huc
866 609 1025 647 suavitas
1045 608 1221 660 quaedam
1255 618 1405 662 oportet
1426 609 1646 647 sermonum
1678 617 1794 662 atque
1826 621 1915 647 mo-

509 691 612 722 rum,
645 675 947 729 haudquaquam
979 675 1172 714 mediocre
1192 676 1488 714 condimentum
1514 675 1708 713 amicitiae.
1742 674 1917 713 Tristitia

510 753 654 789 autem,
676 753 713 782 et
728 744 769 781 in
789 742 898 781 omni
919 755 958 780 re
978 741 1164 787 severitas,
1184 741 1303 780 habet
1322 742 1386 780 illa
1401 742 1561 794 quidem
1580 741 1806 795 gravitatem
1820 759 1832 786 5
1855 740 1917 778 sed

509 810 682 849 amicitia
701 808 887 847 remisfior
905 807 977 846 effe
995 807 1122 852 debet,
1143 816 1182 845 et
1201 807 1372 853 liberior,
1391 817 1429 846 et
1447 807 1610 853 dulcior,
1633 816 1671 846 et
1690 807 1736 845 ad
1756 820 1916 846 omnem

509 877 735 915 comitatem
755 874 1060 926 facilitatemque
1080 873 1299 926 proclivior.

564 942 677 980 XIX.
710 939 852 979 Existit
870 947 1002 978 autem
1032 937 1108 977 hoc
1139 938 1227 977 loco
1257 939 1432 992 quaedam
1466 939 1622 992 quaestio
1641 940 1913 986 subdifficilis;

508 1022 607 1047 num
626 1007 780 1060 quando
800 1006 915 1045 amici
935 1006 1040 1051 novi,
1076 1005 1187 1059 digni
1215 1007 1400 1051 amicitia,
1433 1006 1625 1045 veteribus
1651 1006 1725 1045 fint
1754 1017 1915 1060 antepo-

510 1075 641 1120 nendi,
674 1084 718 1113 ut
737 1074 845 1127 equis
866 1073 1004 1113 vetulis
1025 1082 1172 1112 teneros
1193 1083 1419 1127 anteponere
1439 1073 1618 1112 solemus.
1657 1073 1821 1127 Indigna
1839 1073 1914 1112 ho-

509 1143 616 1181 mine
635 1141 851 1180 dubitatio:
874 1153 952 1179 non
968 1141 1074 1179 enim
1092 1140 1353 1179 amicitiarum
1369 1139 1440 1178 effe
1460 1140 1617 1185 debent,
1639 1140 1734 1178 sicut
1753 1140 1916 1178 aliarum

509 1222 652 1253 rerum,
670 1207 869 1246 satietates.
901 1206 1118 1246 Veterrima
1137 1220 1301 1260 quaeque
1322 1208 1385 1259 (ut
1403 1220 1445 1244 ea
1465 1207 1566 1253 vina,
1585 1220 1672 1260 quae
1691 1206 1916 1246 vetustatem

509 1274 656 1326 ferunt)
679 1273 750 1312 effe
770 1273 912 1312 debent
932 1272 1145 1311 suaviffima
1159 1291 1172 1318 ς
1194 1286 1405 1325 verumque
1425 1272 1524 1311 illud
1543 1272 1609 1318 est,
1631 1273 1738 1325 quod
1757 1272 1913 1317 dicitur.

509 1339 656 1378 multos
677 1338 827 1377 modios
849 1338 932 1376 salis
953 1338 1066 1378 fimul
1087 1338 1253 1376 edendos
1287 1338 1372 1383 effe,
1408 1348 1451 1376 ut
1471 1338 1651 1376 amicitiae
1671 1351 1815 1377 munus
1845 1351 1914 1376 ex-

508 1405 659 1458 pletum
688 1404 746 1443 fit.
794 1404 998 1442 Novitates
1018 1413 1161 1448 autem,
1184 1404 1209 1442 sl
1232 1403 1337 1457 spem
1365 1403 1543 1449 afferunt,
1566 1413 1623 1449 ut,
1656 1413 1840 1457 tanquam
1874 1404 1915 1442 in

507 1471 639 1510 herbis
660 1486 738 1510 non
759 1470 975 1515 fallacibus,
996 1469 1144 1508 fructus
1163 1480 1353 1524 appareat,
1374 1485 1451 1509 non
1473 1471 1560 1509 sunt
1578 1471 1655 1509 illae
1675 1471 1835 1523 quidem
1855 1484 1915 1508 re-

507 1538 711 1591 pudiandae
727 1556 739 1582 ς
771 1537 932 1576 vetustas
953 1546 1083 1575 tamen
1103 1535 1170 1575 suo
1189 1536 1276 1575 loco
1296 1535 1549 1576 conservanda
1567 1536 1632 1575 est.
1665 1536 1844 1575 Maxima
1863 1536 1916 1575 est

508 1605 615 1642 enim
646 1604 702 1642 vis
734 1603 928 1642 vetustatis
959 1612 997 1642 et
1028 1602 1315 1642 consuetudinis
1332 1621 1344 1648 ;
1386 1612 1430 1641 ut
1460 1603 1502 1641 in
1533 1602 1614 1656 ipso
1644 1616 1770 1655 equo,
1805 1604 1915 1655 cujus

507 1670 627 1710 modo
648 1671 889 1710 mentionem
909 1668 999 1715 feci,
1032 1670 1058 1708 fi
1080 1669 1187 1708 nulla
1207 1683 1264 1708 res
1284 1669 1486 1723 impediat,
1515 1682 1632 1708 nemo
1651 1668 1717 1714 est,
1749 1670 1818 1723 qui
1838 1683 1916 1708 non

507 1751 567 1783 eo,
590 1752 669 1791 quo
688 1737 898 1782 consuevit,
917 1737 1102 1775 libentius
1118 1745 1261 1782 utatur,
1283 1750 1400 1790 quam
1420 1736 1621 1775 intractato
1640 1745 1679 1775 et
1699 1749 1823 1775 novo:
1846 1748 1916 1775 nec

508 1804 627 1843 modo
647 1805 687 1842 in
708 1803 798 1849 hoc,
820 1804 924 1857 quod
954 1803 1007 1841 est
1027 1803 1182 1849 animal,
1205 1803 1267 1842 sed
1288 1804 1326 1841 in
1348 1803 1394 1842 iis
1415 1803 1547 1848 etiam,
1569 1816 1655 1856 quae
1675 1802 1762 1841 sunt
1789 1803 1916 1841 inani-

508 1878 624 1913 mata,
647 1869 883 1908 consuetudo
913 1869 1011 1906 valet
1025 1888 1035 1913 ;
1068 1883 1159 1907 cum
1186 1869 1282 1907 locis
1310 1870 1427 1907 etiam
1447 1869 1534 1922 ipsis
1555 1869 1766 1908 montuofis
1787 1868 1916 1908 delec-

508 1945 650 1980 temur,
672 1945 709 1973 et
732 1935 974 1979 silvestribus,
997 1935 1035 1972 in
1059 1935 1201 1986 quibus
1223 1935 1368 1973 diutius
1389 1937 1619 1974 commorati
1640 1935 1784 1974 sumus.

564 2002 636 2040 Sed
669 2002 887 2040 maximum
922 2001 975 2039 est
1009 2001 1047 2039 in
1080 2001 1264 2045 amicitia,
1298 2001 1528 2054 superiorem
1557 2015 1686 2054 parem
1715 2000 1787 2039 esse
1813 2000 1915 2040 infe·

508 2069 597 2107 riori
617 2083 624 2106 :
658 2068 752 2121 saepe
780 2069 886 2106 enim
918 2067 1154 2106 excellentiae
1175 2067 1350 2121 quaedam
1372 2068 1485 2113 sunt;
1517 2068 1640 2120 qualis
1666 2077 1744 2106 erat
1766 2069 1915 2121 Scipio-

508 2135 567 2173 nis
601 2135 639 2173 in
672 2134 811 2178 nostro,
844 2143 888 2171 ut
919 2134 971 2171 ita
1005 2134 1131 2172 dicam
1151 2164 1161 2179 ,
1197 2148 1309 2187 grege
1328 2149 1335 2172 :
1370 2148 1569 2187 nunquam
1601 2134 1635 2172 se
1674 2134 1738 2171 ille
1775 2133 1914 2180 Philo,

508 2215 707 2254 nunquam
743 2200 904 2253 Rupilio
922 2230 931 2245 ‚
966 2213 1166 2253 nunquam
1204 2201 1408 2239 Mummio
1442 2200 1680 2253 anteposuit,
1714 2214 1913 2253 nunquam

509 2267 698 2305 inferioris
719 2267 864 2305 ordinis
896 2267 1046 2305 amicis.
1080 2267 1246 2318 Qvero
1267 2267 1493 2305 Maximum
1516 2265 1687 2311 fratrem,
1713 2267 1912 2319 egregium

509 2335 649 2378 virum,
682 2334 845 2371 omnino
878 2333 944 2371 fibi
978 2347 1220 2386 nequaquam
1243 2347 1388 2386 parem,
1421 2333 1525 2385 quod
1547 2334 1576 2371 is
1603 2333 1769 2371 anteibat
1792 2343 1911 2378 :rt-ate,

508 2411 692 2453 tanquam
730 2400 960 2452 superiorem
991 2401 1170 2445 colebam
1203 2400 1360 2453 suosque
1395 2414 1529 2438 omnes
1561 2414 1624 2453 per
1660 2399 1694 2438 se
1727 2399 1796 2437 css‘e
1828 2414 1912 2439 am-

509 2467 646 2520 pliores
669 2466 831 2504 volebat.
878 2467 995 2518 (Qod
1031 2466 1251 2505 faciendum
1288 2466 1597 2519 imitandumque
1629 2466 1678 2504 cst
1700 2467 1910 2505 omnibus:

507 2543 566 2579 ut,
589 2533 612 2571 li
635 2547 752 2587 quam
774 2533 1026 2586 praestantiam
1048 2533 1215 2580 virtutis,
1238 2533 1399 2587 ingenii,
1421 2531 1583 2573 fortun-x
1603 2532 1796 2572 consecuti
1813 2533 1912 2579 sunt,
