2223 3003
734 331 840 370 DE
899 327 1474 369 SENECTUTE.
1701 341 1778 385 313

375 428 604 470 miserabilis
624 427 715 474 fuit,
745 429 814 480 qui
834 428 869 466 se
889 428 968 480 agri
998 427 1170 466 cultione
1199 427 1440 467 obledtabant
1458 431 1472 467 ?
1508 431 1601 470 Mea
1620 433 1779 485 quidem

380 497 578 541 sententia,
608 494 711 533 haud
731 495 821 538 scio,
853 508 899 531 an
924 493 1004 531 ulla
1036 494 1113 531 vita
1142 494 1288 533 beatior
1306 495 1377 534 effe
1395 497 1531 550 poffit;
1564 513 1688 553 neque
1719 501 1780 540 so-

380 563 465 601 lum
485 563 630 607 officio,
659 561 764 614 quod
783 559 993 598 hominum
1012 560 1141 612 generi
1161 562 1336 600 universo
1355 562 1506 602 cultura
1525 579 1703 618 agrorum
1729 569 1783 608 est

380 629 565 674 salutaris,
595 627 658 665 sed
690 635 728 664 et
747 626 1009 678 delectatione,
1042 639 1161 677 quam
1188 627 1284 671 dixi,
1318 637 1356 665 et
1375 628 1565 670 saturitate
1595 635 1782 688 copiaque

379 695 560 733 omnium
592 705 737 737 rerum,
772 705 857 744 quae
887 691 934 729 ad
966 691 1113 729 victum
1148 690 1373 738 hominum,
1409 696 1454 733 ad
1480 698 1632 737 cultum
1665 702 1782 741 etiam

380 762 573 805 Deorum,
593 758 812 812 pertinent;
835 766 893 803 ut,
911 757 1098 810 quoniam
1117 756 1200 796 haec
1217 758 1375 810 quidam
1392 760 1613 809 desiderant,
1635 766 1675 804 in
1695 781 1781 819 gra-

378 827 476 866 tiam
490 827 573 879 jam
593 839 685 864 cum
705 824 902 877 voluptate
921 824 1132 863 redeamus,
1165 826 1322 879 Semper
1336 827 1443 866 enim
1464 828 1557 867 boni
1577 830 1784 885 affiduique

378 892 533 931 domini
563 891 701 930 referta
730 891 827 930 cella
845 891 1000 936 vinaria,
1029 891 1179 938 olearia,
1214 892 1332 930 etiam
1351 894 1503 947 penaria
1521 896 1587 941 est,
1619 898 1785 950 villaque

379 967 462 997 tota
490 958 665 1011 locuples
695 957 774 996 est:
806 957 976 996 abundat
1010 970 1143 1010 porco,
1179 956 1303 1003 haedo,
1337 972 1449 1012 agno,
1483 961 1638 1014 gallina,
1674 963 1783 1010 laste,

379 1024 498 1070 caseo,
520 1024 651 1063 melle.
687 1025 777 1076 Jam
796 1022 955 1063 hortum
985 1024 1055 1077 ipsi
1087 1024 1263 1077 agricolae
1282 1024 1493 1066 succidiam
1513 1028 1684 1075 alteram,
1715 1043 1783 1084 ap-

380 1091 551 1144 pellant:
583 1100 671 1130 tum
704 1091 919 1130 conditiora
950 1090 1044 1130 facit
1070 1089 1168 1138 haec,
1202 1091 1466 1145 supervacanei
1495 1095 1612 1133 etiam
1644 1097 1783 1149 operiS,

379 1158 593 1210 aucupium
613 1166 727 1210 atque
746 1158 912 1196 venatio.
1250 1195 1254 1199 .

437 1224 548 1277 Qid
582 1224 629 1262 de
661 1233 860 1276 pratorum
895 1224 1105 1270 viriditate,
1151 1233 1218 1263 aut
1247 1225 1428 1265 arborum
1461 1227 1686 1274 ordinibus,
1722 1237 1787 1268 aut

380 1289 597 1335 vinearum,
627 1290 909 1328 olivetorumve
929 1290 1052 1343 specie
1082 1290 1242 1329 dicam?
1274 1292 1385 1330 Brevi
1416 1294 1636 1345 praecidam.
1678 1296 1787 1348 Agro

380 1355 480 1395 bene
512 1356 620 1394 culto
652 1355 709 1393 nil
741 1355 865 1409 potest
892 1356 978 1401 esse,
1012 1369 1082 1395 nec
1112 1357 1182 1395 usu
1211 1357 1381 1404 uberius,
1416 1372 1488 1397 nec
1519 1359 1641 1412 specie
1673 1374 1786 1400 orna-

380 1423 488 1462 tius:
520 1423 567 1461 ad
586 1435 706 1476 quem
725 1421 935 1462 fruendum
960 1437 1037 1462 non
1068 1424 1187 1462 modo
1206 1437 1285 1463 non
1305 1425 1480 1471 retardat,
1510 1440 1646 1465 verum
1671 1428 1787 1467 etiam

382 1489 521 1528 invitat
539 1499 656 1541 atque
674 1489 838 1535 allestat,
860 1489 1043 1529 senestus.
1066 1490 1149 1529 Ubi
1167 1491 1273 1529 enim
1289 1491 1413 1543 potest
1429 1491 1495 1530 illa
1515 1501 1616 1538 aetas,
1637 1502 1703 1532 aut
1721 1507 1787 1532 ca-

383 1554 522 1593 lescere
551 1555 613 1593 vel
643 1555 874 1608 apricatione
907 1556 1063 1599 melius,
1098 1556 1157 1594 vel
1187 1556 1270 1608 igni
1286 1575 1299 1602 5
1331 1566 1396 1595 aut
1427 1557 1590 1596 viciffim
1622 1559 1787 1604 umbris,

384 1620 538 1673 aquisve
558 1619 770 1673 refrigerari
789 1621 998 1659 salubrius?
1021 1621 1102 1659 Sibi
1122 1621 1242 1673 igitur
1252 1620 1418 1660 habeant
1437 1636 1553 1669 arma,
1568 1624 1637 1662 fibi
1652 1637 1787 1678 equos,

383 1687 456 1725 fibi
486 1685 623 1731 hastas,
654 1686 723 1724 fibi
755 1686 916 1731 clavam,
952 1686 1022 1724 fibi
1053 1687 1188 1739 pilam,
1219 1687 1289 1725 fibi
1322 1689 1532 1728 natationes
1563 1699 1601 1728 et
1626 1691 1785 1730 cursus:

385 1753 499 1793 nobis
520 1753 670 1791 senibus
690 1765 738 1791 ex
758 1752 969 1791 lusionibus
1001 1753 1137 1791 multis
1164 1753 1260 1792 talos
1281 1754 1514 1808 relinquant,
1546 1765 1585 1795 et
1610 1756 1757 1797 tesseras
1774 1772 1787 1797 ι

384 1819 555 1873 idipsum
574 1827 718 1864 tamen,
750 1827 794 1857 ut
812 1818 963 1858 lubebit
978 1847 990 1864 ,
1021 1819 1206 1872 quoniam
1225 1819 1302 1858 fine
1320 1819 1382 1859 his
1403 1820 1510 1861 beata
1529 1821 1600 1861 effe
1619 1821 1788 1863 senestus

384 1885 521 1940 potest.

440 1952 575 1990 XVII.
606 1951 756 1989 Multas
777 1951 824 1989 ad
843 1964 915 1997 res,
934 1951 1116 2004 perutiles
1135 1949 1407 2004 Xenophontis
1427 1951 1518 1991 libri
1536 1952 1637 1993 sunt.
1679 1955 1790 2007 Qos

385 2017 516 2070 legite,
531 2017 669 2070 quaeso,
688 2017 863 2062 studiose,
881 2026 924 2055 ut
943 2016 1084 2056 facitis.
1107 2018 1240 2070 Qam
1259 2018 1409 2071 copiose
1428 2019 1476 2057 ab
1494 2032 1539 2058 eo
1559 2020 1791 2072 agricultura

386 2083 562 2122 laudatur
580 2084 621 2122 in
651 2097 696 2122 eo
716 2084 831 2129 libro,
865 2084 936 2137 qui
955 2084 1007 2122 est
1040 2084 1088 2122 de
1117 2084 1259 2122 tuenda
1288 2098 1328 2122 re
1347 2083 1544 2130 familiari,
1576 2086 1645 2138 qui
1666 2090 1791 2125 OEco-

387 2150 568 2189 nomicus
602 2150 855 2189 inscribitur?
886 2152 1018 2203 Atque
1037 2159 1081 2188 ut
1106 2150 1347 2202 intelligam,
1377 2149 1478 2188 nihil
1498 2152 1534 2189 ei
1554 2160 1634 2191 tam
1667 2153 1791 2206 regale

387 2215 523 2261 videri,
554 2229 672 2268 quam
703 2216 874 2254 studium
904 2216 984 2268 agri
1014 2216 1182 2260 colendi,
1214 2215 1383 2253 Socrates
1414 2216 1455 2255 in
1474 2229 1519 2255 eo
1538 2217 1639 2256 libro
1657 2218 1790 2271 loqui-

387 2291 452 2321 tur
481 2295 574 2320 cum
609 2281 830 2327 Critobulo,
863 2282 1012 2333 Cyrum
1042 2282 1248 2326 minorem,
1281 2295 1410 2335 regem
1443 2283 1657 2329 Persarum,
1692 2298 1791 2338 prae-

389 2349 551 2388 stantem
583 2349 739 2402 ingenio
764 2358 879 2402 atque
912 2349 1066 2401 imperii
1085 2348 1221 2401 gloria,
1256 2348 1378 2401 (cum
1397 2348 1590 2402 Lysander
1610 2351 1791 2390 Lacedae-

391 2416 560 2462 monius,
592 2417 649 2455 vir
669 2417 829 2455 summae
850 2416 1015 2461 virtutis,
1036 2414 1192 2454 venisset
1211 2415 1257 2454 ad
1276 2429 1368 2455 eum
1396 2417 1535 2463 Sardis,
1559 2417 1673 2470 eique
1693 2418 1792 2457 dona

391 2493 413 2518 a
432 2481 540 2519 sociis
561 2483 760 2536 attulisset)
792 2493 829 2521 et
848 2483 991 2521 caeteris
1022 2483 1062 2521 in
1094 2482 1204 2521 rebus
1235 2496 1390 2522 comem
1419 2497 1508 2538 erga
1533 2484 1790 2537 Lysandrum,

393 2556 507 2599 atque
526 2547 745 2588 humanum
766 2549 888 2594 fuiss‘e,
921 2560 958 2587 et
990 2550 1025 2587 ci
1045 2549 1236 2602 quendam
1268 2550 1494 2604 conseptum
1516 2565 1666 2604 agrum,
1699 2550 1791 2588 dili-

392 2621 528 2666 genter
548 2614 754 2660 confitum,
786 2615 996 2655 ostendiffe.
1030 2617 1135 2654 Cum
1165 2625 1292 2655 autem
1323 2617 1573 2655 admiraretur
1603 2615 1794 2668 Lysander

494 2680 640 2719 ΤοΜ.
672 2681 747 2720 111.
1405 2683 1443 2721 R
1473 2697 1491 2722 r
