2223 3003
737 316 1255 354 PARADOXA.
1621 309 1694 372 363

294 419 334 449 et
353 411 524 463 reliquiae
554 411 829 464 conjurationis
857 425 877 450 a
897 413 1073 451 Catilinae
1094 412 1204 452 furiis
1238 413 1284 452 ad
1315 422 1428 452 tuum
1449 413 1568 453 scelus
1587 414 1696 453 furo-

296 491 455 530 remque
475 478 675 523 conversae,
692 492 769 517 non
788 479 920 517 civitas
941 489 1032 518 erat.
1058 481 1191 533 Itaque
1206 481 1336 533 pulsus
1355 495 1426 534 ego
1447 483 1600 520 civitate
1621 496 1698 520 non

295 544 394 589 sum,
417 559 502 597 quae
536 545 643 583 nulla
662 554 763 589 erat‚·
796 544 984 582 arceffitus
1012 546 1052 583 in
1071 546 1269 585 civitatem
1291 547 1389 592 sum,
1420 562 1512 586 cum
1538 548 1627 586 efl'et
1659 549 1698 586 in

295 611 493 663 republica
513 610 673 654 Consul,
695 611 763 663 qui
785 620 870 648 tum
890 611 1021 649 nullus
1042 611 1190 657 fuerat;
1222 613 1310 651 effet
1329 614 1490 659 senatus,
1523 615 1591 667 qui
1613 623 1697 653 tum

295 677 508 720 occiderat,
540 675 630 713 esset
662 675 862 713 consensus
897 676 1034 729 populi
1065 676 1188 722 liber;
1220 677 1308 716 ess'et
1333 679 1431 730 juris
1452 688 1489 717 et
1511 681 1698 732 aequitatis

297 743 401 795 (quae
420 742 575 780 vincula
594 741 681 779 sunt
699 742 882 794 civitatis)
905 743 1065 795 repetita
1085 744 1285 782 memoria.

351 810 412 847 Ac
431 809 531 854 vide,
562 821 681 861 quam
701 808 768 846 ista
799 809 857 846 tui
882 809 1073 848 latrocinii
1105 810 1179 848 tela
1208 811 1520 864 contempserim.
1552 813 1700 863 JaGam

296 883 335 913 et
353 873 562 913 immissam
583 887 604 912 a
623 883 661 913 te
681 873 866 913 nefariam
892 875 933 913 in
954 889 1017 914 me
1046 876 1226 929 injuriam
1246 877 1394 930 semper
1415 878 1507 916 duxi
1523 895 1534 923 ς
1568 891 1698 930 pervc-

295 940 388 980 niffe
407 941 453 980 ad
468 954 533 979 me
553 954 755 994 nunquam
774 942 905 995 putavi
924 956 933 980 z
966 942 1033 981 nifi
1054 941 1166 989 forte,
1197 956 1290 982 cum
1321 943 1479 996 parietes
1511 944 1699 982 disturba-

297 1007 378 1052 bas,
409 1016 474 1046 aut
494 1020 587 1046 cum
618 1007 726 1045 tectis
758 1007 951 1046 sceleratas
982 1007 1081 1047 faces
1108 1008 1309 1055 inferebas,
1345 1023 1523 1048 meorum
1555 1010 1701 1062 aliquid

297 1086 418 1118 ruere,
441 1082 505 1111 aut
525 1072 730 1126 deflagrare
749 1074 992 1112 arbitrabare.
1035 1073 1152 1113 Nihil
1175 1089 1299 1127 neque
1319 1088 1452 1113 meum
1479 1075 1544 1120 est,
1577 1089 1701 1128 neque

297 1139 540 1192 cujusquam,
585 1139 691 1192 quod
722 1138 876 1185 auferri,
907 1140 1012 1192 quod
1042 1141 1152 1194 eripi,
1183 1142 1289 1193 quod
1322 1141 1450 1180 amitti
1483 1141 1619 1194 potest.
1663 1142 1701 1179 Si

297 1204 399 1243 mihi
440 1204 633 1258 eripuisses
669 1205 842 1243 divinam
873 1206 992 1244 animi
1028 1207 1106 1244 mei
1136 1207 1409 1252 constantiam,
1443 1221 1548 1246 meas
1577 1221 1700 1251 curas,

295 1271 462 1323 vigilias,
489 1270 657 1315 confilia,
689 1271 831 1323 quibus
854 1271 1078 1324 respublica,
1102 1281 1138 1310 te
1158 1272 1396 1318 invitissimo,
1415 1273 1483 1311 stat
1497 1291 1507 1317 ;
1539 1273 1566 1311 fi
1586 1271 1702 1325 hujus

297 1337 426 1376 aeterni
447 1336 625 1375 beneficii
644 1336 908 1375 immortalem
930 1337 1160 1376 memoriam
1180 1337 1371 1376 deleviffes
1388 1356 1400 1382 ;
1433 1338 1560 1376 multo
1585 1340 1703 1376 etiam

297 1404 435 1457 magis,
466 1402 493 1441 fi
513 1402 622 1441 illam
646 1411 834 1448 mentem,
867 1402 968 1441 unde
986 1401 1069 1441 haec
1089 1402 1246 1441 confilia
1265 1412 1484 1449 manarunt,
1506 1403 1606 1442 mihi
1627 1404 1677 1442 eri
1686 1428 1701 1433 -

297 1468 461 1522 puiffes3
494 1477 580 1507 tum
599 1481 671 1521 ego
700 1469 882 1522 accepiffe
913 1483 977 1507 me
1006 1468 1209 1508 confiterer
1229 1469 1425 1521 injuriam.
1472 1470 1544 1508 Sed
1564 1470 1590 1508 s1
1622 1469 1701 1508 hat-c

297 1548 367 1573 nec
397 1533 534 1579 fecisti,
564 1545 635 1570 nec
665 1532 789 1571 facere
808 1534 980 1586 potuisti,
1008 1534 1178 1572 reditum
1210 1533 1310 1573 mihi
1326 1535 1539 1588 gloriosum
1566 1535 1703 1587 injuria

297 1609 363 1640 tua
391 1601 513 1646 dedit,
543 1612 623 1639 non
652 1600 803 1639 exitum
833 1600 1116 1640 calamitosum.
1163 1601 1268 1654 Ergo
1300 1615 1373 1654 ego
1404 1601 1549 1654 semper
1578 1602 1700 1647 civis3

297 1677 336 1708 et
356 1677 442 1707 tum
462 1667 646 1713 maxime,
677 1680 771 1705 cum
801 1680 928 1706 meam
949 1667 1110 1707 salutem
1130 1667 1277 1706 senatus
1308 1669 1445 1707 exteris
1467 1669 1702 1713 nationibus,

299 1744 344 1775 ut
362 1736 456 1774 civis
476 1733 632 1788 optimi,
654 1734 981 1780 commendabat;
1013 1743 1071 1781 tu,
1096 1748 1144 1773 ne
1171 1748 1276 1774 nunc
1295 1735 1456 1788 quidem
1472 1753 1483 1779 ;
1516 1735 1584 1773 nis1
1605 1734 1704 1774 forte

297 1802 404 1842 idem
424 1801 495 1840 ess‘e
513 1800 646 1846 hostis,
667 1810 706 1839 et
725 1801 820 1840 civis
841 1801 976 1855 potest.

354 1871 419 1908 An
440 1878 483 1907 tu
503 1869 629 1908 civem
649 1869 696 1906 ab
727 1867 834 1906 hoste
865 1868 998 1907 natura
1027 1881 1070 1906 ac
1100 1867 1202 1913 loco,
1234 1880 1311 1907 non
1345 1869 1476 1907 animo
1505 1867 1701 1920 factisque,

298 1936 532 1989 distinguis?
565 1935 720 1974 Caedem
751 1935 793 1973 in
824 1934 909 1973 foro
939 1934 1062 1973 fecisti
1080 1953 1091 1980 ς
1128 1935 1282 1973 armatis
1314 1934 1527 1974 latronibus
1560 1935 1705 1988 templa

298 2002 478 2048 tenuisti3
510 2002 751 2056 privatorum
770 2001 922 2047 domos,
953 2002 1050 2040 aedes
1073 2001 1205 2047 sacras,
1227 2001 1441 2040 incendisti.
1485 2002 1567 2040 Cur
1586 2000 1703 2039 hostis

300 2070 516 2122 Spartacus,
548 2069 575 2107 fi
595 2078 637 2107 tu
668 2069 792 2107 civis?
825 2070 938 2107 Potes
959 2078 1089 2108 autem
1109 2068 1181 2106 effe
1208 2078 1249 2106 tu
1270 2068 1380 2113 civis,
1410 2076 1565 2120 propter
1584 2079 1703 2120 quem

299 2134 505 2188 aliquando
525 2135 659 2173 civitas
692 2149 770 2173 non
797 2133 902 2173 fuit?
934 2136 986 2173 Et
1020 2149 1083 2174 me
1112 2143 1181 2172 tuo
1212 2134 1371 2171 nomine
1401 2123 1582 2185 appellas,
1611 2146 1703 2171 cum

300 2214 434 2240 omnes
456 2214 544 2239 meo
563 2200 721 2238 disceffu
741 2199 904 2238 exulass‘e
921 2200 1203 2252 rempublicam
1225 2199 1389 2251 putent?
1421 2199 1701 2251 Nunquamne,

299 2266 422 2306 homo
441 2265 708 2310 amentiffime,
741 2275 777 2303 te
808 2265 1123 2318 circumspicies?
1155 2278 1418 2317 nunquamne,
1450 2266 1546 2318 quid
1573 2264 1703 2311 facias,

301 2333 566 2377 confiderabis,
600 2345 669 2370 nec
701 2332 795 2384 quid
827 2331 1011 2383 loquare?
1043 2330 1194 2375 Nescis,
1229 2331 1392 2369 exilium
1414 2331 1597 2370 scelerum
1632 2331 1704 2370 esse

303 2400 485 2451 poenam?
518 2412 652 2437 meum
674 2398 771 2436 illud
792 2399 863 2436 iter
883 2398 934 2435 ob
955 2396 1249 2450 praeclariffimas
1281 2410 1336 2436 res
1358 2411 1377 2435 a
1404 2412 1466 2435 me
1495 2399 1613 2451 gestas
1634 2397 1704 2436 effe

304 2463 547 2516 susceptum?
580 2466 730 2502 Omnes
762 2464 927 2502 scelerati
950 2475 1062 2516 atquc
1093 2463 1221 2516 impii,
1254 2477 1421 2516 quorum
1445 2473 1485 2502 tu
1508 2475 1543 2503 te
1564 2465 1704 2503 ducem

303 2528 374 2567 effe
407 2529 620 2582 profiteris,
665 2543 761 2582 quos
796 2531 897 2582 leges
931 2530 1049 2568 exilio
1091 2529 1191 2567 affici
1231 2530 1390 2575 volunt,
1426 2530 1554 2568 exules
1589 2530 1703 2574 sunt,

304 2596 419 2633 etiam
442 2595 466 2632 s1
489 2594 611 2632 solum
635 2609 711 2632 non
732 2605 944 2633 mutarunt.
989 2597 1067 2640 An,
1100 2609 1192 2633 cum
1214 2609 1347 2633 omnes
1369 2596 1470 2648 leges
1495 2606 1530 2634 te
1551 2596 1702 2634 exulem

305 2661 375 2700 effe
401 2662 577 2714 jubeant,
609 2675 684 2700 non
705 2662 777 2700 eris
800 2671 841 2700 tu
861 2662 978 2700 exul?
1023 2663 1135 2700 Num
1167 2662 1379 2715 appellatur
1409 2663 1606 2707 inimicus,
1638 2663 1706 2715 qul

1264 2729 1295 2765 Z
1329 2742 1349 2765 z
1384 2741 1403 2767 2
