2223 3003
744 233 1021 273 LIBER
1085 232 1445 274 PRIMUS.
1722 250 1794 289 179

397 331 436 370 id
457 331 672 386 perfeetum
692 332 867 371 officium
887 332 958 371 effe
977 332 1160 371 definiant
1175 351 1187 378 ς
1216 333 1391 371 medium
1412 340 1540 370 autem
1559 331 1737 371 officium
1757 334 1796 371 id

397 398 468 437 effe
488 399 631 445 dicant,
653 399 771 452 quod,
794 413 861 438 cur
880 398 1026 438 factum
1048 400 1105 445 s1t,
1127 400 1222 438 ratio
1242 399 1450 452 probabilis
1471 399 1576 437 reddi
1596 399 1720 452 poffit.

453 465 618 518 Triplex
638 466 756 518 igitur
779 465 845 509 est,
878 474 921 503 ut
942 466 1109 503 Panaetio
1128 466 1290 509 videtur,
1323 466 1469 504 consilii
1503 465 1677 518 capiendi
1698 465 1795 504 deli-

399 530 556 570 beratio.
589 531 710 575 Nam,
727 529 981 568 honestumne
1000 528 1103 566 factu
1125 530 1182 573 fit,
1205 543 1251 567 an
1269 539 1392 582 turpe,
1408 531 1600 575 dubitant,
1623 531 1675 576 id,
1692 531 1796 584 quod

398 595 438 634 in
459 596 771 635 deliberationem
791 594 892 632 cadit
908 612 920 638 ς
943 594 981 631 in
1004 607 1082 646 quo
1103 594 1372 632 considerando
1394 596 1485 648 saepe
1505 598 1624 634 animi
1640 598 1680 635 in
1700 610 1795 636 con-

396 663 525 700 trarias
545 661 746 699 sententias
778 657 1052 697 distrahuntur.
1099 661 1207 697 Tum
1239 669 1368 697 autern
1400 670 1464 698 aut
1483 664 1705 714 anquirunt,
1733 672 1798 702 aut

396 727 628 772 consultant,
660 727 706 764 ad
726 727 812 764 vitae
846 726 1166 764 commoditatem
1192 726 1569 779 jucunditatemque,
1602 728 1648 765 ad
1673 728 1796 768 facul-

396 803 491 832 tates
512 807 639 832 rerum
670 803 783 845 atque
803 792 946 845 copias,
977 792 1023 829 ad
1050 805 1154 844 opes,
1183 792 1228 830 ad
1260 793 1490 845 potentiam,
1522 793 1664 846 quibus
1695 804 1733 832 et
1764 795 1799 833 se

398 859 537 912 poffint
563 860 696 910 juvare
727 868 764 896 et
796 859 894 903 suos,
930 859 1120 896 conducat
1155 858 1192 896 id
1215 872 1348 903 necne,
1380 859 1427 896 de
1459 872 1538 911 quo
1558 859 1796 901 deliberant;

396 939 481 978 quae
501 926 726 964 deliberatio
741 926 868 963 omnis
886 925 925 963 in
947 925 1134 963 rationem
1151 925 1328 963 utilitatis
1349 925 1464 963 cadit.
1480 926 1661 964 Tertium
1682 926 1798 964 dubi-

394 993 501 1029 tandi
521 1005 640 1045 genus
661 991 726 1036 est,
760 1004 851 1029 cum
883 1004 1050 1044 pugnare
1070 991 1219 1029 videtur
1239 1005 1331 1029 cum
1351 990 1509 1030 honesto
1528 991 1582 1036 id,
1615 992 1719 1043 quod
1739 993 1797 1030 vi-

397 1058 507 1095 detur
527 1058 598 1096 effe
619 1058 736 1096 utile:
770 1071 862 1095 cum
883 1058 989 1095 enim
1011 1057 1154 1095 utilitas
1176 1058 1220 1094 ad
1243 1057 1275 1095 se
1297 1071 1438 1110 rapere,
1474 1057 1646 1096 honestas
1667 1068 1799 1097 contra

397 1137 571 1162 revocare
591 1124 636 1162 ad
657 1124 691 1161 se
711 1123 875 1168 videtur,
897 1123 955 1168 fit,
979 1132 1021 1161 ut
1042 1122 1268 1161 distrahatur
1288 1123 1532 1163 deliberando
1551 1124 1717 1169 animus,
1739 1123 1797 1162 af-

396 1189 571 1243 feratque
591 1189 800 1242 ancipitem
821 1203 953 1227 curam
973 1189 1182 1242 cogitandi.

451 1257 540 1294 Hac
571 1255 768 1300 divifione,
804 1256 914 1306 (cum
946 1256 1136 1307 praeterire
1164 1255 1312 1308 aliquid
1343 1257 1561 1295 maximum
1592 1256 1734 1295 vitium
1760 1257 1798 1294 in

397 1321 604 1360 dividendo
638 1321 700 1373 fit)
733 1320 811 1359 duo
844 1320 1088 1374 praetermissa
1118 1320 1217 1360 sunt.
1262 1322 1349 1360 Nec
1380 1322 1487 1360 enim
1513 1319 1638 1360 solum
1668 1320 1801 1361 utrum

397 1387 616 1433 honestum,
647 1401 695 1426 an
716 1396 828 1441 turpe
848 1387 906 1433 fit,
939 1387 1139 1426 deliberari
1159 1387 1266 1433 solet,
1297 1388 1359 1426 sed
1379 1388 1509 1433 etiam,
1538 1388 1688 1427 duobus
1709 1402 1798 1442 pro-

397 1456 528 1507 positis
562 1455 744 1500 honestis,
775 1464 909 1493 utrum
939 1453 1165 1501 honestius3
1197 1455 1384 1507 itemque,
1420 1455 1571 1494 duobus
1601 1455 1800 1508 propositis

399 1520 578 1564 utilibus,
600 1528 731 1558 utrum
753 1520 902 1558 utilius.
946 1521 1016 1565 Ita,
1038 1534 1156 1573 quam
1177 1520 1243 1558 ille
1263 1520 1459 1573 triplicem
1478 1521 1628 1573 putavit
1647 1520 1719 1559 effe
1741 1534 1800 1559 ra·

397 1585 560 1631 tionem,
594 1585 635 1623 in
655 1585 828 1638 quinque
848 1596 972 1638 partes
1002 1585 1177 1624 distribui
1209 1586 1346 1624 debere
1376 1587 1575 1638 reperitur.
1622 1584 1801 1624 Primum

398 1651 520 1704 igitur
539 1651 591 1689 est
611 1651 657 1689 de
676 1649 848 1695 honesto,
879 1650 940 1688 sed
970 1650 1176 1703 dupliciter
1192 1668 1204 1695 ς
1236 1660 1321 1689 tum
1343 1651 1422 1703 pari
1444 1651 1587 1689 ratione
1605 1650 1653 1689 de
1684 1651 1770 1690 utili
1785 1669 1799 1696 ς

400 1717 483 1770 post
503 1717 550 1755 de
569 1717 854 1769 comparatione
874 1729 1009 1754 eorum
1030 1715 1301 1754 differendum.

454 1783 527 1821 IV.
556 1781 754 1834 Principio
774 1782 902 1834 generi
922 1782 1179 1820 animantium
1199 1782 1309 1820 omni
1328 1782 1381 1820 est
1400 1796 1421 1820 a
1440 1792 1573 1821 natura
1593 1783 1799 1828 tributum,

399 1857 444 1887 ut
464 1848 513 1893 se,
546 1849 681 1893 vitam,
717 1847 930 1900 corpusque
950 1856 1113 1892 tueatur,
1145 1846 1390 1899 declinetque
1419 1861 1474 1892 ea,
1510 1861 1595 1899 quae
1627 1849 1801 1887 nocitura

398 1914 611 1957 videantur,
646 1913 868 1964 omniaque,
905 1926 989 1964 quae
1017 1912 1090 1950 sint
1110 1912 1156 1950 ad
1175 1912 1385 1951 vivendum
1414 1912 1626 1959 neceffaria,
1661 1915 1802 1966 anqui-

398 1989 469 2025 rat,
500 1989 538 2018 et
567 1988 686 2032 paret,
717 1987 761 2017 ut
794 1978 960 2031 pastum,
991 1988 1035 2017 ut
1064 1978 1238 2025 latibula,
1269 1988 1313 2018 ut
1338 1979 1411 2018 alia
1439 1980 1610 2033 ejusdem
1636 1981 1801 2034 generis.

396 2047 625 2085 Commune
656 2046 753 2084 item
773 2045 1032 2084 animantium
1052 2046 1234 2085 omniurn
1260 2046 1312 2085 est
1342 2046 1625 2099 conjunctionis
1652 2047 1802 2100 appeti·-

398 2121 476 2158 ωε,
509 2113 733 2166 procreandi
764 2111 887 2159 causa,
918 2122 957 2151 et
986 2126 1078 2152 cura
1106 2112 1282 2165 quaedam
1311 2126 1460 2158 eorum,
1491 2127 1577 2166 quae
1610 2123 1804 2167 procreata

400 2179 501 2218 sunt.
534 2179 605 2218 Sed
624 2180 725 2219 inter
743 2179 947 2218 hominem
974 2189 1012 2217 et
1032 2179 1203 2218 belluam
1222 2178 1298 2218 hoc
1318 2180 1489 2219 maxime
1507 2180 1674 2226 interest,
1696 2180 1804 2232 quod

399 2244 482 2284 haec
503 2253 671 2290 tantum,
704 2254 897 2297 quantum
918 2243 1022 2282 sensu
1043 2253 1233 2289 movetur,
1265 2244 1311 2282 ad
1330 2245 1371 2283 id
1391 2244 1530 2291 solum,
1562 2246 1667 2299 quod
1687 2245 1802 2292 adest,

396 2311 583 2365 quodque
602 2310 761 2364 praesens
781 2310 847 2356 est,
871 2309 906 2348 se
924 2309 1207 2355 accommodat,
1239 2310 1444 2364 paululum
1475 2311 1687 2350 admodum
1717 2311 1802 2351 sen-

397 2377 499 2417 tiens
534 2379 786 2432 praeteritum,
821 2386 886 2416 aut
917 2376 1109 2416 futurum.
1159 2377 1296 2416 Homo
1326 2387 1456 2417 autem
1490 2378 1615 2432 (quod
1646 2378 1803 2417 rationis

397 2442 452 2481 est
482 2444 687 2498 particeps,
722 2457 789 2498 per
822 2457 941 2497 quam
961 2443 1232 2496 consequentia
1250 2445 1387 2490 cernit,
1422 2444 1549 2484 causas
1581 2458 1709 2483 rerum
1743 2444 1803 2482 vi—

402 2507 481 2554 det,
511 2522 720 2565 earumque
752 2510 980 2566 progressus,
1018 2520 1057 2551 et
1091 2510 1193 2564 quasi
1228 2510 1496 2552 anteceffiones
1530 2524 1608 2552 non
1638 2511 1801 2564 ignorat,

1411 2577 1499 2618 Z2
