2223 3003
706 231 981 272 LIBER
1038 229 1536 271 SECUNDUS.
1771 242 1825 286 59

565 331 670 384 Qtod
683 331 728 385 cst
745 342 831 370 ante
841 332 959 385 pedes,
989 346 1084 370 nemo
1092 332 1238 384 spefflat
1253 348 1266 370 .·
1296 330 1376 370 caeli
1377 332 1604 384 scrutantur
1615 329 1760 383 plagas.

430 396 576 435 Verum
596 398 627 435 is
657 406 785 435 tamen
804 396 941 435 habitu
961 406 1139 435 extorum
1158 405 1196 434 et
1226 397 1354 435 colore
1374 396 1554 434 declarari
1573 395 1714 441 censet,
1745 394 1821 434 hoc

429 461 627 507 duntaxat,
658 462 788 515 pabuli
818 475 952 513 genus,
985 471 1023 499 et
1053 475 1184 499 earum
1214 475 1356 506 rerum,
1391 475 1484 513 quas
1511 470 1607 500 terra
1632 469 1819 514 procreet,

429 527 488 564 vel
509 528 735 570 ubertatem,
755 526 816 563 vel
838 526 1087 563 tenuitatem:
1121 525 1379 563 salubritatem
1398 527 1528 570 etiam,
1556 536 1621 564 aut
1641 527 1821 579 pestilen-

429 592 524 630 tiam
543 592 640 630 extis
660 589 862 643 significari
882 598 1005 642 putat.
1040 590 1077 627 O
1099 589 1302 628 mortalem
1322 590 1478 628 beatum
1496 590 1504 626 l
1536 592 1600 628 cui
1619 601 1723 630 certo
1744 591 1821 630 scio

428 656 565 694 ludum
586 669 786 708 nunquam
805 654 977 694 defuisse.
1008 655 1218 694 Hunccine
1233 653 1435 694 hominem
1456 655 1570 693 tantis
1591 656 1821 695 delectatum

427 721 499 759 effe
518 722 645 774 nugis,
678 731 721 760 ut
751 734 829 759 non
854 721 1013 767 videret,
1044 730 1131 760 tum
1161 720 1340 760 futurum
1370 721 1412 759 id
1439 720 1655 765 verifimile‚
1685 721 1711 759 fi
1732 734 1820 760 om-

428 788 539 826 nium
557 787 752 840 pecudum
781 796 868 825 exta
886 787 1022 825 eodem
1043 796 1218 840 tempore
1243 787 1284 825 in
1304 787 1470 825 eundem
1488 786 1669 825 habitum
1688 786 1725 824 se
1753 800 1821 825 co-

427 854 627 906 loremque
660 854 949 892 converterent?
981 853 1052 892 Sed
1082 853 1108 892 fi
1127 853 1262 892 eadem
1294 853 1390 892 hora
1418 853 1500 892 aliae
1529 852 1686 906 pecudis
1711 854 1822 905 jecur

426 919 598 958 nitidum
618 928 732 972 atque
750 919 912 973 plenum
930 919 997 965 est,
1027 919 1113 958 aliae.
1127 918 1330 959 horridum
1349 929 1388 958 et
1406 919 1519 964 exile,
1538 919 1635 971 quid
1650 918 1702 957 est
1718 919 1823 971 quod

427 986 607 1024 declarari
627 986 738 1040 poffit
757 985 893 1025 habitu
913 995 1091 1025 extorum
1117 995 1155 1025 et
1175 987 1302 1025 colore
1320 987 1333 1024 ?
1365 987 1430 1025 An
1449 985 1525 1024 hoc
1545 985 1713 1038 ejusdem
1733 998 1821 1023 mo-

428 1053 467 1090 di
487 1052 553 1097 est,
575 1052 686 1104 quale
706 1051 996 1104 Pherecydeum
1015 1052 1126 1098 illud,
1144 1053 1250 1105 quod
1268 1052 1321 1091 est
1336 1065 1357 1090 a
1371 1061 1408 1090 te
1426 1052 1575 1091 dictum
1590 1051 1603 1088 ?
1625 1051 1708 1103 qui,
1729 1064 1822 1088 cum

425 1130 564 1170 aquam
584 1116 732 1155 vidiffet
760 1130 808 1155 ex
833 1126 950 1169 puteo
979 1116 1166 1163 haustam,
1201 1126 1463 1156 terraemotum
1493 1117 1593 1156 dixit
1623 1116 1817 1155 futurum.

427 1185 582 1228 Parum,
603 1183 730 1227 credo,
749 1183 1005 1235 impudenter,
1033 1183 1153 1235 quod,
1174 1197 1267 1227 cum
1287 1183 1409 1221 factus
1425 1182 1514 1222 effet
1533 1192 1678 1227 motus,
1696 1182 1823 1220 dicere

427 1249 582 1294 audent,
604 1262 688 1301 quae
708 1248 764 1287 vis
783 1248 825 1286 id
844 1247 1039 1286 effecerit:
1070 1248 1252 1294 etiamne,
1283 1247 1462 1286 futurum
1482 1248 1566 1293 effe,
1595 1261 1702 1300 aquae
1715 1248 1821 1299 jugis

428 1315 555 1353 colore
574 1314 848 1368 praesentiunt?
880 1313 1012 1352 Multa
1043 1313 1256 1353 istiusmodi
1288 1314 1471 1354 dicuntur
1499 1314 1541 1353 in
1559 1311 1728 1352 scholis:
1760 1312 1824 1351 sed

427 1375 729 1419 credereomnia
746 1379 833 1418 vide
850 1393 898 1417 ne
914 1393 992 1418 non
1012 1379 1057 1417 fit
1076 1379 1232 1418 necefi‘e.

481 1448 631 1485 Verum
664 1446 736 1484 s1nt
765 1445 850 1484 sane
877 1445 944 1484 ista
964 1446 1214 1484 Democritea
1241 1458 1351 1484 vera:
1383 1445 1537 1499 quando
1567 1459 1609 1484 ea
1628 1458 1696 1485 nos
1725 1446 1822 1484 extis

429 1511 669 1563 exquirimus
687 1512 700 1548 ?
731 1521 797 1550 aut
816 1511 970 1564 quando
989 1511 1138 1563 aliquid
1156 1511 1345 1564 ejusmodi
1363 1512 1410 1550 ab
1430 1510 1642 1565 haruspice,
1672 1511 1822 1564 inspec-

429 1578 479 1617 tis
499 1578 610 1623 extis,
645 1577 892 1616 audivimus?
923 1578 988 1616 Ab
1007 1591 1118 1629 aqua,
1149 1586 1214 1616 aut
1244 1578 1291 1616 ab
1321 1577 1403 1630 igni
1432 1579 1602 1631 pericula
1632 1587 1821 1617 monent:

430 1652 517 1681 tum
537 1642 788 1687 haereditates,
810 1651 896 1679 tum
915 1642 1055 1680 damna
1073 1642 1301 1681 denuntiant
1321 1657 1330 1680 ε
1352 1642 1478 1680 fissum
1499 1642 1686 1681 familiare
1705 1652 1744 1681 et
1762 1643 1824 1681 vi-

428 1708 504 1746 tale
524 1709 707 1746 tractant:
739 1716 854 1759 caput
866 1707 1008 1757 jecoris
1028 1720 1075 1745 ex
1095 1707 1203 1745 omni
1222 1716 1328 1760 parte
1347 1707 1634 1760 diligentiffime
1648 1708 1822 1747 confide·

430 1783 536 1812 rant:
569 1773 596 1812 fi
613 1785 701 1811 vero
720 1772 760 1810 id
780 1785 858 1810 non
877 1771 929 1809 est
947 1771 1164 1816 inventum,
1196 1771 1297 1810 nihil
1316 1780 1454 1825 putant
1474 1772 1643 1812 accidere
1662 1773 1823 1827 potuiffe

429 1839 586 1878 tristius.

489 1906 603 1944 XIV.
634 1906 733 1944 Haec
767 1904 955 1944 observari
984 1914 1085 1944 certe
1114 1919 1192 1944 non
1223 1913 1446 1958 potuerunt,
1481 1914 1524 1944 ut
1557 1905 1667 1959 supra
1693 1906 1822 1945 docui.

431 1973 527 2010 Sunt
546 1971 665 2024 igitur
683 1971 772 2010 artis
792 1971 958 2016 inventa,
989 1984 1066 2010 non
1086 1970 1295 2016 vetustatis,
1319 1971 1345 2009 fi
1365 1971 1418 2009 est
1437 1985 1494 2010 ars
1514 1971 1594 2010 ulla
1613 1985 1741 2010 rerum
1760 1973 1823 2011 in-

430 2038 687 2091 cognitarum.
732 2038 838 2075 Cum
858 2050 986 2075 rerum
1005 2047 1135 2076 autern
1165 2046 1296 2075 natura
1315 2050 1433 2089 quam
1463 2037 1732 2090 cognationem
1751 2037 1823 2076 ha-

431 2103 521 2142 bent
539 2103 552 2140 ?
583 2117 666 2156 quae
686 2112 729 2141 ut
754 2116 832 2141 uno
851 2102 1033 2141 consensu
1046 2103 1181 2154 juncta
1207 2103 1252 2141 s1t
1271 2112 1310 2140 et
1329 2103 1546 2148 continens,
1578 2103 1684 2156 quod
1713 2103 1826 2142 video

431 2169 609 2222 placuisse
628 2169 807 2222 phyficis,
837 2169 964 2221 eisque
984 2170 1167 2214 maxime,
1201 2170 1270 2221 qui
1289 2183 1419 2213 omne,
1441 2169 1546 2221 quod
1564 2170 1667 2214 esset,
1699 2183 1825 2208 unum

431 2235 501 2274 effe
521 2236 725 2281 dixerunt,
757 2235 852 2288 quid
881 2234 1019 2274 habere
1040 2236 1207 2273 mundus
1238 2235 1360 2288 potest
1379 2249 1472 2273 cum
1499 2235 1662 2274 thesauri
1688 2236 1823 2274 inven-

430 2304 536 2341 tione
555 2304 808 2356 conjunftum
825 2302 838 2339 ?
883 2302 920 2340 Si
939 2303 1044 2340 enim
1064 2302 1160 2340 extis
1181 2302 1352 2355 pecuniae
1373 2301 1473 2341 mihi
1494 2302 1744 2355 amplificatio
1763 2301 1825 2342 os-

432 2369 616 2414 tenditur,
638 2368 754 2421 idque
774 2368 818 2406 fit
839 2367 971 2406 natura
987 2386 999 2413 3
1030 2368 1204 2420 primum
1224 2377 1311 2406 exta
1332 2367 1419 2406 sunt
1438 2368 1642 2420 conjuncta
1662 2368 1824 2412 munde,

434 2432 571 2472 deinde
590 2448 724 2473 meum
754 2435 908 2473 lucrum
938 2434 1072 2472 natura
1091 2447 1219 2472 rerum
1250 2434 1483 2472 continetur.
1534 2434 1678 2472 Nonne
1705 2433 1826 2486 pudet

435 2495 608 2548 physicos
627 2499 708 2538 haec
728 2500 884 2538 dicere?
916 2501 975 2538 Ut
993 2500 1098 2538 enim
1121 2501 1205 2551 jam
1237 2500 1281 2537 sit
1311 2499 1439 2551 aliqua
1466 2499 1506 2537 in
1533 2508 1665 2536 natura
1698 2509 1826 2536 rerum

436 2563 627 2615 cognatiO‚
643 2577 761 2616 quam
779 2565 850 2604 effe
869 2565 1036 2605 concedo
1054 2580 1063 2605 :
1085 2565 1209 2605 multa
1228 2566 1333 2605 enim
1353 2564 1471 2603 Stoici
1491 2564 1704 2616 colligunt:
1736 2575 1830 2602 nam

1411 2630 1453 2668 H
1477 2641 1497 2667 2
