2223 3003
839 259 942 298 DE
1029 258 1281 298 FATO.
1691 276 1761 316 ¹05

359 360 440 398 fieri
459 357 585 413 poflit‚
600 359 641 397 id
661 368 726 397 aut
746 357 817 396 effe
831 359 929 411 jam,
944 367 1009 396 aut
1028 357 1207 397 futurum
1227 357 1298 396 esse
1310 376 1323 403 ς
1346 371 1416 396 nec
1437 358 1559 412 magis
1580 371 1763 398 commu-

358 427 430 465 tari
450 439 497 465 ex
528 426 625 464 veris
656 426 697 463 in
717 423 808 463 falsa
837 438 879 462 ea
899 424 1013 477 poffe,
1045 439 1130 477 qua?
1160 424 1290 463 futura
1310 424 1410 470 sunt,
1443 439 1562 478 quam
1592 440 1647 471 ea,
1679 440 1764 479 quae

359 491 457 531 faita
476 492 588 530 sunt:
620 491 682 529 sed
712 491 753 528 in
785 489 894 527 factis
920 490 1283 528 immutabilitatem
1315 505 1515 543 apparere;
1552 492 1592 530 in
1623 491 1764 531 futuris

360 559 606 612 quibusdam,
641 558 830 609 quianon
861 564 1054 608 apparent,
1086 569 1133 593 ne
1153 555 1267 593 inefi'e
1287 557 1446 608 quidem
1467 559 1614 597 videri:
1650 568 1694 598 ut
1725 560 1766 599 in

360 639 419 671 eo,
450 626 519 677 qui
539 621 740 670 mortifero
762 622 900 660 morbo
921 632 1114 675 urgeatur,
1145 635 1279 660 verum
1298 623 1357 667 fit,
1382 624 1464 661 Hic
1485 626 1670 664 morietur
1689 625 1766 666 hoc

361 691 523 730 morbo:
545 698 583 728 at
601 688 678 727 hoc
698 688 803 727 idem
820 688 847 726 fi
867 701 952 727 vere
972 688 1122 727 dicatur
1142 689 1182 727 in
1201 702 1260 734 eo,
1275 688 1316 726 in
1336 702 1415 741 quo
1435 690 1491 728 vis
1513 691 1641 729 morbi
1663 701 1766 731 tanta

361 771 439 796 non
459 765 648 811 appareat,
675 754 802 794 nihilo
821 755 952 794 minus
973 753 1153 795 futurum
1174 755 1231 794 fit.
1278 756 1337 794 Ita
1356 755 1414 801 fit,
1446 765 1490 795 ut
1509 760 1767 798 commutatio

360 832 407 858 ex
440 832 530 858 vero
559 819 600 856 in
618 816 758 856 falsum
788 831 837 856 ne
865 818 906 856 in
926 816 1059 857 futuro
1079 817 1239 871 quidem
1272 817 1351 856 ulla
1370 817 1454 856 fieri
1473 818 1598 872 poffit.
1644 820 1764 866 Nam,

360 885 555 925 Morietur
575 884 719 938 Scipio,
742 885 861 923 talem
879 885 962 923 vim
981 883 1113 930 habet,
1136 894 1179 923 ut
1200 897 1424 937 quanquam
1444 884 1491 922 de
1511 883 1644 924 futuro
1665 886 1765 924 dici-

359 959 436 997 tur,
468 961 598 990 tamen
618 951 659 990 id
689 965 768 990 non
798 951 911 1004 poffit
931 951 1103 990 converti
1122 952 1162 990 in
1188 950 1355 990 falsum:
1389 951 1435 990 de
1469 950 1630 991 homine
1660 953 1766 992 enim

358 1018 518 1065 dicitur,
540 1019 605 1058 cui
625 1018 770 1058 neceffe
788 1019 842 1057 est
861 1020 976 1058 mori.

415 1087 478 1125 Sic
511 1086 538 1124 fi
572 1085 776 1131 diceretur,
808 1086 1004 1125 Morietur
1033 1087 1152 1125 noc‘tu
1182 1087 1224 1125 in
1253 1086 1436 1126 cubiculo
1467 1086 1535 1126 suo
1566 1087 1696 1140 Scipio
1729 1088 1767 1126 vi

358 1151 568 1205 oppreffus,
599 1166 686 1191 vere
719 1152 936 1198 diceretur,
982 1152 1022 1190 id
1054 1153 1161 1190 enim
1188 1152 1270 1191 fore
1303 1153 1507 1198 diceretur,
1543 1154 1649 1206 quod
1678 1153 1768 1192 effet

359 1217 540 1258 futurum
555 1237 568 1264 3
599 1218 780 1257 futurum
799 1228 930 1258 autem
949 1217 1074 1263 fuiffe,
1095 1231 1143 1257 ex
1163 1232 1222 1263 eo,
1253 1220 1345 1271 quia
1363 1219 1511 1258 factum
1533 1220 1599 1264 est,
1620 1221 1767 1259 intelli-

358 1284 399 1338 gi
420 1286 548 1324 debet.
591 1285 678 1324 Nec
698 1285 820 1339 magis
841 1294 919 1324 erat
938 1297 1087 1330 verum,
1119 1284 1314 1323 Morietur
1345 1286 1487 1339 Scipio,
1519 1299 1639 1338 quam
1670 1287 1769 1326 Mo-

359 1351 480 1390 rietur
511 1351 582 1390 illo
613 1351 760 1391 modo:
797 1364 868 1391 nec
902 1351 1032 1390 minus
1067 1349 1212 1389 neceffe
1245 1351 1347 1390 mori
1379 1352 1617 1405 Scipionem,
1650 1366 1769 1405 quam

360 1416 431 1456 illo
463 1417 583 1457 modo
608 1418 742 1457 mori:
784 1430 855 1456 nec
889 1417 1012 1471 magis
1049 1416 1298 1456 immutabile
1331 1430 1379 1457 ex
1412 1431 1502 1456 vero
1535 1418 1576 1456 in
1613 1417 1768 1464 falsum,

361 1482 537 1521 Necatus
567 1483 620 1522 est
653 1484 796 1537 Scipio,
827 1497 960 1537 quam,
997 1483 1216 1523 Necabitur
1243 1483 1398 1537 Scipio:
1441 1497 1526 1530 nec,
1562 1497 1656 1523 cum
1686 1484 1770 1524 haec

361 1547 416 1586 ita
435 1547 522 1594 fint,
551 1547 605 1586 est
636 1548 759 1594 causa,
789 1562 860 1587 cur
879 1549 1074 1602 Epicurus
1094 1548 1221 1588 fatum
1240 1549 1478 1596 extimescat,
1505 1559 1544 1589 et
1562 1550 1609 1589 ab
1630 1551 1770 1590 atomis

362 1623 467 1667 petat
495 1614 730 1667 praefidium,
760 1615 894 1667 easque
928 1615 975 1652 de
1000 1615 1061 1653 via
1094 1615 1271 1660 deducat,
1302 1624 1340 1653 et
1371 1629 1450 1654 uno
1483 1624 1659 1668 tempore
1690 1616 1769 1654 sus-

362 1681 482 1733 cipiat
507 1694 564 1719 res
603 1681 694 1733 duas
714 1679 1005 1726 inenodabile83
1037 1694 1170 1726 unam,
1205 1689 1249 1719 ut
1268 1680 1346 1719 fine
1376 1681 1485 1720 causa
1514 1681 1579 1720 fiat
1606 1682 1769 1736 aliquid,

362 1759 410 1785 ex
430 1759 510 1799 quo
529 1746 676 1791 existet,
708 1755 751 1784 ut
785 1746 832 1784 de
865 1745 991 1785 nihilo
1011 1747 1214 1799 quippiam
1234 1745 1300 1784 fiat
1315 1764 1328 1792 ς
1361 1747 1466 1799 quod
1487 1761 1557 1786 nec
1584 1748 1668 1801 ips1,
1699 1762 1770 1787 nec

361 1812 548 1866 cuiquam
581 1811 738 1866 phyfico
757 1813 909 1865 placet:
942 1812 1115 1857 alteram,
1148 1822 1205 1858 ut,
1240 1826 1335 1851 cum
1369 1813 1447 1852 duo
1477 1814 1674 1852 individua
1703 1828 1771 1868 per

362 1880 591 1920 inanitatem
611 1878 795 1923 ferantur,
826 1878 992 1917 alterum
1019 1892 1040 1916 e
1073 1878 1228 1931 regione
1256 1888 1470 1925 moveatur,
1502 1879 1667 1918 alterum
1702 1881 1770 1919 de-

362 1945 495 1984 clinet.
541 1945 655 1984 Licet
675 1945 782 1983 enim
803 1945 991 1998 Epicuro,
1023 1944 1250 1983 concedenti
1281 1958 1399 1984 omne
1429 1946 1676 1985 enuntiatum
1707 1957 1772 1986 aut

362 2025 498 2051 verum
517 2021 582 2051 aut
601 2011 742 2050 falsum
761 2011 846 2058 effe,
868 2025 945 2051 non
965 2012 1099 2057 vereri,
1122 2025 1169 2050 ne
1189 2012 1321 2051 omnia
1340 2011 1421 2051 fato
1441 2012 1523 2050 fieri
1543 2012 1588 2051 fit
1607 2012 1770 2053 neceffe:

363 2092 443 2118 non
463 2079 570 2117 enim
588 2092 636 2118 ex
656 2079 803 2118 aeternis
835 2079 952 2117 caufis
973 2088 1115 2117 naturae
1135 2078 1350 2118 neceffitate
1371 2079 1616 2119 manantibus
1636 2094 1772 2120 verum

362 2145 489 2191 estid,
520 2145 626 2198 quod
654 2146 709 2183 ita
737 2145 990 2190 enuntiatur;
1024 2144 1234 2183 Descendit
1264 2145 1304 2182 in
1331 2144 1582 2183 Academiam
1604 2147 1771 2185 Carnea-

364 2212 456 2251 des:
489 2225 560 2250 nec
593 2221 724 2250 tamen
755 2212 832 2249 fine
862 2211 1008 2250 causis:
1041 2211 1102 2248 sed
1134 2210 1288 2249 interest
1319 2211 1420 2250 inter
1449 2211 1575 2250 causas
1610 2210 1774 2252 fortuito

363 2277 602 2332 antegreffas,
632 2288 670 2316 et
703 2278 802 2316 inter
832 2276 956 2316 causas
989 2275 1213 2316 cohibentes
1244 2277 1285 2315 in
1311 2276 1346 2315 se
1377 2277 1626 2317 efficientiam
1656 2288 1772 2318 natu-

367 2345 498 2384 ralem.
549 2346 607 2384 Ita
640 2354 679 2383 et
710 2345 855 2398 semper
888 2357 1024 2383 verum
1059 2343 1150 2390 fuit,
1196 2343 1393 2382 Morietur
1427 2344 1637 2397 Epicurus,
1679 2359 1773 2385 cum

369 2409 445 2448 duo
477 2419 515 2449 et
548 2411 787 2465 septuaginta
817 2424 935 2450 annos
968 2411 1120 2455 vixerit,
1151 2409 1352 2449 Archonte
1385 2409 1609 2457 Pitharat03
1649 2424 1775 2463 neque

369 2485 499 2514 tamen
531 2488 637 2517 erant
666 2478 784 2517 causae
813 2477 961 2524 fatales,
992 2491 1060 2516 cur
1080 2477 1132 2515 ita
1152 2477 1367 2516 accideret:
1400 2477 1461 2515 sed
1487 2478 1592 2530 quod
1622 2478 1675 2515 ita
1707 2490 1772 2515 ce-

370 2541 531 2586 cidiss‘et,
562 2553 664 2581 certe
683 2545 874 2593 casurum,
905 2545 1000 2585 ficut
1031 2544 1185 2591 cecidit,
1216 2542 1306 2583 fuit.
1366 2544 1452 2583 Nec
1474 2544 1517 2589 ii,
1553 2544 1620 2597 qui
1641 2543 1774 2581 dicunt

471 2609 509 2647 T
525 2622 548 2648 0
565 2621 616 2648 M.
649 2610 724 2650 111.
1434 2610 1471 2646 0
