2223 3003
802 173 1316 213 PARADoxA.
1683 177 1758 229 369

364 286 505 319 rerum,
527 283 641 326 atque
661 274 891 313 abundantia
903 293 914 320 ς
938 287 1055 328 quarn
1076 284 1118 314 tu
1133 274 1318 328 quoniam
1338 287 1538 328 nunquam
1560 275 1758 328 assequere,

365 353 565 392 nunquam
585 340 747 379 omnino
767 354 804 379 es
824 339 978 380 futurus
999 342 1117 380 dives.
1139 342 1274 380 Meam
1293 349 1421 380 autem
1437 342 1622 394 quoniam
1642 354 1759 393 pecu-

365 405 469 443 niam
490 407 723 449 contemnis,
755 416 792 444 et
812 408 923 451 recte,
958 407 1029 458 (est
1047 408 1152 446 enim
1173 407 1219 445 ad
1242 406 1348 459 vulgi
1367 407 1590 461 opinionem
1611 407 1760 445 medio-

365 471 464 516 cris;
496 472 542 510 ad
563 481 682 517 tuam,
704 472 833 517 nulla3
865 473 911 510 ad
933 486 1074 518 meam,
1104 474 1256 512 modica
1273 474 1305 524 ;)
1337 474 1382 511 de
1404 487 1466 513 me
1486 473 1625 512 filebo:
1657 473 1704 511 de
1724 486 1763 511 rc

365 536 514 589 loquar.
539 538 577 575 Si
598 537 779 576 censenda
794 538 919 582 nobis,
937 547 1050 591 atque
1069 538 1286 577 aestimanda
1305 553 1360 577 res
1381 540 1438 584 fit,
1457 549 1588 579 utrum
1609 539 1763 579 tandem

366 603 487 655 pluris
521 603 750 642 aestimemus
786 604 990 655 pecuniam
1023 603 1174 654 Pyrrhi,
1208 618 1325 656 quam
1357 607 1534 644 Fabricio
1560 606 1686 652 dabat,
1716 620 1763 644 an

366 669 644 707 continentiam
665 669 848 714 Fabricii,
880 669 947 721 qui
978 669 1086 706 illam
1119 670 1321 722 pecuniam
1348 671 1600 723 repudiabat?
1632 682 1765 711 utrum

367 747 504 772 aurum
540 733 773 779 Samnitum,
811 747 858 772 an
899 734 1118 787 responsum
1155 735 1230 773 M’.
1265 735 1403 773 Curii?
1434 735 1694 776 haereditatem
1715 739 1763 777 L.

368 800 491 844 Pauli,
513 814 558 838 an
580 799 849 839 liberalitatem
866 799 1055 846 Africani,
1074 801 1142 854 qui
1162 802 1241 853 ejus
1262 800 1491 840 haereditatis
1513 804 1766 855 QMaximo

367 864 474 902 fratri
504 875 651 918 partem
673 865 777 904 suam
809 866 988 905 conceffit
1008 867 1020 903 ?
1053 868 1150 905 Haec
1170 866 1354 920 profesto,
1382 881 1466 920 quae
1487 868 1573 907 sunt
1593 868 1765 908 summa-

367 944 454 969 rum
473 933 676 977 virtutum,
702 933 820 985 pluris
837 932 1054 971 aestimanda
1075 933 1174 978 sunt,
1196 947 1313 986 quam
1333 933 1412 978 illa,
1435 948 1520 986 quae
1540 934 1626 973 sunt
1646 949 1764 988 pecu-

367 998 452 1036 niae.
520 998 577 1037 uis
598 999 717 1051 igitur
739 999 783 1051 (fi
805 999 979 1051 quidem,
1008 1009 1050 1037 ut
1070 999 1244 1052 quisque,
1266 1000 1371 1052 quod
1391 1000 1548 1053 plurimi
1570 1001 1628 1046 fit,
1650 1002 1767 1054 possi·

368 1063 466 1108 deat,
489 1065 540 1102 ita
560 1064 802 1103 divitiflimus
824 1064 1022 1104 habendus
1045 1065 1105 1118 fit)
1128 1065 1294 1110 dubitet,
1327 1065 1422 1118 quin
1442 1066 1483 1103 in
1503 1067 1645 1105 virtute
1665 1067 1766 1106 divi-

369 1131 430 1168 tiae
450 1131 549 1169 fint?
573 1131 758 1184 quoniam
779 1132 885 1171 nulla
902 1132 1085 1186 poffeffio,
1108 1133 1214 1171 nulla
1233 1133 1289 1171 vis
1310 1133 1389 1171 auri
1410 1142 1447 1171 et
1467 1134 1612 1187 argenti
1632 1134 1766 1188 pluris,

368 1210 486 1249 quarn
506 1199 642 1244 virtus,
664 1198 881 1238 aestimanda
899 1200 965 1238 est.

422 1264 496 1302 ΙΙΙ.
530 1265 567 1302 O
590 1264 660 1302 Dii
680 1264 917 1303 immortales
938 1265 944 1301 !
968 1278 1045 1304 non
1065 1265 1289 1319 intelligunt
1306 1264 1498 1311 homines,
1519 1280 1637 1319 quam
1656 1280 1767 1320 mag-

369 1342 464 1368 num
486 1330 646 1383 vectigal
677 1331 722 1369 fit
741 1331 982 1384 parfimonia.
1030 1332 1155 1370 Venio
1175 1332 1281 1370 enim
1307 1333 1391 1384 jam
1425 1333 1472 1370 ad
1502 1333 1768 1386 sumptuosos;

365 1395 545 1449 relinquo
565 1397 680 1435 istum
700 1397 970 1450 quaestuosum.
1005 1398 1120 1451 Capit
1149 1397 1215 1436 ille
1244 1411 1291 1436 ex
1311 1397 1385 1437 suis
1416 1398 1566 1451 praediis
1598 1398 1771 1438 sexcenta

369 1461 558 1507 sestertia3
590 1477 662 1515 ego
682 1473 842 1502 centena
861 1477 909 1502 ex
929 1464 1049 1502 meis:
1081 1464 1140 1502 illi
1160 1473 1287 1502 aurata
1307 1466 1402 1502 tecta
1421 1465 1462 1502 in
1491 1465 1607 1510 villis,
1639 1475 1677 1503 et
1696 1465 1772 1504 sola

369 1541 581 1566 marmorea
613 1527 785 1573 facienti,
815 1538 854 1567 et
885 1529 1000 1581 figna,
1045 1529 1206 1574 tabulas,
1242 1530 1532 1583 supellectilem,
1563 1540 1600 1569 et
1629 1532 1772 1571 vestem

369 1594 520 1632 infinite
539 1594 841 1647 concupiscenti,
872 1609 950 1633 non
978 1595 1094 1633 modo
1125 1596 1171 1633 ad
1190 1594 1362 1634 fructum
1396 1596 1461 1634 illc
1495 1596 1547 1634 est
1580 1597 1769 1650 sumptus,

372 1660 434 1699 sed
455 1662 571 1699 etiam
591 1661 637 1699 ad
658 1660 800 1706 foenus,
831 1663 1007 1715 exiguus.
1051 1662 1112 1700 Ex
1133 1675 1220 1700 meo
1246 1663 1352 1700 tenui
1378 1663 1567 1716 vectigali,
1595 1664 1771 1703 detraffis

370 1726 589 1780 sumptibus
609 1727 846 1780 cupiditatis,
867 1728 1015 1780 aliquid
1034 1728 1150 1766 etiam
1182 1728 1421 1767 redundabit.
1466 1731 1563 1767 Uter
1582 1729 1701 1782 igitur
1720 1730 1773 1768 est

372 1793 542 1838 divitior,
572 1793 636 1831 cui
656 1793 769 1839 deest,
801 1807 847 1831 an
868 1794 932 1831 cui
952 1793 1131 1846 superat?
1163 1795 1231 1846 qui
1262 1802 1362 1847 eget,
1393 1808 1440 1832 an
1472 1795 1540 1847 qui
1571 1795 1770 1833 abundat?

371 1860 480 1911 cujus
504 1858 673 1912 poffeffio
703 1872 782 1912 quo
801 1859 853 1897 est
873 1860 1007 1911 major,
1038 1873 1083 1897 eo
1108 1859 1196 1912 plus
1227 1860 1388 1912 requirit
1418 1860 1465 1898 ad
1495 1861 1529 1898 se
1560 1862 1741 1899 tuendam
1757 1880 1770 1906 ς

371 1938 416 1963 an
449 1938 533 1977 quae
564 1925 638 1963 suis
660 1925 696 1963 se
727 1926 872 1964 viribus
903 1925 1089 1963 sustinet?
1121 1925 1192 1963 Sed
1226 1926 1322 1978 quid
1351 1939 1423 1978 ego
1451 1926 1498 1964 de
1527 1940 1591 1964 me
1618 1926 1771 1979 loquor,

372 1992 455 2045 qui,
475 2005 630 2031 morum
651 2005 694 2030 ac
715 2002 937 2045 temporum
966 1993 1077 2037 vitio,
1109 1993 1352 2045 aliquantum
1382 1993 1498 2031 etiam
1527 1993 1606 2046 ipse
1625 1993 1775 2032 fortafl‘e

372 2058 413 2095 in
443 2058 560 2111 hujus
596 2059 712 2097 seculi
739 2072 861 2098 errore
881 2058 1028 2097 verser?
1061 2059 1136 2097 M'.
1159 2059 1348 2097 Manilius
1373 2068 1528 2111 patrum
1559 2060 1774 2098 nostrorum

372 2125 562 2163 memoria
598 2126 673 2175 (ne
704 2125 849 2178 semper
884 2125 1023 2164 Curios
1062 2133 1099 2162 et
1132 2125 1318 2162 Luscinos
1362 2125 1594 2177 loquamur)
1630 2139 1775 2179 pauper

375 2190 527 2228 tandem
549 2188 638 2227 fuit.
671 2190 823 2227 Habuit
856 2191 962 2227 enim
995 2189 1171 2227 aediculas
1201 2189 1241 2227 in
1275 2189 1438 2235 Carinis,
1470 2200 1506 2228 et
1537 2189 1704 2229 fundum
1734 2193 1775 2230 in

373 2255 583 2295 Labicano.
630 2255 716 2292 Nos
748 2254 867 2307 igitur
897 2253 1108 2298 divitiores,
1140 2253 1207 2306 qui
1234 2254 1343 2306 plura
1362 2253 1578 2294 habemus?
1610 2256 1772 2295 Utinam

373 2321 535 2374 quidem
554 2321 561 2357 !
595 2320 655 2359 sed
676 2333 752 2358 non
774 2319 1021 2358 aestimatione
1052 2318 1198 2365 census,
1230 2333 1363 2358 verum
1384 2321 1488 2359 viCtu
1506 2332 1620 2374 atque
1650 2323 1774 2368 cultu,

375 2388 602 2426 terminatur
626 2387 797 2440 pecuniae
833 2385 986 2424 modus.
1033 2385 1127 2424 Non
1158 2384 1228 2424 effe
1262 2386 1465 2440 cupidum,
1495 2388 1658 2440 pecunia
1690 2389 1773 2427 est:

376 2465 455 2490 non
475 2452 546 2491 esse
566 2466 754 2498 emacem,
791 2451 950 2506 vectigal
982 2451 1034 2490 est
1053 2466 1061 2489 :
1093 2461 1321 2492 contentum
1342 2466 1431 2491 vero
1451 2453 1525 2492 suis
1557 2454 1668 2493 rebus
1690 2453 1774 2500 esse,

481 2520 518 2557 T
533 2533 557 2558 o
575 2532 626 2559 M.
660 2520 733 2558 ΙΙΙ.
1361 2520 1397 2557 A
1418 2532 1437 2557 a
1457 2533 1476 2557 a
