<?xml version="1.0" encoding="UTF-8"?>
<!DOCTYPE html PUBLIC "-//W3C//DTD XHTML 1.0 Transitional//EN"
    "http://www.w3.org/TR/xhtml1/DTD/xhtml1-transitional.dtd">
<html xmlns="http://www.w3.org/1999/xhtml" xml:lang="en" lang="en">
 <head>
  <title>
</title>
<meta http-equiv="Content-Type" content="text/html;charset=utf-8" />
  <meta name='ocr-system' content='tesseract 3.04.00' />
  <meta name='ocr-capabilities' content='ocr_page ocr_carea ocr_par ocr_line ocrx_word'/>
</head>
<body>
  <div class='ocr_page' id='page_1' title='image "./operacumindicibu03ciceuoft_0204.png"; bbox 0 0 2223 3003; ppageno 0'>
   <div class='ocr_carea' id='block_1_1' title="bbox 408 237 1410 296">
    <p class='ocr_par' dir='ltr' id='par_1_1' title="bbox 408 237 1410 296">
     <span class='ocr_line' id='line_1_1' title="bbox 408 237 1410 296; baseline -0.003 -17"><span class='ocrx_word' id='word_1_1' title='bbox 408 243 484 296; x_wconf 83' lang='lat'>198</span> <span class='ocrx_word' id='word_1_2' title='bbox 804 237 910 278; x_wconf 92' lang='lat' dir='ltr'>DE</span> <span class='ocrx_word' id='word_1_3' title='bbox 981 237 1410 276; x_wconf 90' lang='lat' dir='ltr'>OFFICIIS</span> 
     </span>
    </p>
   </div>
   <div class='ocr_carea' id='block_1_2' title="bbox 402 334 1822 2654">
    <p class='ocr_par' dir='ltr' id='par_1_2' title="bbox 403 334 1813 924">
     <span class='ocr_line' id='line_1_2' title="bbox 404 334 1808 396; baseline -0.004 -13"><span class='ocrx_word' id='word_1_4' title='bbox 404 353 458 389; x_wconf 89' lang='lat' dir='ltr'>et,</span> <span class='ocrx_word' id='word_1_5' title='bbox 480 356 597 396; x_wconf 88' lang='lat' dir='ltr'>quam</span> <span class='ocrx_word' id='word_1_6' title='bbox 617 341 711 393; x_wconf 83' lang='lat' dir='ltr'>saepe</span> <span class='ocrx_word' id='word_1_7' title='bbox 731 339 832 383; x_wconf 91' lang='lat' dir='ltr'>dico,</span> <span class='ocrx_word' id='word_1_8' title='bbox 865 336 1123 389; x_wconf 86' lang='lat' dir='ltr'>tranquillitas</span> <span class='ocrx_word' id='word_1_9' title='bbox 1145 335 1282 380; x_wconf 88' lang='lat' dir='ltr'>animi,</span> <span class='ocrx_word' id='word_1_10' title='bbox 1301 343 1415 388; x_wconf 91' lang='lat' dir='ltr'>atque</span> <span class='ocrx_word' id='word_1_11' title='bbox 1435 334 1638 374; x_wconf 84' lang='lat' dir='ltr'>securitas:</span> <span class='ocrx_word' id='word_1_12' title='bbox 1670 335 1697 375; x_wconf 90' lang='lat' dir='ltr'><strong>fi</strong></span> <span class='ocrx_word' id='word_1_13' title='bbox 1718 338 1808 389; x_wconf 87' lang='lat' dir='ltr'>qui-</span> 
     </span>
     <span class='ocr_line' id='line_1_3' title="bbox 405 402 1811 456; baseline -0.005 -7"><span class='ocrx_word' id='word_1_14' title='bbox 405 411 496 449; x_wconf 89' lang='lat' dir='ltr'>dem</span> <span class='ocrx_word' id='word_1_15' title='bbox 527 423 598 448; x_wconf 89' lang='lat' dir='ltr'>nec</span> <span class='ocrx_word' id='word_1_16' title='bbox 628 407 733 444; x_wconf 90' lang='lat' dir='ltr'>anxii</span> <span class='ocrx_word' id='word_1_17' title='bbox 766 404 890 443; x_wconf 87' lang='lat' dir='ltr'>futuri</span> <span class='ocrx_word' id='word_1_18' title='bbox 911 403 1011 448; x_wconf 91' lang='lat' dir='ltr'>sunt,</span> <span class='ocrx_word' id='word_1_19' title='bbox 1042 411 1082 441; x_wconf 92' lang='lat' dir='ltr'>et</span> <span class='ocrx_word' id='word_1_20' title='bbox 1100 416 1193 441; x_wconf 91' lang='lat' dir='ltr'>cum</span> <span class='ocrx_word' id='word_1_21' title='bbox 1213 403 1397 456; x_wconf 86' lang='lat' dir='ltr'>gravitate</span> <span class='ocrx_word' id='word_1_22' title='bbox 1417 402 1702 456; x_wconf 87' lang='lat' dir='ltr'>constantiaque</span> <span class='ocrx_word' id='word_1_23' title='bbox 1725 403 1811 442; x_wconf 91' lang='lat' dir='ltr'>vic-</span> 
     </span>
     <span class='ocr_line' id='line_1_4' title="bbox 404 468 1812 525; baseline -0.005 -10"><span class='ocrx_word' id='word_1_24' title='bbox 404 477 496 515; x_wconf 86' lang='lat' dir='ltr'>turi.</span> <span class='ocrx_word' id='word_1_25' title='bbox 529 476 627 525; x_wconf 78' lang='lat' dir='ltr'>Qae</span> <span class='ocrx_word' id='word_1_26' title='bbox 647 486 693 510; x_wconf 92' lang='lat' dir='ltr'>eo</span> <span class='ocrx_word' id='word_1_27' title='bbox 711 470 883 509; x_wconf 86' lang='lat' dir='ltr'>faciliora</span> <span class='ocrx_word' id='word_1_28' title='bbox 902 470 990 508; x_wconf 91' lang='lat' dir='ltr'>sunt</span> <span class='ocrx_word' id='word_1_29' title='bbox 1006 468 1262 523; x_wconf 90' lang='lat' dir='ltr'>philosophis,</span> <span class='ocrx_word' id='word_1_30' title='bbox 1285 483 1364 522; x_wconf 90' lang='lat' dir='ltr'>quo</span> <span class='ocrx_word' id='word_1_31' title='bbox 1384 470 1516 508; x_wconf 88' lang='lat' dir='ltr'>minus</span> <span class='ocrx_word' id='word_1_32' title='bbox 1535 470 1661 508; x_wconf 90' lang='lat' dir='ltr'>multa</span> <span class='ocrx_word' id='word_1_33' title='bbox 1679 478 1812 523; x_wconf 87' lang='lat' dir='ltr'>patent</span> 
     </span>
     <span class='ocr_line' id='line_1_5' title="bbox 404 536 1810 591; baseline -0.004 -10"><span class='ocrx_word' id='word_1_34' title='bbox 404 545 444 582; x_wconf 93' lang='lat' dir='ltr'>in</span> <span class='ocrx_word' id='word_1_35' title='bbox 475 554 609 580; x_wconf 90' lang='lat' dir='ltr'>eorum</span> <span class='ocrx_word' id='word_1_36' title='bbox 643 539 736 584; x_wconf 84' lang='lat' dir='ltr'>vita,</span> <span class='ocrx_word' id='word_1_37' title='bbox 767 552 852 591; x_wconf 84' lang='lat' dir='ltr'>quae</span> <span class='ocrx_word' id='word_1_38' title='bbox 872 536 1029 576; x_wconf 87' lang='lat' dir='ltr'>fortuna</span> <span class='ocrx_word' id='word_1_39' title='bbox 1047 536 1171 581; x_wconf 81' lang='lat' dir='ltr'>feriat,</span> <span class='ocrx_word' id='word_1_40' title='bbox 1208 546 1246 575; x_wconf 90' lang='lat' dir='ltr'>et</span> <span class='ocrx_word' id='word_1_41' title='bbox 1275 550 1354 590; x_wconf 91' lang='lat' dir='ltr'>quo</span> <span class='ocrx_word' id='word_1_42' title='bbox 1380 537 1510 576; x_wconf 85' lang='lat' dir='ltr'>minus</span> <span class='ocrx_word' id='word_1_43' title='bbox 1538 537 1674 576; x_wconf 88' lang='lat' dir='ltr'>multis</span> <span class='ocrx_word' id='word_1_44' title='bbox 1697 537 1810 576; x_wconf 88' lang='lat' dir='ltr'>rebus</span> 
     </span>
     <span class='ocr_line' id='line_1_6' title="bbox 404 603 1811 661; baseline -0.004 -14"><span class='ocrx_word' id='word_1_45' title='bbox 404 617 519 661; x_wconf 81' lang='lat' dir='ltr'>egent</span> <span class='ocrx_word' id='word_1_46' title='bbox 536 626 548 652; x_wconf 85' lang='lat'>;</span> <span class='ocrx_word' id='word_1_47' title='bbox 580 616 620 645; x_wconf 90' lang='lat' dir='ltr'>et</span> <span class='ocrx_word' id='word_1_48' title='bbox 639 606 741 659; x_wconf 86' lang='lat' dir='ltr'>quia,</span> <span class='ocrx_word' id='word_1_49' title='bbox 772 605 798 643; x_wconf 89' lang='lat' dir='ltr'>fi</span> <span class='ocrx_word' id='word_1_50' title='bbox 817 604 913 658; x_wconf 89' lang='lat' dir='ltr'>quid</span> <span class='ocrx_word' id='word_1_51' title='bbox 933 604 1072 642; x_wconf 74' lang='lat' dir='ltr'>adversi</span> <span class='ocrx_word' id='word_1_52' title='bbox 1091 604 1254 649; x_wconf 86' lang='lat' dir='ltr'>eveniat,</span> <span class='ocrx_word' id='word_1_53' title='bbox 1287 612 1366 642; x_wconf 87' lang='lat' dir='ltr'>tarn</span> <span class='ocrx_word' id='word_1_54' title='bbox 1386 605 1550 657; x_wconf 89' lang='lat' dir='ltr'>graviter</span> <span class='ocrx_word' id='word_1_55' title='bbox 1582 603 1714 642; x_wconf 88' lang='lat' dir='ltr'>cadere</span> <span class='ocrx_word' id='word_1_56' title='bbox 1733 615 1811 642; x_wconf 88' lang='lat' dir='ltr'>non</span> 
     </span>
     <span class='ocr_line' id='line_1_7' title="bbox 403 671 1811 729; baseline -0.004 -16"><span class='ocrx_word' id='word_1_57' title='bbox 403 675 571 729; x_wconf 79' lang='lat' dir='ltr'>possunt.</span> <span class='ocrx_word' id='word_1_58' title='bbox 604 672 798 725; x_wconf 84' lang='lat' dir='ltr'>roirca</span> <span class='ocrx_word' id='word_1_59' title='bbox 817 685 897 714; x_wconf 86' lang='lat' dir='ltr'>non</span> <span class='ocrx_word' id='word_1_60' title='bbox 917 671 993 710; x_wconf 87' lang='lat' dir='ltr'>fine</span> <span class='ocrx_word' id='word_1_61' title='bbox 1012 671 1121 709; x_wconf 84' lang='lat' dir='ltr'>causa</span> <span class='ocrx_word' id='word_1_62' title='bbox 1140 672 1301 723; x_wconf 85' lang='lat' dir='ltr'>majores</span> <span class='ocrx_word' id='word_1_63' title='bbox 1322 680 1452 710; x_wconf 87' lang='lat' dir='ltr'>motus</span> <span class='ocrx_word' id='word_1_64' title='bbox 1473 671 1695 710; x_wconf 89' lang='lat' dir='ltr'>animorum</span> <span class='ocrx_word' id='word_1_65' title='bbox 1714 683 1811 709; x_wconf 85' lang='lat' dir='ltr'>con-</span> 
     </span>
     <span class='ocr_line' id='line_1_8' title="bbox 404 737 1813 792; baseline -0.004 -12"><span class='ocrx_word' id='word_1_66' title='bbox 404 742 586 786; x_wconf 84' lang='lat' dir='ltr'>citantur,</span> <span class='ocrx_word' id='word_1_67' title='bbox 622 740 840 792; x_wconf 84' lang='lat' dir='ltr'>majoraque</span> <span class='ocrx_word' id='word_1_68' title='bbox 870 738 1071 776; x_wconf 85' lang='lat' dir='ltr'>efficienda</span> <span class='ocrx_word' id='word_1_69' title='bbox 1101 737 1384 791; x_wconf 87' lang='lat' dir='ltr'>rempublicam</span> <span class='ocrx_word' id='word_1_70' title='bbox 1414 737 1652 791; x_wconf 87' lang='lat' dir='ltr'>gerentibus,</span> <span class='ocrx_word' id='word_1_71' title='bbox 1693 750 1813 790; x_wconf 90' lang='lat' dir='ltr'>quam</span> 
     </span>
     <span class='ocr_line' id='line_1_9' title="bbox 405 803 1811 860; baseline -0.004 -14"><span class='ocrx_word' id='word_1_72' title='bbox 405 807 548 860; x_wconf 89' lang='lat' dir='ltr'>quietis</span> <span class='ocrx_word' id='word_1_73' title='bbox 565 825 577 852; x_wconf 86' lang='lat'>;</span> <span class='ocrx_word' id='word_1_74' title='bbox 599 819 678 859; x_wconf 91' lang='lat' dir='ltr'>quo</span> <span class='ocrx_word' id='word_1_75' title='bbox 698 805 820 857; x_wconf 85' lang='lat' dir='ltr'>magis</span> <span class='ocrx_word' id='word_1_76' title='bbox 838 803 899 842; x_wconf 91' lang='lat' dir='ltr'>his</span> <span class='ocrx_word' id='word_1_77' title='bbox 919 812 957 842; x_wconf 89' lang='lat' dir='ltr'>et</span> <span class='ocrx_word' id='word_1_78' title='bbox 976 803 1206 856; x_wconf 86' lang='lat' dir='ltr'>magnitudo</span> <span class='ocrx_word' id='word_1_79' title='bbox 1225 803 1346 842; x_wconf 86' lang='lat' dir='ltr'>animi</span> <span class='ocrx_word' id='word_1_80' title='bbox 1367 804 1420 843; x_wconf 91' lang='lat' dir='ltr'>est</span> <span class='ocrx_word' id='word_1_81' title='bbox 1438 803 1667 849; x_wconf 86' lang='lat' dir='ltr'>adhibenda,</span> <span class='ocrx_word' id='word_1_82' title='bbox 1688 812 1727 841; x_wconf 93' lang='lat' dir='ltr'>et</span> <span class='ocrx_word' id='word_1_83' title='bbox 1744 815 1811 841; x_wconf 91' lang='lat' dir='ltr'>va-</span> 
     </span>
     <span class='ocr_line' id='line_1_10' title="bbox 403 868 1377 924; baseline -0.01 -12"><span class='ocrx_word' id='word_1_84' title='bbox 403 874 526 912; x_wconf 88' lang='lat' dir='ltr'>cuitas</span> <span class='ocrx_word' id='word_1_85' title='bbox 543 873 589 911; x_wconf 91' lang='lat' dir='ltr'>ab</span> <span class='ocrx_word' id='word_1_86' title='bbox 606 870 826 924; x_wconf 84' lang='lat' dir='ltr'>angoribus.</span> <span class='ocrx_word' id='word_1_87' title='bbox 1371 868 1377 871; x_wconf 58' lang='lat'><strong>⁴</strong></span> 
     </span>
    </p>

    <p class='ocr_par' dir='ltr' id='par_1_3' title="bbox 404 935 1815 1323">
     <span class='ocr_line' id='line_1_11' title="bbox 460 935 1814 989; baseline -0.003 -12"><span class='ocrx_word' id='word_1_88' title='bbox 460 939 524 977; x_wconf 90' lang='lat' dir='ltr'>Ad</span> <span class='ocrx_word' id='word_1_89' title='bbox 558 951 640 976; x_wconf 89' lang='lat' dir='ltr'>rem</span> <span class='ocrx_word' id='word_1_90' title='bbox 670 935 878 989; x_wconf 89' lang='lat' dir='ltr'>gerendam</span> <span class='ocrx_word' id='word_1_91' title='bbox 911 943 1042 974; x_wconf 89' lang='lat' dir='ltr'>autem</span> <span class='ocrx_word' id='word_1_92' title='bbox 1073 935 1142 988; x_wconf 88' lang='lat' dir='ltr'>qui</span> <span class='ocrx_word' id='word_1_93' title='bbox 1176 935 1338 981; x_wconf 85' lang='lat' dir='ltr'>accedit,</span> <span class='ocrx_word' id='word_1_94' title='bbox 1373 944 1516 982; x_wconf 90' lang='lat' dir='ltr'>caveat,</span> <span class='ocrx_word' id='word_1_95' title='bbox 1553 948 1600 974; x_wconf 91' lang='lat' dir='ltr'>ne</span> <span class='ocrx_word' id='word_1_96' title='bbox 1634 935 1675 973; x_wconf 90' lang='lat' dir='ltr'>id</span> <span class='ocrx_word' id='word_1_97' title='bbox 1695 935 1814 974; x_wconf 90' lang='lat' dir='ltr'>modo</span> 
     </span>
     <span class='ocr_line' id='line_1_12' title="bbox 404 1000 1814 1055; baseline -0.002 -12"><span class='ocrx_word' id='word_1_98' title='bbox 404 1005 628 1049; x_wconf 84' lang='lat' dir='ltr'>confideret,</span> <span class='ocrx_word' id='word_1_99' title='bbox 660 1001 780 1055; x_wconf 70' lang='lat' dir='ltr'>quam</span> <span class='ocrx_word' id='word_1_100' title='bbox 799 1002 865 1041; x_wconf 86' lang='lat' dir='ltr'>illa</span> <span class='ocrx_word' id='word_1_101' title='bbox 886 1015 941 1040; x_wconf 90' lang='lat' dir='ltr'>res</span> <span class='ocrx_word' id='word_1_102' title='bbox 972 1000 1129 1040; x_wconf 87' lang='lat' dir='ltr'>honesta</span> <span class='ocrx_word' id='word_1_103' title='bbox 1148 1001 1193 1040; x_wconf 85' lang='lat' dir='ltr'>fit</span> <span class='ocrx_word' id='word_1_104' title='bbox 1210 1020 1221 1046; x_wconf 70' lang='grc' dir='ltr'><strong><em>ς</em></strong></span> <span class='ocrx_word' id='word_1_105' title='bbox 1254 1001 1316 1040; x_wconf 91' lang='lat' dir='ltr'>sed</span> <span class='ocrx_word' id='word_1_106' title='bbox 1335 1002 1467 1048; x_wconf 89' lang='lat' dir='ltr'>etiam,</span> <span class='ocrx_word' id='word_1_107' title='bbox 1503 1011 1548 1041; x_wconf 93' lang='lat' dir='ltr'>ut</span> <span class='ocrx_word' id='word_1_108' title='bbox 1572 1001 1711 1040; x_wconf 87' lang='lat' dir='ltr'>habeat</span> <span class='ocrx_word' id='word_1_109' title='bbox 1727 1001 1814 1040; x_wconf 88' lang='lat' dir='ltr'>effi-</span> 
     </span>
     <span class='ocr_line' id='line_1_13' title="bbox 404 1068 1815 1122; baseline -0.003 -12"><span class='ocrx_word' id='word_1_110' title='bbox 404 1072 531 1110; x_wconf 89' lang='lat' dir='ltr'>ciendi</span> <span class='ocrx_word' id='word_1_111' title='bbox 549 1069 789 1110; x_wconf 79' lang='lat' dir='ltr'>facultatem.</span> <span class='ocrx_word' id='word_1_112' title='bbox 821 1070 867 1108; x_wconf 91' lang='lat' dir='ltr'>In</span> <span class='ocrx_word' id='word_1_113' title='bbox 889 1081 969 1122; x_wconf 92' lang='lat' dir='ltr'>quo</span> <span class='ocrx_word' id='word_1_114' title='bbox 988 1069 1068 1122; x_wconf 90' lang='lat' dir='ltr'>ipso</span> <span class='ocrx_word' id='word_1_115' title='bbox 1087 1068 1404 1107; x_wconf 85' lang='lat' dir='ltr'>confiderandum</span> <span class='ocrx_word' id='word_1_116' title='bbox 1424 1069 1490 1114; x_wconf 88' lang='lat' dir='ltr'>est,</span> <span class='ocrx_word' id='word_1_117' title='bbox 1518 1082 1567 1107; x_wconf 89' lang='lat' dir='ltr'>ne</span> <span class='ocrx_word' id='word_1_118' title='bbox 1586 1078 1652 1106; x_wconf 92' lang='lat' dir='ltr'>aut</span> <span class='ocrx_word' id='word_1_119' title='bbox 1672 1077 1815 1107; x_wconf 89' lang='lat' dir='ltr'>temere</span> 
     </span>
     <span class='ocr_line' id='line_1_14' title="bbox 405 1135 1814 1192; baseline -0.002 -15"><span class='ocrx_word' id='word_1_120' title='bbox 405 1139 588 1192; x_wconf 83' lang='lat' dir='ltr'>desperet,</span> <span class='ocrx_word' id='word_1_121' title='bbox 619 1147 776 1191; x_wconf 88' lang='lat' dir='ltr'>propter</span> <span class='ocrx_word' id='word_1_122' title='bbox 801 1137 1023 1190; x_wconf 83' lang='lat' dir='ltr'>ignaviam;</span> <span class='ocrx_word' id='word_1_123' title='bbox 1055 1146 1122 1175; x_wconf 86' lang='lat' dir='ltr'>aut</span> <span class='ocrx_word' id='word_1_124' title='bbox 1150 1136 1269 1175; x_wconf 88' lang='lat' dir='ltr'>nimis</span> <span class='ocrx_word' id='word_1_125' title='bbox 1301 1135 1484 1181; x_wconf 86' lang='lat' dir='ltr'>confidat,</span> <span class='ocrx_word' id='word_1_126' title='bbox 1517 1144 1674 1189; x_wconf 90' lang='lat' dir='ltr'>propter</span> <span class='ocrx_word' id='word_1_127' title='bbox 1701 1135 1814 1188; x_wconf 89' lang='lat' dir='ltr'>cupi-</span> 
     </span>
     <span class='ocr_line' id='line_1_15' title="bbox 404 1202 1815 1256; baseline -0.001 -13"><span class='ocrx_word' id='word_1_128' title='bbox 404 1205 580 1244; x_wconf 85' lang='lat' dir='ltr'>ditatem.</span> <span class='ocrx_word' id='word_1_129' title='bbox 624 1205 670 1242; x_wconf 89' lang='lat' dir='ltr'>In</span> <span class='ocrx_word' id='word_1_130' title='bbox 701 1203 884 1242; x_wconf 89' lang='lat' dir='ltr'>omnibus</span> <span class='ocrx_word' id='word_1_131' title='bbox 917 1212 1047 1241; x_wconf 90' lang='lat' dir='ltr'>autem</span> <span class='ocrx_word' id='word_1_132' title='bbox 1075 1203 1254 1256; x_wconf 88' lang='lat' dir='ltr'>negotiis,</span> <span class='ocrx_word' id='word_1_133' title='bbox 1285 1203 1405 1256; x_wconf 88' lang='lat' dir='ltr'>prius,</span> <span class='ocrx_word' id='word_1_134' title='bbox 1436 1215 1554 1256; x_wconf 90' lang='lat' dir='ltr'>quam</span> <span class='ocrx_word' id='word_1_135' title='bbox 1583 1202 1815 1256; x_wconf 86' lang='lat' dir='ltr'>aggrediare,</span> 
     </span>
     <span class='ocr_line' id='line_1_16' title="bbox 405 1269 1136 1323; baseline -0.001 -14"><span class='ocrx_word' id='word_1_136' title='bbox 405 1270 622 1309; x_wconf 87' lang='lat' dir='ltr'>adhibenda</span> <span class='ocrx_word' id='word_1_137' title='bbox 641 1269 694 1308; x_wconf 89' lang='lat' dir='ltr'>est</span> <span class='ocrx_word' id='word_1_138' title='bbox 714 1269 936 1323; x_wconf 69' lang='lat' dir='ltr'>praeparatio</span> <span class='ocrx_word' id='word_1_139' title='bbox 956 1269 1136 1322; x_wconf 87' lang='lat' dir='ltr'>diligens.</span> 
     </span>
    </p>

    <p class='ocr_par' dir='ltr' id='par_1_4' title="bbox 402 1333 1821 2385">
     <span class='ocr_line' id='line_1_17' title="bbox 459 1333 1814 1389; baseline -0.002 -13"><span class='ocrx_word' id='word_1_140' title='bbox 459 1338 594 1377; x_wconf 85' lang='lat' dir='ltr'><strong>XXII.</strong></span> <span class='ocrx_word' id='word_1_141' title='bbox 627 1336 713 1382; x_wconf 91' lang='lat' dir='ltr'>Sed,</span> <span class='ocrx_word' id='word_1_142' title='bbox 734 1349 826 1375; x_wconf 91' lang='lat' dir='ltr'>curn</span> <span class='ocrx_word' id='word_1_143' title='bbox 846 1335 1022 1389; x_wconf 89' lang='lat' dir='ltr'>plerique</span> <span class='ocrx_word' id='word_1_144' title='bbox 1038 1336 1270 1374; x_wconf 84' lang='lat' dir='ltr'>arbitrentur</span> <span class='ocrx_word' id='word_1_145' title='bbox 1290 1347 1346 1374; x_wconf 90' lang='lat' dir='ltr'>res</span> <span class='ocrx_word' id='word_1_146' title='bbox 1368 1335 1523 1374; x_wconf 89' lang='lat' dir='ltr'>bellicas</span> <span class='ocrx_word' id='word_1_147' title='bbox 1543 1335 1704 1387; x_wconf 86' lang='lat' dir='ltr'>majores</span> <span class='ocrx_word' id='word_1_148' title='bbox 1729 1333 1814 1380; x_wconf 81' lang='lat' dir='ltr'>effe,</span> 
     </span>
     <span class='ocr_line' id='line_1_18' title="bbox 405 1400 1816 1457; baseline -0.003 -15"><span class='ocrx_word' id='word_1_149' title='bbox 405 1417 525 1457; x_wconf 87' lang='lat' dir='ltr'>quam</span> <span class='ocrx_word' id='word_1_150' title='bbox 547 1403 721 1448; x_wconf 80' lang='lat' dir='ltr'>urbanas,</span> <span class='ocrx_word' id='word_1_151' title='bbox 744 1401 955 1440; x_wconf 85' lang='lat' dir='ltr'>minuenda</span> <span class='ocrx_word' id='word_1_152' title='bbox 974 1401 1026 1440; x_wconf 89' lang='lat' dir='ltr'>est</span> <span class='ocrx_word' id='word_1_153' title='bbox 1046 1400 1128 1440; x_wconf 85' lang='lat' dir='ltr'>haec</span> <span class='ocrx_word' id='word_1_154' title='bbox 1146 1402 1293 1455; x_wconf 88' lang='lat' dir='ltr'>opinio.</span> <span class='ocrx_word' id='word_1_155' title='bbox 1326 1401 1452 1440; x_wconf 93' lang='lat' dir='ltr'>Multi</span> <span class='ocrx_word' id='word_1_156' title='bbox 1472 1402 1578 1440; x_wconf 89' lang='lat' dir='ltr'>enim</span> <span class='ocrx_word' id='word_1_157' title='bbox 1602 1401 1702 1439; x_wconf 90' lang='lat' dir='ltr'>bella</span> <span class='ocrx_word' id='word_1_158' title='bbox 1721 1400 1816 1453; x_wconf 83' lang='lat' dir='ltr'>saepe</span> 
     </span>
     <span class='ocr_line' id='line_1_19' title="bbox 405 1467 1816 1522; baseline -0.004 -14"><span class='ocrx_word' id='word_1_159' title='bbox 405 1470 634 1522; x_wconf 86' lang='lat' dir='ltr'>quaefierunt</span> <span class='ocrx_word' id='word_1_160' title='bbox 653 1478 808 1522; x_wconf 87' lang='lat' dir='ltr'>propter</span> <span class='ocrx_word' id='word_1_161' title='bbox 836 1468 968 1521; x_wconf 86' lang='lat' dir='ltr'>gloriae</span> <span class='ocrx_word' id='word_1_162' title='bbox 987 1467 1267 1521; x_wconf 77' lang='lat' dir='ltr'>cupiditatem3</span> <span class='ocrx_word' id='word_1_163' title='bbox 1298 1477 1414 1521; x_wconf 90' lang='lat' dir='ltr'>atque</span> <span class='ocrx_word' id='word_1_164' title='bbox 1434 1468 1473 1506; x_wconf 89' lang='lat' dir='ltr'>id</span> <span class='ocrx_word' id='word_1_165' title='bbox 1493 1468 1533 1505; x_wconf 91' lang='lat' dir='ltr'>in</span> <span class='ocrx_word' id='word_1_166' title='bbox 1554 1467 1705 1519; x_wconf 88' lang='lat' dir='ltr'>magnis</span> <span class='ocrx_word' id='word_1_167' title='bbox 1731 1467 1816 1503; x_wconf 89' lang='lat' dir='ltr'>ani-</span> 
     </span>
     <span class='ocr_line' id='line_1_20' title="bbox 405 1531 1818 1589; baseline -0.003 -15"><span class='ocrx_word' id='word_1_168' title='bbox 405 1537 482 1575; x_wconf 91' lang='lat' dir='ltr'>mis</span> <span class='ocrx_word' id='word_1_169' title='bbox 514 1535 753 1589; x_wconf 85' lang='lat' dir='ltr'>ingeniisque</span> <span class='ocrx_word' id='word_1_170' title='bbox 785 1535 1017 1588; x_wconf 88' lang='lat' dir='ltr'>plerumque</span> <span class='ocrx_word' id='word_1_171' title='bbox 1036 1534 1256 1587; x_wconf 84' lang='lat' dir='ltr'>contingit;</span> <span class='ocrx_word' id='word_1_172' title='bbox 1289 1547 1411 1586; x_wconf 91' lang='lat' dir='ltr'>eoque</span> <span class='ocrx_word' id='word_1_173' title='bbox 1443 1534 1582 1587; x_wconf 85' lang='lat' dir='ltr'>magis,</span> <span class='ocrx_word' id='word_1_174' title='bbox 1613 1533 1639 1570; x_wconf 86' lang='lat' dir='ltr'><strong>fi</strong></span> <span class='ocrx_word' id='word_1_175' title='bbox 1659 1532 1747 1570; x_wconf 92' lang='lat' dir='ltr'>sunt</span> <span class='ocrx_word' id='word_1_176' title='bbox 1771 1531 1818 1570; x_wconf 87' lang='lat' dir='ltr'>ad</span> 
     </span>
     <span class='ocr_line' id='line_1_21' title="bbox 405 1600 1819 1654; baseline -0.002 -13"><span class='ocrx_word' id='word_1_177' title='bbox 405 1616 489 1641; x_wconf 87' lang='lat' dir='ltr'>rem</span> <span class='ocrx_word' id='word_1_178' title='bbox 508 1603 717 1641; x_wconf 87' lang='lat' dir='ltr'>militarem</span> <span class='ocrx_word' id='word_1_179' title='bbox 738 1602 831 1654; x_wconf 88' lang='lat' dir='ltr'>apti,</span> <span class='ocrx_word' id='word_1_180' title='bbox 849 1610 886 1639; x_wconf 90' lang='lat' dir='ltr'>et</span> <span class='ocrx_word' id='word_1_181' title='bbox 905 1601 1038 1654; x_wconf 84' lang='lat' dir='ltr'>cupidi</span> <span class='ocrx_word' id='word_1_182' title='bbox 1056 1601 1248 1639; x_wconf 90' lang='lat' dir='ltr'>bellorum</span> <span class='ocrx_word' id='word_1_183' title='bbox 1269 1601 1542 1653; x_wconf 90' lang='lat' dir='ltr'>gerendorum.</span> <span class='ocrx_word' id='word_1_184' title='bbox 1574 1600 1674 1638; x_wconf 88' lang='lat' dir='ltr'>Vere</span> <span class='ocrx_word' id='word_1_185' title='bbox 1689 1608 1819 1638; x_wconf 90' lang='lat' dir='ltr'>autem</span> 
     </span>
     <span class='ocr_line' id='line_1_22' title="bbox 406 1662 1818 1721; baseline -0.002 -13"><span class='ocrx_word' id='word_1_186' title='bbox 406 1670 432 1708; x_wconf 80' lang='lat' dir='ltr'>sl</span> <span class='ocrx_word' id='word_1_187' title='bbox 454 1662 635 1708; x_wconf 68' lang='lat' dir='ltr'>voluriius</span> <span class='ocrx_word' id='word_1_188' title='bbox 658 1668 847 1721; x_wconf 88' lang='lat' dir='ltr'>judicare,</span> <span class='ocrx_word' id='word_1_189' title='bbox 879 1667 1013 1706; x_wconf 84' lang='lat' dir='ltr'>multae</span> <span class='ocrx_word' id='word_1_190' title='bbox 1043 1680 1101 1706; x_wconf 91' lang='lat' dir='ltr'>res</span> <span class='ocrx_word' id='word_1_191' title='bbox 1131 1668 1343 1706; x_wconf 84' lang='lat' dir='ltr'>extiterunt</span> <span class='ocrx_word' id='word_1_192' title='bbox 1371 1667 1522 1706; x_wconf 86' lang='lat' dir='ltr'>urbanae</span> <span class='ocrx_word' id='word_1_193' title='bbox 1544 1667 1706 1720; x_wconf 84' lang='lat' dir='ltr'>majores</span> <span class='ocrx_word' id='word_1_194' title='bbox 1736 1666 1818 1705; x_wconf 87' lang='lat' dir='ltr'>cla-</span> 
     </span>
     <span class='ocr_line' id='line_1_23' title="bbox 406 1732 1818 1789; baseline -0.002 -16"><span class='ocrx_word' id='word_1_195' title='bbox 406 1735 610 1789; x_wconf 90' lang='lat' dir='ltr'>rioresque,</span> <span class='ocrx_word' id='word_1_196' title='bbox 633 1747 751 1787; x_wconf 87' lang='lat' dir='ltr'>quam</span> <span class='ocrx_word' id='word_1_197' title='bbox 773 1734 935 1773; x_wconf 87' lang='lat' dir='ltr'>bellicae.</span> <span class='ocrx_word' id='word_1_198' title='bbox 984 1734 1176 1786; x_wconf 84' lang='lat' dir='ltr'>Qamvis</span> <span class='ocrx_word' id='word_1_199' title='bbox 1196 1735 1303 1773; x_wconf 90' lang='lat' dir='ltr'>enirn</span> <span class='ocrx_word' id='word_1_200' title='bbox 1323 1733 1610 1773; x_wconf 89' lang='lat' dir='ltr'>Themistocles</span> <span class='ocrx_word' id='word_1_201' title='bbox 1625 1734 1713 1785; x_wconf 91' lang='lat' dir='ltr'>jure</span> <span class='ocrx_word' id='word_1_202' title='bbox 1733 1732 1818 1770; x_wconf 86' lang='lat' dir='ltr'>lau-</span> 
     </span>
     <span class='ocr_line' id='line_1_24' title="bbox 405 1799 1819 1854; baseline -0.003 -14"><span class='ocrx_word' id='word_1_203' title='bbox 405 1803 531 1847; x_wconf 80' lang='lat' dir='ltr'>detur,</span> <span class='ocrx_word' id='word_1_204' title='bbox 562 1812 601 1840; x_wconf 93' lang='lat' dir='ltr'>et</span> <span class='ocrx_word' id='word_1_205' title='bbox 634 1802 679 1840; x_wconf 86' lang='lat' dir='ltr'>fit</span> <span class='ocrx_word' id='word_1_206' title='bbox 709 1803 790 1854; x_wconf 88' lang='lat' dir='ltr'>ejus</span> <span class='ocrx_word' id='word_1_207' title='bbox 822 1815 981 1846; x_wconf 89' lang='lat' dir='ltr'>nomen,</span> <span class='ocrx_word' id='word_1_208' title='bbox 1013 1815 1131 1853; x_wconf 88' lang='lat' dir='ltr'>quam</span> <span class='ocrx_word' id='word_1_209' title='bbox 1163 1800 1327 1846; x_wconf 88' lang='lat' dir='ltr'>Solonis,</span> <span class='ocrx_word' id='word_1_210' title='bbox 1359 1799 1558 1845; x_wconf 88' lang='lat' dir='ltr'>illustrius,</span> <span class='ocrx_word' id='word_1_211' title='bbox 1601 1799 1819 1851; x_wconf 84' lang='lat' dir='ltr'>citcturque</span> 
     </span>
     <span class='ocr_line' id='line_1_25' title="bbox 407 1865 1820 1918; baseline -0.002 -12"><span class='ocrx_word' id='word_1_212' title='bbox 407 1866 582 1912; x_wconf 82' lang='lat' dir='ltr'>Salamis,</span> <span class='ocrx_word' id='word_1_213' title='bbox 614 1866 826 1904; x_wconf 76' lang='lat' dir='ltr'>clariflimae</span> <span class='ocrx_word' id='word_1_214' title='bbox 847 1867 949 1904; x_wconf 88' lang='lat' dir='ltr'>testis</span> <span class='ocrx_word' id='word_1_215' title='bbox 970 1867 1150 1910; x_wconf 71' lang='lat' dir='ltr'>victoriae,</span> <span class='ocrx_word' id='word_1_216' title='bbox 1182 1880 1266 1917; x_wconf 84' lang='lat' dir='ltr'>quae</span> <span class='ocrx_word' id='word_1_217' title='bbox 1286 1875 1540 1918; x_wconf 83' lang='lat' dir='ltr'>anteponatur</span> <span class='ocrx_word' id='word_1_218' title='bbox 1568 1865 1728 1904; x_wconf 87' lang='lat' dir='ltr'>confilio</span> <span class='ocrx_word' id='word_1_219' title='bbox 1749 1867 1820 1903; x_wconf 86' lang='lat' dir='ltr'>So·-</span> 
     </span>
     <span class='ocr_line' id='line_1_26' title="bbox 407 1930 1819 1985; baseline -0.003 -13"><span class='ocrx_word' id='word_1_220' title='bbox 407 1934 522 1978; x_wconf 82' lang='lat' dir='ltr'>lonis,</span> <span class='ocrx_word' id='word_1_221' title='bbox 543 1933 592 1978; x_wconf 87' lang='lat' dir='ltr'>ei,</span> <span class='ocrx_word' id='word_1_222' title='bbox 610 1946 688 1985; x_wconf 89' lang='lat' dir='ltr'>quo</span> <span class='ocrx_word' id='word_1_223' title='bbox 710 1932 884 1985; x_wconf 87' lang='lat' dir='ltr'>primum</span> <span class='ocrx_word' id='word_1_224' title='bbox 905 1931 1389 1984; x_wconf 86' lang='lat' dir='ltr'>constituitAreopagitas;</span> <span class='ocrx_word' id='word_1_225' title='bbox 1413 1944 1489 1969; x_wconf 92' lang='lat' dir='ltr'>non</span> <span class='ocrx_word' id='word_1_226' title='bbox 1508 1931 1638 1969; x_wconf 90' lang='lat' dir='ltr'>minus</span> <span class='ocrx_word' id='word_1_227' title='bbox 1659 1930 1819 1983; x_wconf 82' lang='lat' dir='ltr'>praecla-</span> 
     </span>
     <span class='ocr_line' id='line_1_27' title="bbox 408 1995 1817 2052; baseline -0.003 -14"><span class='ocrx_word' id='word_1_228' title='bbox 408 2014 494 2038; x_wconf 87' lang='lat' dir='ltr'>rum</span> <span class='ocrx_word' id='word_1_229' title='bbox 518 1999 606 2044; x_wconf 87' lang='lat' dir='ltr'>hoc,</span> <span class='ocrx_word' id='word_1_230' title='bbox 629 2012 746 2052; x_wconf 89' lang='lat' dir='ltr'>quam</span> <span class='ocrx_word' id='word_1_231' title='bbox 767 1998 879 2043; x_wconf 87' lang='lat' dir='ltr'>illud,</span> <span class='ocrx_word' id='word_1_232' title='bbox 894 1997 1154 2051; x_wconf 86' lang='lat' dir='ltr'>judicandum</span> <span class='ocrx_word' id='word_1_233' title='bbox 1175 1997 1241 2036; x_wconf 89' lang='lat' dir='ltr'>est.</span> <span class='ocrx_word' id='word_1_234' title='bbox 1266 1997 1369 2036; x_wconf 88' lang='lat' dir='ltr'>Illud</span> <span class='ocrx_word' id='word_1_235' title='bbox 1391 1997 1496 2035; x_wconf 91' lang='lat' dir='ltr'>enim</span> <span class='ocrx_word' id='word_1_236' title='bbox 1519 1996 1633 2035; x_wconf 84' lang='lat' dir='ltr'>semel</span> <span class='ocrx_word' id='word_1_237' title='bbox 1657 1995 1817 2049; x_wconf 86' lang='lat' dir='ltr'>profuit,</span> 
     </span>
     <span class='ocr_line' id='line_1_28' title="bbox 408 2061 1819 2118; baseline -0.002 -15"><span class='ocrx_word' id='word_1_238' title='bbox 408 2065 483 2104; x_wconf 88' lang='lat' dir='ltr'>hoc</span> <span class='ocrx_word' id='word_1_239' title='bbox 506 2065 652 2118; x_wconf 89' lang='lat' dir='ltr'>semper</span> <span class='ocrx_word' id='word_1_240' title='bbox 672 2064 842 2118; x_wconf 90' lang='lat' dir='ltr'>proderit</span> <span class='ocrx_word' id='word_1_241' title='bbox 872 2064 1044 2102; x_wconf 86' lang='lat' dir='ltr'>civitati:</span> <span class='ocrx_word' id='word_1_242' title='bbox 1076 2061 1152 2102; x_wconf 91' lang='lat' dir='ltr'>hoc</span> <span class='ocrx_word' id='word_1_243' title='bbox 1183 2063 1341 2102; x_wconf 78' lang='lat' dir='ltr'>consilio</span> <span class='ocrx_word' id='word_1_244' title='bbox 1372 2063 1474 2117; x_wconf 85' lang='lat' dir='ltr'>leges</span> <span class='ocrx_word' id='word_1_245' title='bbox 1507 2061 1819 2107; x_wconf 65' lang='lat' dir='ltr'>Atheniensium,</span> 
     </span>
     <span class='ocr_line' id='line_1_29' title="bbox 407 2127 1819 2184; baseline -0.004 -13"><span class='ocrx_word' id='word_1_246' title='bbox 407 2132 483 2171; x_wconf 91' lang='lat' dir='ltr'>hoc</span> <span class='ocrx_word' id='word_1_247' title='bbox 506 2133 695 2184; x_wconf 76' lang='lat' dir='ltr'>majorum</span> <span class='ocrx_word' id='word_1_248' title='bbox 718 2131 902 2177; x_wconf 82' lang='lat' dir='ltr'>instituta,</span> <span class='ocrx_word' id='word_1_249' title='bbox 926 2130 1132 2170; x_wconf 86' lang='lat' dir='ltr'>servantur.</span> <span class='ocrx_word' id='word_1_250' title='bbox 1159 2131 1211 2169; x_wconf 87' lang='lat' dir='ltr'>Et</span> <span class='ocrx_word' id='word_1_251' title='bbox 1231 2129 1515 2170; x_wconf 86' lang='lat' dir='ltr'>Themistocles</span> <span class='ocrx_word' id='word_1_252' title='bbox 1537 2130 1696 2182; x_wconf 88' lang='lat' dir='ltr'>quidem</span> <span class='ocrx_word' id='word_1_253' title='bbox 1720 2127 1819 2167; x_wconf 86' lang='lat' dir='ltr'>nihil</span> 
     </span>
     <span class='ocr_line' id='line_1_30' title="bbox 407 2195 1821 2252; baseline -0.002 -15"><span class='ocrx_word' id='word_1_254' title='bbox 407 2200 562 2245; x_wconf 78' lang='lat' dir='ltr'>dixerit,</span> <span class='ocrx_word' id='word_1_255' title='bbox 588 2200 625 2237; x_wconf 90' lang='lat' dir='ltr'>in</span> <span class='ocrx_word' id='word_1_256' title='bbox 648 2212 727 2252; x_wconf 88' lang='lat' dir='ltr'>quo</span> <span class='ocrx_word' id='word_1_257' title='bbox 748 2198 824 2252; x_wconf 86' lang='lat' dir='ltr'>ipse</span> <span class='ocrx_word' id='word_1_258' title='bbox 846 2200 1095 2251; x_wconf 81' lang='lat' dir='ltr'>Areopagum</span> <span class='ocrx_word' id='word_1_259' title='bbox 1116 2198 1330 2250; x_wconf 71' lang='lat' dir='ltr'>adjuverit,</span> <span class='ocrx_word' id='word_1_260' title='bbox 1362 2207 1399 2236; x_wconf 85' lang='lat' dir='ltr'>at</span> <span class='ocrx_word' id='word_1_261' title='bbox 1431 2197 1496 2236; x_wconf 88' lang='lat' dir='ltr'>ille</span> <span class='ocrx_word' id='word_1_262' title='bbox 1517 2210 1616 2241; x_wconf 88' lang='lat' dir='ltr'>vere,</span> <span class='ocrx_word' id='word_1_263' title='bbox 1649 2210 1668 2234; x_wconf 87' lang='lat' dir='ltr'>a</span> <span class='ocrx_word' id='word_1_264' title='bbox 1690 2196 1725 2235; x_wconf 88' lang='lat' dir='ltr'>se</span> <span class='ocrx_word' id='word_1_265' title='bbox 1751 2195 1821 2234; x_wconf 84' lang='lat' dir='ltr'>ad-</span> 
     </span>
     <span class='ocr_line' id='line_1_31' title="bbox 402 2263 1819 2320; baseline -0.003 -16"><span class='ocrx_word' id='word_1_266' title='bbox 402 2267 537 2320; x_wconf 88' lang='lat' dir='ltr'>jutum</span> <span class='ocrx_word' id='word_1_267' title='bbox 558 2265 883 2305; x_wconf 85' lang='lat' dir='ltr'>Themistoclem.</span> <span class='ocrx_word' id='word_1_268' title='bbox 928 2265 994 2303; x_wconf 85' lang='lat' dir='ltr'>Est</span> <span class='ocrx_word' id='word_1_269' title='bbox 1015 2264 1121 2304; x_wconf 88' lang='lat' dir='ltr'>enim</span> <span class='ocrx_word' id='word_1_270' title='bbox 1154 2265 1304 2304; x_wconf 86' lang='lat' dir='ltr'>bellum</span> <span class='ocrx_word' id='word_1_271' title='bbox 1323 2264 1472 2319; x_wconf 83' lang='lat' dir='ltr'>gestum</span> <span class='ocrx_word' id='word_1_272' title='bbox 1494 2264 1652 2303; x_wconf 70' lang='lat' dir='ltr'>consilio</span> <span class='ocrx_word' id='word_1_273' title='bbox 1672 2263 1819 2302; x_wconf 84' lang='lat' dir='ltr'>senatus</span> 
     </span>
     <span class='ocr_line' id='line_1_32' title="bbox 407 2331 1155 2385; baseline 0 -14"><span class='ocrx_word' id='word_1_274' title='bbox 407 2333 502 2385; x_wconf 84' lang='lat' dir='ltr'>ejus,</span> <span class='ocrx_word' id='word_1_275' title='bbox 526 2334 592 2385; x_wconf 86' lang='lat' dir='ltr'>qui</span> <span class='ocrx_word' id='word_1_276' title='bbox 615 2347 634 2370; x_wconf 87' lang='lat' dir='ltr'>a</span> <span class='ocrx_word' id='word_1_277' title='bbox 656 2332 792 2371; x_wconf 83' lang='lat' dir='ltr'>Solone</span> <span class='ocrx_word' id='word_1_278' title='bbox 813 2341 890 2370; x_wconf 67' lang='lat' dir='ltr'>crat</span> <span class='ocrx_word' id='word_1_279' title='bbox 911 2331 1155 2371; x_wconf 84' lang='lat' dir='ltr'>constitutus.</span> 
     </span>
    </p>

    <p class='ocr_par' dir='ltr' id='par_1_5' title="bbox 409 2398 1822 2654">
     <span class='ocr_line' id='line_1_33' title="bbox 466 2398 1820 2452; baseline -0.003 -14"><span class='ocrx_word' id='word_1_280' title='bbox 466 2400 576 2438; x_wconf 84' lang='lat' dir='ltr'>Licet</span> <span class='ocrx_word' id='word_1_281' title='bbox 607 2400 738 2438; x_wconf 65' lang='lat' dir='ltr'>cadem</span> <span class='ocrx_word' id='word_1_282' title='bbox 769 2399 814 2437; x_wconf 87' lang='lat' dir='ltr'>dc</span> <span class='ocrx_word' id='word_1_283' title='bbox 847 2399 1040 2445; x_wconf 71' lang='lat' dir='ltr'>Pausania,</span> <span class='ocrx_word' id='word_1_284' title='bbox 1073 2399 1346 2452; x_wconf 79' lang='lat' dir='ltr'>Lysandroque</span> <span class='ocrx_word' id='word_1_285' title='bbox 1373 2398 1525 2443; x_wconf 84' lang='lat' dir='ltr'>dicere;</span> <span class='ocrx_word' id='word_1_286' title='bbox 1558 2410 1726 2450; x_wconf 85' lang='lat' dir='ltr'>quorum</span> <span class='ocrx_word' id='word_1_287' title='bbox 1760 2409 1820 2434; x_wconf 87' lang='lat' dir='ltr'>rc·-</span> 
     </span>
     <span class='ocr_line' id='line_1_34' title="bbox 411 2465 1819 2520; baseline -0.002 -16"><span class='ocrx_word' id='word_1_288' title='bbox 411 2467 482 2505; x_wconf 82' lang='lat' dir='ltr'>bus</span> <span class='ocrx_word' id='word_1_289' title='bbox 502 2467 613 2520; x_wconf 78' lang='lat' dir='ltr'>gestis</span> <span class='ocrx_word' id='word_1_290' title='bbox 632 2480 854 2519; x_wconf 67' lang='lat' dir='ltr'>quanquam</span> <span class='ocrx_word' id='word_1_291' title='bbox 875 2467 1084 2520; x_wconf 82' lang='lat' dir='ltr'>imperium</span> <span class='ocrx_word' id='word_1_292' title='bbox 1100 2465 1402 2506; x_wconf 66' lang='lat' dir='ltr'>Lacedaemoniis</span> <span class='ocrx_word' id='word_1_293' title='bbox 1420 2465 1622 2504; x_wconf 74' lang='lat' dir='ltr'>dilatatum</span> <span class='ocrx_word' id='word_1_294' title='bbox 1642 2472 1819 2517; x_wconf 61' lang='lat' dir='ltr'>putatum</span> 
     </span>
     <span class='ocr_line' id='line_1_35' title="bbox 410 2529 1822 2587; baseline -0.003 -16"><span class='ocrx_word' id='word_1_295' title='bbox 410 2543 538 2571; x_wconf 78' lang='lat' dir='ltr'>tamen</span> <span class='ocrx_word' id='word_1_296' title='bbox 558 2546 603 2571; x_wconf 87' lang='lat' dir='ltr'>ne</span> <span class='ocrx_word' id='word_1_297' title='bbox 625 2533 787 2571; x_wconf 64' lang='lat' dir='ltr'>minima</span> <span class='ocrx_word' id='word_1_298' title='bbox 811 2533 968 2585; x_wconf 76' lang='lat' dir='ltr'>quidem</span> <span class='ocrx_word' id='word_1_299' title='bbox 991 2547 1035 2571; x_wconf 83' lang='lat' dir='ltr'>ex</span> <span class='ocrx_word' id='word_1_300' title='bbox 1058 2543 1161 2587; x_wconf 81' lang='lat' dir='ltr'>parte</span> <span class='ocrx_word' id='word_1_301' title='bbox 1184 2532 1353 2585; x_wconf 82' lang='lat' dir='ltr'>Lycurgi</span> <span class='ocrx_word' id='word_1_302' title='bbox 1377 2531 1526 2585; x_wconf 74' lang='lat' dir='ltr'>legibus</span> <span class='ocrx_word' id='word_1_303' title='bbox 1554 2537 1590 2568; x_wconf 81' lang='lat' dir='ltr'>ct</span> <span class='ocrx_word' id='word_1_304' title='bbox 1611 2529 1822 2583; x_wconf 74' lang='lat' dir='ltr'>disciplina:</span> 
     </span>
     <span class='ocr_line' id='line_1_36' title="bbox 409 2597 1819 2654; baseline -0.003 -16"><span class='ocrx_word' id='word_1_305' title='bbox 409 2599 632 2640; x_wconf 84' lang='lat' dir='ltr'>confercndi</span> <span class='ocrx_word' id='word_1_306' title='bbox 655 2599 755 2639; x_wconf 90' lang='lat' dir='ltr'>sunt.</span> <span class='ocrx_word' id='word_1_307' title='bbox 804 2601 911 2653; x_wconf 82' lang='lat' dir='ltr'>Qin</span> <span class='ocrx_word' id='word_1_308' title='bbox 931 2601 1048 2640; x_wconf 76' lang='lat' dir='ltr'>ctiam</span> <span class='ocrx_word' id='word_1_309' title='bbox 1069 2600 1120 2640; x_wconf 92' lang='lat' dir='ltr'>ob</span> <span class='ocrx_word' id='word_1_310' title='bbox 1146 2598 1213 2639; x_wconf 73' lang='lat' dir='ltr'>has</span> <span class='ocrx_word' id='word_1_311' title='bbox 1246 2599 1340 2654; x_wconf 74' lang='lat' dir='ltr'>ipsas</span> <span class='ocrx_word' id='word_1_312' title='bbox 1362 2599 1488 2639; x_wconf 68' lang='lat' dir='ltr'>causas</span> <span class='ocrx_word' id='word_1_313' title='bbox 1520 2607 1557 2638; x_wconf 85' lang='lat' dir='ltr'>et</span> <span class='ocrx_word' id='word_1_314' title='bbox 1590 2597 1819 2653; x_wconf 80' lang='lat' dir='ltr'>parentiores</span> 
     </span>
    </p>
   </div>
  </div>
 </body>
</html>
