2223 3003
451 279 524 320 192
870 261 975 300 DE
1045 259 1471 299 orf1c115

446 376 591 417 capere,
609 361 634 400 sl
655 359 742 414 quis
762 359 853 398 velit
865 377 878 404 ς
902 357 1118 397 Consilium
1138 356 1251 396 fidele
1271 357 1496 396 deliberanti
1517 356 1603 395 dare
1620 370 1630 395 ε
1653 369 1738 410 quae
1758 359 1841 399 sunt

447 432 493 468 iis
515 429 637 472 utilia,
666 427 734 478 qui
754 425 950 478 accipiunt
962 442 974 469 ς
1005 424 1111 463 danti
1130 437 1209 463 non
1229 424 1400 463 molesta.
1443 425 1572 476 Qare
1590 432 1628 462 et
1646 423 1708 462 his
1728 433 1843 463 uten-

446 496 541 532 dum
561 493 628 536 cst,
644 500 682 529 et
701 490 848 544 semper
866 490 1013 543 aliquid
1032 490 1078 529 ad
1097 504 1351 530 communem
1365 490 1575 529 utilitatem
1590 489 1842 529 afferendum.

446 560 532 603 Sed,
554 558 741 611 quoniam
767 557 888 610 copiae
907 570 1029 610 parvae
1048 557 1286 610 singulorum
1307 557 1408 602 sunt,
1440 571 1574 595 eorum
1601 566 1745 602 autem,
1776 556 1845 610 qui

439 626 507 663 his
527 633 676 677 egeant,
706 621 858 662 infinita
886 622 940 660 est
960 622 1199 668 multitud03
1233 623 1399 676 vulgaris
1420 623 1623 661 liberalitas
1651 622 1848 661 referenda

446 691 498 729 est
517 691 562 728 ad
584 690 699 728 illum
720 689 840 727 Ennii
867 687 1001 733 finem,
1031 689 1272 727 Nihilominus
1302 689 1368 742 ipst
1382 689 1473 728 lucet
1487 708 1498 734 ς
1532 699 1574 726 ut
1594 687 1754 727 facultas
1785 689 1843 733 fit,

445 769 523 809 qua
541 757 581 794 in
602 755 747 794 nostros
768 754 883 792 fimus
904 753 1090 792 liberales.

513 823 625 860 XVI.
658 821 810 859 Gradus
844 828 975 858 autem
1009 819 1138 871 plures
1172 819 1258 857 sunt
1291 819 1477 859 societatis
1511 820 1736 859 hominum.
1786 820 1846 858 Ut

445 889 551 927 enim
574 888 620 924 ab
641 886 792 924 infinita
811 885 877 923 illa
889 884 1114 929 discedatur,
1128 886 1284 938 propior
1304 885 1356 922 est
1371 886 1540 937 ejusdem
1559 888 1700 939 gentis,
1719 885 1845 924 natio-

445 955 519 999 nis,
541 955 697 1006 linguae,
718 965 796 1004 qua
814 951 984 989 maxime
1002 949 1182 989 homines
1202 952 1506 1004 conjunguntur.
1539 953 1706 991 Interius
1726 953 1844 990 etiam

445 1021 513 1064 est,
535 1019 704 1072 ejusdem
726 1017 797 1056 effe
816 1017 996 1055 civitatis.
1015 1016 1148 1055 Multa
1162 1017 1269 1055 enim
1291 1017 1378 1055 sunt
1396 1018 1546 1056 civibus
1567 1019 1665 1056 inter
1685 1018 1719 1056 se
1734 1032 1846 1056 com-

446 1087 580 1125 munia
595 1105 606 1130 5
639 1085 783 1130 forum,
814 1083 915 1129 fana,
946 1083 1130 1137 porticus,
1152 1084 1236 1128 viae,
1264 1083 1382 1136 leges,
1396 1084 1497 1135 jura,
1521 1084 1684 1136 judicia,
1713 1083 1847 1122 suffra-

445 1153 522 1206 gia,
557 1150 850 1190 consuetudines
883 1158 1062 1203 praeterea
1093 1158 1131 1187 et
1168 1148 1445 1188 familiaritates
1460 1179 1471 1195 ,
1510 1149 1722 1202 multisque
1756 1162 1850 1188 cum

448 1218 584 1257 multis
605 1231 661 1255 res
686 1215 924 1268 rationesque
941 1217 1156 1254 contraecae.
1206 1215 1360 1253 Arctior
1379 1229 1467 1253 vero
1497 1215 1696 1267 colligatio
1715 1215 1768 1253 est
1787 1214 1848 1254 so·-

447 1284 594 1323 cietatis
617 1283 952 1336 propinquorum:
984 1281 1032 1319 ab
1062 1281 1130 1319 illa
1149 1281 1256 1319 enim
1285 1280 1472 1319 immensa
1490 1281 1665 1319 societate
1685 1279 1850 1320 humani

446 1349 597 1404 generis
617 1349 657 1386 in
677 1349 863 1400 exiguum
883 1347 1164 1400 angustumque
1183 1346 1445 1385 concluditur.

504 1416 626 1460 Nam,
661 1427 753 1468 cum
774 1413 818 1451 sit
848 1412 923 1451 hoc
944 1412 1079 1451 natura
1098 1426 1308 1451 commune
1328 1413 1601 1458 animantium,
1620 1423 1664 1451 ut
1684 1412 1851 1452 habeant

448 1482 654 1521 libidinem
675 1479 912 1533 procreandi,
933 1479 1058 1532 prima
1077 1478 1232 1516 societas
1252 1479 1293 1516 in
1315 1479 1396 1531 ipso
1414 1479 1598 1531 conjugio
1616 1478 1669 1516 est
1681 1497 1693 1522 ς
1716 1479 1851 1531 proxi-

447 1561 513 1587 ma
533 1548 572 1585 in
593 1547 723 1585 liberis
740 1564 752 1590 ;
784 1545 920 1583 deinde
941 1558 1016 1583 una
1035 1544 1190 1590 domus,
1220 1544 1449 1582 communia
1467 1544 1613 1583 omnia.
1656 1543 1701 1582 Id
1721 1553 1850 1583 autem

447 1613 501 1652 est
520 1613 759 1666 principium
780 1611 899 1655 urbis,
921 1620 959 1649 et
978 1611 1082 1663 quasi
1102 1610 1348 1648 seminarium
1370 1611 1606 1663 reipublicae.
1632 1611 1853 1663 Sequuntur

447 1679 610 1719 fratrum
629 1677 919 1730 conjunctiones
936 1695 948 1722 ;
979 1676 1063 1730 post
1080 1676 1412 1721 consobrinorum,
1429 1676 1763 1730 sobrinorumque,
1782 1677 1853 1730 qui

449 1745 540 1785 cum
562 1758 636 1783 una
656 1744 773 1783 domo
787 1744 870 1795 jam
890 1743 974 1795 capi
998 1756 1076 1781 non
1098 1743 1252 1796 poffint,
1270 1743 1309 1780 in
1326 1742 1415 1781 alias
1435 1742 1587 1787 domos,
1605 1752 1790 1795 tanquam
1811 1742 1852 1780 in

449 1811 634 1855 colonias,
657 1819 810 1848 exeunt.
844 1810 1064 1861 Sequuntur
1088 1809 1282 1848 connubia
1311 1817 1350 1846 et
1369 1809 1600 1854 affinitates;
1632 1821 1679 1846 ex
1708 1809 1851 1861 quibus

451 1879 567 1914 ctiam
588 1875 715 1928 plures
737 1874 945 1926 propinqui
966 1888 974 1909 :
1007 1887 1091 1924 quae
1122 1875 1346 1925 propagatio
1366 1884 1403 1911 et
1424 1874 1570 1912 soboles
1589 1875 1699 1926 origo
1717 1874 1771 1913 est
1791 1888 1853 1913 re-

451 1956 538 1980 rum
559 1940 819 1994 publicarum.
866 1937 1067 1990 Sanguinis
1096 1946 1226 1975 autem
1257 1938 1480 1990 conjunc‘tio
1500 1938 1765 1976 benevolentia
1784 1939 1852 1976 de-

452 2008 572 2045 vincit
601 2005 781 2044 homines
815 2014 852 2041 et
873 2004 1040 2042 caritate.
1089 2004 1284 2056 Magnum
1316 2004 1368 2042 est
1403 2004 1522 2048 enim,
1550 2003 1683 2042 eadem
1714 2002 1854 2043 habere

453 2081 707 2112 monumenta
738 2072 943 2124 majorum,
975 2070 1110 2108 iisdem
1144 2071 1202 2109 uti
1222 2070 1346 2116 sacris,
1382 2070 1553 2123 sepulcra
1582 2069 1720 2108 habere
1740 2084 1853 2110 com·

452 2140 598 2178 munia.

508 2205 579 2244 Sed
610 2204 790 2242 omnium
812 2202 1036 2241 societatum
1059 2202 1163 2240 nulla
1195 2202 1426 2255 praestantior
1446 2203 1513 2247 est,
1551 2203 1657 2241 nulla
1691 2202 1853 2248 firmior,

453 2285 569 2324 quam
607 2284 698 2308 cum
720 2270 790 2307 viri
823 2269 931 2313 boni,
963 2269 1136 2307 moribus
1164 2268 1319 2313 similes,
1351 2269 1437 2307 sunt
1471 2268 1727 2307 familiaritate
1756 2282 1853 2306 con-

447 2336 588 2389 juncti.
629 2335 730 2373 Illud
762 2335 867 2372 cuim
899 2333 1103 2372 honestum
1137 2334 1259 2387 (quod
1281 2334 1374 2387 saepe
1393 2334 1580 2383 dicimus)
1611 2333 1728 2371 etiam
1760 2333 1785 2371 sl
1815 2334 1855 2371 in

453 2402 528 2440 alio
549 2401 756 2444 cernimus,
794 2410 920 2438 tamen
955 2414 1021 2439 nos
1055 2409 1198 2445 movet,
1234 2410 1350 2452 atquc
1380 2399 1452 2444 illi,
1490 2399 1529 2437 in
1561 2413 1640 2451 quo
1669 2399 1707 2437 id
1742 2398 1857 2437 incise

454 2469 618 2511 videtur,
651 2468 794 2505 amicos
830 2465 934 2505 facit.
996 2469 1062 2511 Et,
1095 2479 1318 2519 quanquam
1349 2466 1477 2504 omnis
1510 2466 1629 2504 virtus
1652 2478 1718 2503 nos
1740 2465 1786 2503 ad
1820 2465 1856 2504 se

453 2535 589 2578 allicit,
624 2533 790 2585 fuitque
813 2544 853 2571 ut
875 2548 936 2573 cos
958 2534 1181 2586 diligamus,
1205 2534 1241 2571 in
1264 2532 1405 2585 quibus
1429 2533 1505 2586 ipsa
1526 2531 1638 2570 incll‘e
1658 2532 1854 2575 videatum

454 2610 583 2639 tamen
601 2599 748 2651 justitia
767 2608 805 2637 ct
832 2598 1038 2638 liberalitas
1066 2598 1104 2638 id
1124 2598 1294 2638 maxime
1315 2598 1449 2638 efficit.
1509 2597 1625 2637 Nihil
1655 2606 1784 2637 autem
1804 2596 1858 2636 cst
