2223 3003
369 224 422 275 48
659 223 762 262 DE
819 220 1470 262 DIVINATIONE

371 333 410 361 et
440 320 635 376 perlucida
663 320 766 359 stella
780 319 1012 372 apparuerit,
1045 318 1248 370 fignificari
1267 319 1406 356 caelum
1437 318 1507 356 effe
1528 327 1654 364 tenue,
1687 333 1762 372 pu-

371 401 551 440 rumque,
571 395 609 424 et
623 394 820 438 propterea
838 384 999 420 salubre.
1021 383 1271 421 Democritus
1291 391 1420 421 autem
1439 383 1564 421 censet
1583 383 1765 435 sapienter

370 452 568 492 instituiffe
587 460 741 494 veteres,
773 458 816 487 ut
836 447 1046 487 hostiarum
1065 449 1351 487 immolatarum
1372 449 1647 502 inspicerentur
1664 458 1763 493 exta,

368 531 536 570 quorum
570 529 616 554 ex
636 514 772 553 habitu
791 523 906 567 atque
935 527 983 552 ex
1004 514 1131 553 colore
1165 524 1250 552 tum
1271 514 1513 560 salubritatis,
1540 524 1626 553 tum
1648 514 1763 567 pesti-

370 583 510 627 lentiae,
542 581 645 634 figna
672 580 846 633 percipi;
878 593 1159 632 nonnunquam
1189 581 1305 618 etiam
1332 595 1416 633 quae
1447 581 1490 619 sit
1511 581 1567 619 vel
1589 580 1763 619 sterilitas

370 661 563 701 agrorum,
584 646 642 684 vel
662 644 838 683 fertilitas
857 643 999 683 futura.
1024 646 1121 697 Qae
1141 645 1167 683 fi
1187 659 1208 683 a
1228 655 1359 683 natura
1373 644 1540 698 profecta
1554 645 1764 684 observatio

370 723 485 766 atque
505 711 592 750 usus
612 710 791 764 agnovit;
814 710 938 748 multa
957 709 1087 748 afferre
1106 711 1234 763 potuit
1249 710 1342 755 dies,
1359 724 1444 763 quae
1459 711 1763 748 animadverten-

369 780 421 818 do
439 786 661 817 notarentur
671 795 684 821 ;
707 785 750 814 ut
770 776 834 814 ille
855 776 1106 821 Pacuvianus,
1128 776 1197 828 qui
1222 776 1262 814 in
1284 775 1428 828 Chryse
1448 775 1626 830 physicus
1646 775 1762 814 indu-

369 846 484 890 citur,
506 843 670 882 minime
690 850 863 880 naturam
884 855 1012 879 rerum
1032 840 1208 894 cognoffe
1229 841 1413 881 videatur.

506 910 606 948 Nam
623 907 707 960 istis,
729 907 793 960 qui
806 907 964 959 linguam
978 907 1106 945 avium
1124 907 1343 959 intelligunt,

506 974 660 1027 Plusque
678 987 720 1010 ex
738 973 848 1010 alieno
854 972 975 1024 jecore
979 972 1148 1025 sapiunt,
1171 987 1276 1025 quam
1294 987 1337 1010 ex
1341 974 1425 1025 fito,

505 1039 634 1093 Magis
651 1037 871 1083 audiendum,
892 1052 997 1091 quam
1015 1036 1283 1092 auscultandum
1301 1039 1426 1092 cetfio.

370 1109 465 1151 Cur,
493 1105 619 1159 quaeso
636 1104 650 1141 ?
680 1118 772 1142 cum
792 1104 883 1158 ipse,
918 1104 1048 1157 paucis
1069 1104 1299 1158 interpositis
1330 1103 1510 1148 verfibus,
1545 1102 1647 1142 dicas
1678 1103 1763 1142 satis

368 1171 563 1211 luculente
579 1188 590 1216 ς

506 1234 688 1290 Qidquid
701 1234 745 1288 est
763 1234 839 1279 hoc,
860 1234 974 1272 onmia
992 1235 1144 1279 animat,
1151 1235 1314 1287 firmat,
1334 1235 1416 1279 alit,
1436 1243 1558 1288 auget,
1577 1243 1694 1279 creat,

506 1303 649 1356 Sepelit,
670 1301 863 1354 recipitque
881 1300 918 1338 in
924 1301 999 1353 fist
1018 1301 1132 1339 omnia
1143 1317 1157 1339 .·
1187 1302 1404 1355 omniumque
1418 1300 1506 1340 idem
1523 1300 1568 1353 est
1578 1309 1690 1353 pater
1704 1318 1717 1345 3

504 1368 728 1421 Indidemque
746 1366 874 1412 eadem,
896 1380 975 1420 quae
993 1367 1176 1412 oriuntur,
1197 1366 1238 1406 de
1252 1367 1404 1420 integro,
1420 1377 1528 1421 atque
1545 1366 1655 1406 eodem
1673 1366 1764 1406 occi-

561 1434 665 1472 dunt.

370 1500 478 1554 Qid
498 1500 549 1538 cst
569 1500 700 1552 igitur,
731 1512 814 1543 cur,
846 1511 937 1536 cum
958 1497 1096 1536 domus
1117 1497 1161 1536 fit
1187 1499 1367 1537 omnium
1388 1511 1475 1543 una,
1507 1510 1624 1550 eaque
1653 1511 1765 1535 com-

369 1567 513 1611 munis,
535 1579 702 1617 cumque
722 1565 842 1602 animi
863 1563 1071 1602 hominum
1093 1563 1239 1617 semper
1258 1563 1416 1609 fuerint,
1449 1563 1648 1615 futurique
1677 1563 1764 1608 fint,

367 1646 437 1671 cur
457 1632 498 1677 ii,
521 1631 616 1683 quid
636 1643 682 1667 ex
703 1643 859 1682 quoque
879 1627 1041 1674 eveniat,
1071 1638 1110 1666 et
1129 1629 1224 1682 quid
1244 1643 1440 1683 quamque
1462 1642 1543 1668 rem
1562 1628 1763 1681 significet,

367 1697 575 1752 perspicere
596 1709 673 1734 non
693 1695 860 1748 poffint?

416 1763 567 1802 LVIII.
586 1762 683 1800 Haec
703 1759 836 1805 habui,
858 1760 999 1812 inquit,
1019 1759 1064 1797 de
1079 1759 1311 1798 divinatione
1324 1773 1408 1812 quae
1426 1759 1609 1797 dicerem.
1640 1759 1762 1798 Nunc

370 1830 436 1868 illa
455 1828 629 1871 testabor,
651 1840 728 1864 non
749 1839 811 1864 me
831 1825 1041 1877 sortileg05,
1056 1838 1178 1878 neque
1197 1838 1275 1869 eos,
1296 1825 1364 1877 qui
1385 1825 1546 1878 quaestus
1566 1824 1674 1863 causti
1692 1824 1763 1863 ha-

368 1895 568 1937 riolentur,
605 1905 728 1944 neque
748 1889 1036 1944 psychomantia
1067 1890 1241 1942 quidem,
1274 1890 1415 1943 quibus
1445 1891 1596 1944 Appius
1616 1890 1761 1929 amicus

370 1970 458 1998 tuus
479 1959 535 1997 uti
557 1958 710 2002 solebat,
731 1955 943 2010 agnoscere.

506 2026 591 2064 Non
610 2023 715 2062 habeo
736 2023 879 2076 denique
897 2023 1006 2061 nauci
1021 2023 1190 2075 Matjfitm
1208 2037 1394 2075 augurem,

506 2092 591 2130 Non
612 2090 755 2129 vicanos
774 2089 988 2142 haruspices,
1005 2103 1075 2127 non
1095 2088 1135 2127 de
1153 2088 1245 2127 circo
1264 2089 1462 2142 astrologos,

504 2159 590 2197 Non
612 2157 736 2208 Istacos
754 2156 973 2208 coaey'n‘lorcs,
994 2169 1061 2193 non
1079 2155 1291 2207 interpretes
1296 2156 1487 2208 samnium.

505 2224 591 2262 Non
611 2223 800 2274 cm'mfimt
820 2222 847 2260 ii
847 2221 1019 2275 stv'cntid,
1041 2230 1106 2259 aut
1125 2230 1220 2265 arte,
1241 2221 1369 2265 divini,

507 2288 812 2342 Scdstzpctstitiqfi
827 2297 943 2332 vates,
964 2287 1240 2340 impudentesque·
1259 2288 1399 2331 harioli.

508 2355 590 2393 Aut
611 2354 754 2397 inertes,
774 2362 840 2391 aut
860 2353 987 2405 iqsani,
1007 2363 1072 2390 aut
1094 2353 1218 2406 quibus
1236 2352 1362 2405 cgzstas
1380 2353 1531 2405 imperat
1545 2368 1559 2391 :

505 2419 827 2473 Qiſsbistmitam
846 2433 912 2457 non
919 2418 1086 2471 Jitpiunt,
1107 2419 1218 2457 alteri
1234 2419 1427 2470 morfircmt
1447 2418 1546 2457 vium
1558 2434 1571 2456 .·

505 2485 636 2538 Qihu'
657 2485 806 2524 divitias
818 2485 1045 2538 pollicentur,
1075 2485 1121 2523 ab
1141 2485 1182 2522 iis
1202 2485 1406 2523 drachmam
1425 2485 1489 2538 ‘2'st
1501 2494 1645 2537 petunt.

503 2552 570 2594 De
588 2552 642 2591 his
658 2551 795 2591 divitiis
798 2551 878 2604 sibi
893 2550 1065 2591 deducant
1085 2551 1304 2597 drachmam,
1325 2551 1474 2590 reddant
1495 2561 1640 2591 ecta-ra.
