2223 3003
458 262 537 305 ¹74
861 244 968 284 DE
1043 243 1445 283 LEGIBUS

457 348 678 387 noluerunt.
717 342 940 395 Descriptus
960 341 1066 380 enim
1086 341 1254 395 populus
1279 340 1408 386 censu,
1428 339 1645 387 ordinibus,
1665 341 1854 390 aetatibus,

456 414 543 466 plus
564 410 720 449 adhibet
740 409 786 447 ad
816 407 1042 461 suffragium
1062 407 1225 454 confilii,
1256 421 1375 462 quarn
1394 405 1476 446 fuse
1505 407 1547 446 in
1567 407 1689 447 tribus
1709 420 1854 447 convo-

457 487 577 516 catus.

512 545 604 595 Qo
624 541 748 580 verius
768 541 807 580 in
829 541 937 580 causa
957 540 1081 580 nostra
1099 541 1157 580 vir
1175 541 1306 595 magni
1327 541 1488 595 ingenii,
1514 539 1742 594 summaque
1761 555 1856 595 pru-

455 609 599 653 dentia,
631 609 678 647 L.
714 608 842 652 Cotta,
878 607 1043 653 dicebat,
1074 606 1174 646 nihil
1204 608 1366 647 omnino
1395 609 1523 647 actum
1548 607 1619 646 effe
1648 608 1695 646 de
1729 607 1855 646 nobis.

458 676 597 714 Praeter
615 675 719 712 enim
740 687 859 726 quam
877 673 981 726 quod
1001 674 1161 713 comitia
1179 674 1245 712 illa
1259 674 1376 714 effent
1391 674 1505 713 armis
1525 674 1626 727 gesta
1645 673 1857 718 servilibus,

456 751 636 794 praeterea
655 754 778 793 neque
806 741 949 778 tributa
977 740 1114 793 capitis
1144 741 1304 780 comitia
1334 750 1412 779 rata
1440 740 1511 779 effe
1542 739 1703 794 possent,
1733 753 1858 792 neque

458 807 536 846 ulla
556 807 774 861 privilegii:
806 807 987 859 quocirca
1015 805 1115 845 nihil
1145 807 1258 845 nobis
1277 820 1374 860 opus
1405 807 1475 846 effe
1504 807 1604 860 lege,
1640 807 1686 845 de
1715 806 1858 859 quibus

459 873 557 912 nihil
578 873 740 912 omnino
759 873 888 910 aetum
907 871 995 911 ess‘et
1015 872 1179 925 legibus.
1211 873 1283 911 Sed
1301 873 1427 911 visum
1442 873 1495 912 est
1514 883 1552 912 et
1572 872 1698 918 nobis,
1719 882 1758 910 et
1777 872 1857 910 cla-

458 939 610 978 riffimis
631 938 720 976 viris
742 938 895 982 melius,
929 938 976 976 de
996 951 1074 991 quo
1103 938 1199 977 servi
1224 947 1263 977 et
1292 937 1454 978 latrones
1485 938 1626 978 sciviffe
1647 939 1681 977 se
1711 938 1858 991 aliquid

457 1005 642 1049 dicerent,
659 1004 705 1042 de
725 1002 801 1042 hoc
821 1003 959 1043 eodem
975 1006 1155 1043 cunctam
1172 1004 1338 1050 Italiam,
1352 1006 1448 1057 quid
1465 1005 1631 1050 sentiret,
1650 1004 1856 1043 ostendere.

512 1071 605 1110 XX.
638 1071 859 1123 Sequuntur
877 1070 924 1108 de
943 1071 1063 1124 captis
1085 1071 1274 1124 pecuniis,
1306 1079 1345 1108 et
1364 1070 1411 1108 de
1430 1071 1582 1109 ambitu
1599 1070 1717 1124 leges.
1759 1070 1860 1120 Qae

455 1150 550 1175 cum
582 1136 705 1189 magis
730 1136 905 1187 judiciis,
939 1150 1057 1189 quam
1089 1137 1228 1182 verbis,
1262 1136 1462 1176 sancienda
1492 1136 1580 1182 sint,
1622 1136 1859 1189 adjungitur,

458 1203 591 1242 IVoxiae
602 1212 714 1255 paena
725 1211 803 1255 par
820 1202 897 1255 qsto,
930 1211 973 1240 ut
994 1203 1033 1241 in
1053 1202 1119 1242 suo
1138 1203 1235 1241 vitio
1256 1203 1419 1255 quisque
1448 1203 1636 1255 plectatur
1653 1217 1662 1240 :
1694 1202 1765 1247 vis,
1794 1214 1860 1239 ca-

457 1271 564 1322 pite;
594 1268 762 1313 avaritia,
794 1268 946 1314 multa;
983 1268 1142 1308 honoris
1172 1269 1377 1322 cupiditas,
1408 1268 1627 1322 ignominia
1656 1268 1859 1306 sanciatur.

459 1335 656 1373 Extremae
678 1335 780 1387 leges
815 1334 903 1373 sunt
933 1335 1045 1374 nobis
1077 1349 1155 1374 non
1182 1335 1324 1374 usitatae
1338 1353 1351 1380 3
1383 1334 1605 1387 reipublicae
1636 1332 1858 1372 necess‘arioe.

458 1401 613 1453 Legum
634 1399 847 1439 custodiam
874 1400 1023 1439 nullam
1043 1399 1255 1440 habemus:
1287 1401 1417 1453 itaque
1436 1399 1496 1439 hae
1523 1400 1626 1452 leges
1645 1399 1746 1444 sunt,
1767 1411 1861 1451 quas

459 1467 689 1519 apparitores
710 1466 826 1505 nostri
859 1466 996 1504 volunt
1012 1483 1024 1511 ;
1065 1479 1086 1504 a
1118 1467 1281 1506 librariis
1312 1467 1506 1520 petimus;
1538 1466 1707 1519 publicis
1739 1465 1861 1502 literis

459 1532 720 1585 consignatam
751 1533 981 1570 memoriam
1001 1533 1202 1585 publicam
1222 1532 1372 1571 nullam
1402 1531 1606 1571 habemus.
1638 1530 1767 1569 Graeci
1786 1529 1863 1569 hoc

458 1598 698 1650 diligentius,
720 1598 821 1649 apud
842 1610 939 1649 quos
959 1594 1184 1644 νομοφύλακες
1202 1607 1401 1636 creantur:
1424 1611 1493 1637 nec
1510 1596 1553 1636 hi
1574 1596 1700 1636 solum
1719 1597 1861 1643 literas,

461 1665 569 1715 (nam
590 1663 629 1701 id
649 1663 808 1716 quidem
827 1663 946 1702 etiam
966 1663 1068 1717 apud
1087 1665 1248 1717 majores
1265 1664 1410 1704 nostros
1431 1666 1527 1718 erat)
1548 1664 1610 1704 sed
1628 1664 1747 1703 etiam
1766 1663 1863 1703 facta

456 1729 668 1769 hominurn
687 1729 949 1774 observabant,
971 1729 1017 1768 ad
1036 1730 1214 1784 legesque
1234 1731 1476 1770 revocabant.

514 1797 613 1835 Haec
634 1796 745 1834 detur
774 1808 867 1834 cura
886 1795 1118 1835 Censoribus
1134 1816 1146 1843 ς
1178 1797 1494 1851 quandoquidem
1520 1809 1584 1836 eos
1605 1796 1645 1835 in
1666 1796 1862 1851 republica

460 1860 609 1913 semper
639 1861 818 1898 volumus
843 1860 929 1898 esse.
979 1863 1099 1913 Apud
1129 1863 1297 1907 eosdem,
1329 1864 1398 1914 qui
1429 1863 1652 1915 magistratu
1681 1863 1860 1909 abierint,

459 1926 574 1964 edant
594 1935 631 1964 et
651 1934 860 1978 exponant,
881 1925 977 1977 quid
1004 1926 1043 1964 in
1066 1926 1285 1980 magistratu
1309 1927 1484 1980 gesserint
1502 1947 1513 1972 ;
1545 1928 1667 1980 deque
1689 1929 1733 1967 iis
1755 1930 1861 1967 Cen-

460 1992 558 2030 sores
579 1991 843 2045 praejudicent.
874 1992 966 2030 Hoc
987 1992 1026 2030 in
1049 1993 1198 2031 Graecia
1219 1992 1276 2038 fit,
1297 1993 1453 2047 publice
1473 1993 1688 2032 constitutis
1708 1994 1861 2032 accusa-

461 2059 625 2097 toribus.
649 2058 730 2109 Qi
751 2058 910 2110 quidem
931 2071 1061 2112 graves
1082 2058 1154 2097 effe
1175 2073 1251 2098 non
1272 2059 1438 2114 possunt,
1459 2060 1528 2099 nisi
1549 2060 1620 2100 sint
1640 2060 1861 2100 voluntarii.

462 2125 656 2177 roirca
677 2124 815 2162 melius
836 2125 904 2169 est,
929 2125 1089 2163 rationes
1111 2125 1254 2171 referri,
1271 2127 1500 2179 causamque
1518 2127 1660 2181 exponi
1682 2127 1861 2167 Censori·

462 2190 533 2228 bus
550 2208 560 2235 ;
594 2190 782 2241 integram
805 2199 933 2228 tamen
954 2190 1080 2243 legem
1100 2191 1304 2231 accusatori
1321 2192 1549 2246 judicioque
1570 2193 1718 2232 servari.

517 2257 588 2294 Sed
611 2257 694 2295 satis
719 2257 802 2308 jam
821 2257 1059 2310 disputatum
1077 2258 1130 2297 est
1149 2259 1196 2297 de
1217 2259 1514 2313 magistratibus,
1543 2260 1612 2299 nisi
1641 2259 1740 2299 forte
1767 2260 1863 2312 quid

456 2322 690 2360 desideratis.
735 2325 958 2362 ATTicus.
988 2325 1026 2363 Si
1047 2339 1114 2364 nos
1137 2335 1321 2371 tacemus,
1343 2325 1451 2365 locus
1473 2326 1551 2379 ipse
1567 2339 1635 2365 nos
1665 2326 1862 2370 admonet.

459 2389 556 2441 quid
578 2389 649 2427 tibi
672 2389 714 2427 sit
734 2389 870 2428 deinde
901 2391 1125 2431 dicendum.
1175 2392 1388 2431 MAncus.
1419 2391 1605 2431 Mihinc?
1636 2392 1683 2431 de
1703 2392 1862 2445 judiciis

460 2456 635 2500 arbitror,
660 2455 876 2508 Pomponh
910 2457 947 2495 id
968 2458 1019 2496 est
1038 2458 1142 2497 enim
1157 2459 1341 2511 junctum
1362 2459 1657 2512 magistratibus.

509 2523 738 2560 Amicus.
763 2522 869 2574 ‹Qid
890 2523 901 2559 ?
924 2523 1070 2576 dejure
1091 2525 1225 2578 populi
1242 2524 1426 2570 Romani,
1448 2524 1778 2578 quemadmodum
1798 2523 1861 2563 in·

460 2588 627 2635 nituisti,
644 2589 854 2628 dicendum
876 2589 973 2629 nihil
994 2592 1133 2644 putas?
1155 2591 1366 2632 Mexncus.
1387 2593 1494 2645 Qid
1512 2592 1667 2632 tandem
1683 2590 1861 2631 hocloco
