2223 3003
765 168 1045 210 LIBER
1107 168 1472 210 PRIMUS.
1759 175 1821 226 149

420 270 554 322 Atque
582 265 665 307 haec
683 265 843 319 quidem
874 267 1040 313 Ennius,
1072 266 1142 320 qui
1160 267 1290 320 paucis
1316 275 1404 307 ante
1433 265 1598 306 versibus
1621 266 1693 307 effe
1712 268 1817 310 Deos

419 335 559 381 censet,
590 334 652 373 sed
670 347 733 373 eos
759 347 837 372 non
856 346 987 372 curare
1005 334 1185 386 opinatur
1217 333 1313 386 quid
1337 343 1423 387 agat
1441 332 1659 373 humanum
1679 348 1817 388 genus.

421 403 509 455 Ego
529 411 672 447 autem,
703 400 773 453 qui
791 409 830 438 et
847 412 978 438 curare
1008 399 1183 445 arbitror,
1213 409 1252 437 et
1271 413 1429 439 monere
1457 400 1591 447 etiam,
1621 414 1664 440 ac
1694 401 1819 440 multa

421 469 639 522 praedicete,
659 466 824 511 levitate,
841 465 1020 510 vanitate,
1038 465 1187 503 malitia
1205 465 1370 511 exclusa,
1392 467 1667 506 divinationem
1682 467 1818 521 probo.

424 535 523 584 Qae
542 545 634 570 cum
654 530 805 570 djxiffet
824 530 1023 580 Qintu85
1056 528 1238 567 Praeclare
1259 538 1302 567 tu
1335 531 1511 582 quidem,
1543 533 1718 586 inquam,
1749 546 1818 587 pa-

421 606 524 637 ratus
546 599 570 624 *
600 598 625 623 ἕ
653 597 679 623 2*
791 595 937 647 chficnt
948 602 1070 648 pauca
1090 592 1263 647 quaedam.

1071 918 1180 956 DE

522 1060 1716 1123 DIVINATIONE

700 1231 977 1272 LIBER
1035 1229 1537 1271 SECUNDUS.

641 1470 732 1496 nam
750 1470 789 1495 re
809 1455 954 1510 poffem
973 1454 1143 1509 prodesse
1161 1469 1280 1509 quam
1299 1453 1494 1508 plurimis,
1518 1467 1568 1493 ne
1587 1454 1741 1507 quando
1760 1454 1824 1492 in-

641 1523 894 1560 termitterem
907 1521 1101 1560 consulere
1120 1520 1356 1575 reipublicae,
1377 1521 1484 1559 nulla
1501 1520 1624 1573 major
1643 1533 1824 1559 occurre-

430 1587 508 1630 bat,
542 1600 661 1638 quam
690 1588 717 1625 fi
747 1588 985 1639 optimarum
1015 1587 1157 1625 artium
1187 1587 1264 1625 vias
1295 1586 1484 1624 traderem
1516 1586 1613 1624 meis
1647 1585 1823 1630 civibus;

428 1652 535 1703 quod
555 1652 820 1704 compluribus
835 1653 917 1704 jam
938 1652 1045 1690 libris
1066 1665 1129 1690 me
1147 1652 1308 1689 arbitror
1328 1651 1592 1689 consecutum.
1652 1650 1760 1688 Nam
1786 1659 1825 1689 et

428 1716 619 1755 cohortati
638 1717 783 1761 sumus,
816 1726 860 1754 ut
880 1718 1048 1754 maxime
1067 1717 1280 1768 potuimus,
1310 1716 1357 1754 ad
1381 1714 1634 1769 philosophiae
1653 1715 1827 1755 studium

429 1796 475 1821 eo
493 1783 609 1828 libro,
641 1782 711 1834 qui
731 1781 784 1820 est
800 1781 1004 1835 inscriptus
1035 1781 1262 1820 Hortensius
1278 1799 1292 1827 ς
1322 1790 1361 1820 et
1379 1781 1485 1834 quod
1504 1793 1625 1834 genus
1652 1780 1826 1834 philoso-

427 1848 574 1901 phandi
604 1849 770 1887 minime
801 1861 992 1901 arroganS,
1033 1848 1279 1901 maximeque
1311 1856 1350 1886 et
1382 1847 1570 1892 constans,
1603 1855 1642 1885 et
1673 1847 1826 1900 elegans

428 1916 711 1961 arbitraremur,
741 1925 907 1968 quatuor
935 1914 1181 1954 Academicis
1211 1914 1320 1953 libris
1346 1913 1597 1953 ostendimus.
1643 1914 1828 1967 Cumque

426 1981 729 2021 fundamentum
757 1981 848 2022 effet
877 1980 1129 2035 philosophiae
1159 1980 1326 2034 positum
1345 1981 1386 2019 in
1405 1980 1548 2019 finibus
1575 1980 1769 2019 bonorum
1787 1988 1828 2019 et

428 2048 637 2094 malorum,
669 2058 918 2102 perpurgatus
948 2048 1002 2087 est
1031 2048 1063 2086 is
1094 2047 1201 2087 locus
1232 2060 1254 2086 a
1283 2047 1394 2086 nobis
1414 2046 1589 2099 quinque
1608 2045 1732 2091 libris,
1767 2056 1826 2092 ut,

429 2114 524 2167 quid
545 2127 565 2152 a
581 2128 751 2168 quoque,
783 2124 821 2153 et
840 2114 936 2167 quid
954 2123 1087 2154 contra
1107 2127 1304 2167 quemque
1323 2110 1602 2166 philosophum
1622 2111 1827 2158 diceretur,

423 2180 597 2234 'intelligi
615 2181 748 2234 poffet.
781 2181 966 2220 Totidem
987 2181 1175 2220 subsecuti
1206 2181 1297 2219 libri
1316 2179 1625 2219 Tusculanarum
1655 2178 1827 2232 disputa-

427 2247 599 2293 tionum,
632 2261 688 2286 res
707 2248 754 2286 ad
785 2248 892 2287 beate
911 2247 1120 2286 vivendum
1150 2246 1321 2286 maxime
1340 2245 1556 2285 neceffarias
1581 2253 1826 2299 aperuerunt.

430 2314 585 2353 Primus
609 2315 716 2354 enim
735 2315 790 2353 est
808 2315 855 2353 de
873 2315 1156 2353 contemnenda
1174 2324 1300 2353 morte
1314 2331 1326 2360 ς
1359 2312 1544 2352 secundus
1563 2312 1612 2350 de
1631 2310 1829 2351 tolerando

430 2379 586 2427 dolore3
609 2381 655 2420 de
671 2381 897 2435 aegritudine
916 2381 1092 2420 lenienda
1111 2381 1244 2420 tertius
1257 2398 1270 2426 3
1293 2389 1449 2433 quartus
1470 2379 1516 2418 de
1531 2378 1689 2432 reliquis
1707 2376 1830 2416 animi

431 2447 807 2496 perturbationibus,
838 2447 998 2500 quintus
1019 2460 1112 2486 eum
1129 2448 1262 2486 locum
1285 2445 1512 2499 complexus
1533 2444 1600 2490 est,
1618 2444 1686 2497 qui
1706 2451 1828 2482 totam

433 2507 718 2563 philosophiam
737 2515 906 2554 maxime
925 2513 1087 2557 illustrat
1101 2532 1114 2560 5
1145 2513 1258 2554 docet
1287 2512 1394 2552 enim
1413 2513 1460 2551 ad
1492 2511 1600 2550 beate
1619 2507 1828 2550 vivendum

537 2576 576 2615 T
591 2590 614 2616 ο
631 2589 682 2616 Μ.
714 2579 788 2618 ΙΙΙ.
1489 2577 1529 2615 G

425 1400 459 1440 1,
481 1391 921 1544 QUAERENTI
948 1388 1063 1436 mihi,
1092 1389 1342 1442 multumque
1361 1397 1399 1428 et
1417 1388 1485 1427 diu
1504 1388 1705 1441 cogitanti,
1727 1401 1824 1441 qua-
