2223 3003
305 350 337 387 p.

304 390 340 420 35

304 1549 339 1579 35

587 235 881 279 VARIAE
961 234 1536 279 LECTIONES.

345 382 362 410 8
404 390 423 420 9
445 379 489 408 vel
505 378 555 417 ipfi
571 391 589 407 σ
602 379 631 406 d.

383 435 425 444 —-
440 419 570 457 judicent
586 418 758 455 njudicarem

383 475 425 484 —
444 458 565 496 alicujus
579 458 602 486 E
617 457 699 486 alicui

381 515 424 524 -
444 498 607 528 marmoreis
622 498 644 525 E
661 500 688 526 d.
703 510 733 531 r,
746 498 771 532 ψ
785 497 925 536 majoribus

386 549 423 569 10
444 538 621 577 fulgentibus
705 537 831 566 animum
846 552 863 565 ι-
877 538 903 565 d.

388 589 398 608 ι
408 589 422 608 2
443 588 540 607 eorum
556 577 659 606 habuit
672 577 695 606 E
713 591 738 612 η,
753 577 780 613 ψ
798 577 918 606 habueri!
930 577 1018 606 horum

381 634 422 642 —
443 618 516 647 nihil
532 619 554 647 E
566 632 590 651 n,
602 617 630 653 ψ
641 617 755 656 nihilque
771 618 798 646 U
812 618 926 656 nihilque
936 629 1019 647 eorum

381 674 423 683 —
444 659 545 687 fimiles
561 659 584 687 E
602 659 612 686 l
629 659 658 687 N
671 658 701 686 U
716 671 740 692 η,
757 658 923 695 ψῙεβηιίΙεσ

384 709 395 729 1
405 709 419 738 3
443 699 504 727 haec
518 698 635 737 quidem
649 699 673 727 E
686 698 716 726 hi
729 699 828 738 quidem
842 698 898 727 haec

386 749 424 776 14
444 739 550 767 adduci
563 739 588 773 ψ
603 740 663 767 duci

384 788 418 818 15
442 787 536 807 tamen
548 779 623 807 arfite
637 778 664 812 ψ
679 787 736 807 arte

385 828 420 854 17
443 820 504 852 Τυ,
527 828 590 846 cum
607 817 634 853 ψ
647 817 728 847 ‘Tuum

385 861 420 888 18
442 858 572 887 omnium
588 859 611 886 E
626 859 653 886 d.

382 914 424 922 —
444 898 555 927 dederit
571 898 593 925 Ε
609 897 639 925 Ν
657 897 686 926 U
701 899 770 926 dedit

386 948 423 977 ¹9
445 947 537 976 neque
551 950 570 965 ο·
583 946 661 975 arque

380 993 421 1001 —
441 979 501 1016 ipse
514 976 543 1005 U
559 991 571 1008 η
584 978 664 1015 ipsivn

383 1028 422 1048 2ο
441 1018 517 1048 inter
530 1017 743 1056 quadrupedem
757 1018 781 1046 E
796 1016 811 1045 Ι
824 1017 854 1046 N
866 1017 896 1047 U
911 1031 935 1053 n,
950 1031 977 1053 a,
991 1018 1017 1054 ψ

487 1059 673 1097 quadrupedem

379 1113 421 1121 -—
441 1098 567 1136 aliquam
585 1099 607 1126 E
622 1099 648 1132 ψ
661 1098 771 1137 aliquem
786 1097 799 1125 I
813 1099 840 1126 d.

379 1153 421 1161 -—
441 1138 608 1176 Qidquam
625 1139 648 1166 E
662 1140 705 1166 An
720 1142 854 1177 quiequam
868 1137 881 1166 Ῑ
895 1137 927 1166 Ν
944 1137 975 1166 U
989 1136 1017 1174 ψ

484 1179 667 1216 Qidquamne

383 1229 419 1249 22
441 1219 479 1247 est
494 1219 616 1246 maxime
632 1217 698 1246 boni
715 1218 738 1246 E
750 1219 782 1255 fi
798 1220 953 1257 maximegst
973 1217 1017 1246 ba-

488 1270 534 1287 nus
548 1271 577 1292 σ,
591 1259 617 1293 ψ
630 1261 741 1286 maxime
755 1258 815 1286 boni

382 1308 418 1337 23
442 1308 534 1337 neque
547 1299 570 1327 E
586 1298 600 1327 1
615 1312 638 1332 n,
651 1297 678 1333 ψ
693 1309 769 1336 neque
781 1301 847 1326 em'm

382 1349 418 1377 25
442 1338 588 1377 potiundis
603 1339 626 1366 E
644 1338 673 1367 U
688 1341 816 1376 potiendis

382 1379 420 1408 26
443 1378 497 1407 sese
512 1380 535 1407 F,
549 1379 579 1407 U
594 1377 658 1414 41st

384 1428 420 1455 27
444 1418 527 1447 bonis
543 1417 569 1453 ψ
583 1418 701 1447 bonorum

384 1460 420 1488 28
442 1467 458 1486 e
474 1458 496 1486 E
511 1458 540 1487 U
554 1468 587 1487 ex
601 1457 628 1493 ψ
642 1467 667 1487 et

386 1509 421 1537 ²9
445 1498 516 1527 nihil
532 1498 557 1532 ψ
570 1500 636 1526 mihi

344 1549 362 1578 9
406 1548 422 1567 2
434 1539 496 1567 ''Ora
582 1536 736 1576 ιὺῖοιιμονιάι
750 1539 772 1567 Ε
789 1538 802 1566 Ῑ
816 1538 846 1567 U
863 1551 886 1571 η,
900 1537 926 1574 ψ
940 1540 968 1567 d.

404 1589 418 1617 3
442 1579 475 1607 In
491 1587 549 1616 quo
632 1579 785 1607 vivendum
801 1579 815 1607 Ι
826 1579 852 1613 ψ
866 1580 894 1608 d.

376 1635 418 1642 —
439 1619 521 1647 beate
535 1617 565 1646 N
580 1618 639 1647 bene
653 1620 771 1658 beateque

400 1669 421 1697 4
439 1658 625 1688 aerurnnosum
640 1659 663 1687 E
673 1661 832 1698 aerupnosum

402 1709 418 1738 ς
441 1707 492 1728 nec
506 1700 529 1728 E
543 1709 619 1737 neque

378 1755 420 1763 —
441 1739 540 1777 putavi
556 1740 567 1767 I
583 1740 625 1776 effi
634 1742 737 1777 putavi

401 1780 420 1808 6
440 1778 659 1808 excruciabatur
674 1780 686 1808 1
703 1779 731 1808 Ν
750 1779 778 1809 U
792 1792 816 1814 n,
832 1793 859 1814 e,
871 1777 898 1815 ψ
913 1784 1015 1810 crucia-

488 1819 568 1848 batur

378 1875 420 1882 —
440 1868 496 1888 non
511 1859 666 1888 constantia
678 1860 700 1887 E
714 1868 738 1888 et
752 1871 799 1887 non
817 1861 961 1898 constantia

401 1901 417 1928 8
440 1899 568 1937 praefidio
582 1899 605 1927 E
621 1899 633 1926 I
649 1900 677 1928 U
694 1913 717 1932 ιι,
733 1899 760 1934 ψ
771 1901 892 1938 praefidm
905 1904 1016 1930 munitus

378 1954 420 1962 —-
440 1939 577 1968 comitatu
594 1940 616 1968 E
638 1941 850 1978 comitaruſsptus
865 1939 877 1967 1
893 1945 1014 1970 comitatu

483 1979 687 2017 circumstriplus
704 1982 836 2008 virtutum
852 1979 880 2008 U
895 1979 922 2016 ψ
937 1985 1014 2010 comi-

486 2028 546 2048 tatu
561 2022 787 2058 virtulumseplus

377 2074 418 2083 -
437 2059 498 2096 ejus
513 2060 535 2088 E
551 2061 578 2088 d.

382 2109 419 2130 ιο
439 2100 468 2128 in
484 2099 567 2128 rebus
580 2100 606 2134 ψ
619 2111 651 2128 ex
664 2099 738 2128 rebus

378 2155 419 2163 —
439 2140 588 2169 fortunatis
604 2140 617 2168 1
633 2141 661 2169 N
667 2141 883 2179 firtunanfflmis

384 2189 393 2208 1
405 2189 414 2209 1
441 2180 551 2209 mortali
567 2181 590 2209 E
607 2195 619 2211 η
633 2180 784 2209 mortalibus
798 2181 823 2213 ψ
837 2183 866 2209 A.

383 2230 417 2250 12
439 2220 545 2254 insane,
560 2221 583 2249 E
598 2220 624 2256 ψ
639 2222 736 2256 insane,
757 2232 771 2248 0
785 2221 878 2250 Marce
887 2223 984 2251 Antoni
997 2223 1011 2252 1

488 2263 585 2298 influe,
606 2261 650 2289 M.
665 2261 774 2289 Antonii

383 2309 417 2337 ¹3
441 2308 550 2330 tantum
567 2315 592 2334 n.
607 2302 632 2335 ψ
646 2311 730 2330 tamen

379 2355 420 2363 —
441 2340 553 2379 usurpas
570 2341 592 2370 E
607 2343 729 2379 usurpem

383 2389 420 2418 14
442 2380 609 2410 bentiffimus
625 2382 647 2410 E
666 2382 676 2410 Ι
694 2381 722 2410 U
738 2394 760 2413 n.
777 2395 803 2415 e.
821 2382 845 2417 ᾧ
860 2382 948 2413 beatus

379 2435 420 2444 -—
441 2429 517 2450 totus
533 2431 615 2460 aptus
631 2422 654 2451 E
667 2429 757 2460 raphu
770 2429 836 2451 totu

384 2470 393 2489 ι
404 2471 417 2500 5
441 2460 495 2490 sese
509 2461 539 2491 U
544 2463 575 2500 fi

376 2514 420 2524 —
438 2501 493 2530 Cui
506 2501 619 2542 leuique
634 2516 658 2538 η,
674 2501 701 2538 ψ
714 2506 755 2531 cti
769 2513 834 2532 vm

383 2541 419 2571 16
440 2542 550 2577 ext-bn

1167 337 1176 366 1

1070 347 1133 418 ¹{⁶59
1158 359 1193 414 1}
1215 376 1289 406 aihu
1304 377 1319 406 1
1331 377 1447 416 nihilque

1068 1619 1128 1658 360

1159 420 1193 446 18
1215 427 1281 446 eum
1296 417 1320 446 E
1335 419 1436 446 Etenim

1151 473 1193 481 —
1212 457 1269 486 istis
1284 458 1307 486 E
1319 458 1333 487 1
1347 471 1376 491 σ,
1387 458 1495 495 ψίβίω
1509 457 1540 488 U
1552 471 1566 491 ιι
1577 460 1718 498 istiusmodi

1155 507 1192 567 ἐξ
1213 507 1285 567 ζῗὲ
1294 500 1369 573 ’ὦ

1151 593 1192 601 -
1212 587 1269 607 non
1284 578 1370 606 modo
1384 579 1408 607 E
1422 577 1437 607 1
1450 578 1480 608 U
1495 591 1520 614 n,
1531 591 1560 614 o,
1569 579 1595 615 ψ
1604 590 1652 608 nen
1662 582 1731 610 mdo
1738 591 1787 612 non

1154 628 1186 648 21
1212 627 1267 657 ego
1279 618 1293 646 1
1306 620 1332 646 d.

1150 674 1192 682 —
1212 658 1425 697 evigilaverunt
1440 659 1464 688 E
1478 659 1642 699 evigilarunt
1661 660 1691 690 U
1711 660 1790 691 labo-

1259 707 1390 728 raverunt

1154 748 1170 768 2
1176 749 1190 777 3
1214 738 1286 768 nihil
1301 740 1323 767 E
1341 752 1354 770 η
1366 739 1480 779 nihilque
1491 739 1546 770 tale

1152 794 1193 801 —
1212 789 1246 807 eo
1261 779 1274 806 1
1288 782 1316 807 in
1329 790 1355 808 eo

1153 828 1192 855 24
1211 828 1303 856 neque
1318 819 1340 847 E
1355 829 1399 848 nee

1153 868 1188 897 25
1212 858 1375 887 hominibus
1389 860 1412 888 E
1425 859 1451 895 ψ
1465 860 1579 890 omnibus

1150 913 1191 920 —
1211 908 1246 926 an
1260 898 1287 933 ψ
1297 907 1345 927 aut

1153 938 1190 967 26
1211 948 1285 967 mors

1370 939 1460 977 potest
1473 953 1491 967 a·
1503 941 1529 968 d.
1536 942 1590 978 fid
1598 940 1656 969 alia
1666 952 1743 971 mann
1750 945 1791 973 ad

1256 987 1395 1008 extremam
1407 981 1614 1017 oramscribitur
1627 985 1647 998 “
1657 993 1722 1011 men
1732 990 1788 1012 ter-

1256 1018 1345 1047 ribilie
1370 1020 1412 1048 hi:
1436 1031 1539 1059 quorum
1561 1021 1618 1051 laun
1637 1027 1713 1052 emori
1739 1035 1786 1053 non

1250 1058 1363 1097 potest.’'

1153 1107 1189 1136 27
1213 1107 1269 1127 11011
1284 1099 1319 1127 iis
1336 1099 1359 1127 E
1371 1108 1394 1128 et
1409 1111 1457 1128 non
1470 1100 1513 1129 his

1152 1140 1189 1167 28
1210 1147 1304 1167 autem
1320 1139 1334 1167 1
1350 1140 1378 1168 U
1393 1140 1512 1169 terribile
1524 1143 1559 1180 est

1152 1188 1190 1217 29
1210 1188 1323 1207 omnem
1337 1192 1356 1208 a·
1369 1182 1396 1208 d.

1154 1228 1192 1256 30
1212 1220 1320 1248 ducunt
1335 1221 1358 1248 E
1374 1233 1387 1250 η
1401 1233 1419 1248 ο-
1432 1221 1520 1249 dicunt
1532 1221 1652 1260 lpum:

1149 1274 1190 1281 —
1212 1267 1239 1288 te
1255 1269 1386 1288 aerurnnae
1404 1260 1431 1288 U
1446 1269 1469 1289 ee
1483 1273 1609 1292 aerumnae

1148 1314 1189 1322 —
1209 1308 1342 1337 premunt
1359 1301 1381 1328 E
1398 1313 1422 1333 n,
1438 1313 1466 1334 σ,
1481 1300 1636 1340 &premunt
1647 1314 1727 1333 omnes

1152 1348 1184 1377 31
1212 1347 1239 1368 te
1256 1347 1388 1377 torquent
1403 1353 1421 1368 σ·
1433 1349 1582 1379 torquemur

1149 1394 1189 1401 —
1211 1379 1270 1407 dies
1287 1380 1354 1417 lper
1365 1382 1418 1408 dies

1151 1429 1187 1457 32
1209 1419 1248 1448 sat
1264 1420 1286 1448 E
1302 1419 1315 1447 1
1334 1420 1442 1455 Usan's

1148 1474 1189 1482 -—-
1210 1459 1331 1497 idipsum
1352 1459 1378 1486 U
1395 1462 1428 1487 id
1437 1460 1517 1498 ipfimu
1531 1463 1600 1499 quod
1609 1463 1687 1492 haba

1149 1514 1190 1522 —-
1210 1509 1245 1527 ne
1266 1509 1320 1527 non
1340 1499 1372 1527 fit
1387 1500 1554 1529 diuturnum
1572 1502 1595 1530 E
1610 1502 1637 1530 U
1653 1516 1666 1534 η
1681 1514 1710 1532 ne
1723 1505 1784 1532 diu-

1258 1549 1362 1568 turnum
1370 1543 1497 1578 futurum
1507 1543 1546 1580 fi!
1564 1542 1578 1570 1
1601 1556 1630 1576 σ,
1649 1544 1675 1578 ψ
1696 1555 1725 1573 ne
1737 1556 1786 1574 non

1256 1582 1580 1619 diuturnumfirfuaeurum

1174 1629 1182 1648 1
1210 1619 1352 1648 stimulant
1366 1635 1383 1648 0-
1397 1623 1595 1659 tuaefamulane

1171 1670 1186 1688 2
1210 1669 1299 1688 metus
1315 1675 1331 1688 r
1343 1671 1420 1689 metus
1434 1662 1482 1689 ve‘l

1170 1710 1185 1738 3
1209 1710 1273 1738 quae
1289 1709 1316 1729 te
1401 1702 1491 1731 finum
1508 1703 1565 1730 Ed.

1169 1751 1189 1777 4
1211 1741 1344 1778 respirare
1359 1741 1387 1770 U
1403 1755 1427 1775 ι,
1444 1755 1471 1775 e,
1487 1741 1653 1781 zlasuspirare

1168 1783 1187 1808 6
1210 1790 1293 1808 nemo
1309 1780 1335 1816 ψ
1350 1794 1396 1810 non

1146 1836 1186 1843 -
1207 1821 1271 1849 Nec
1286 1822 1308 1849 E
1324 1822 1412 1860 Neque

1170 1871 1186 1898 7
1210 1861 1272 1890 sunt
1285 1861 1310 1895 ψ
1325 1863 1351 1891 d.

1145 1916 1187 1923 ·-
1207 1902 1265 1929 vita
1282 1902 1304 1929 E
1321 1903 1333 1930 1
1351 1901 1654 1942 U„,slaviraested.

1146 1956 1187 1963 —
1208 1943 1391 1979 quat—est
1406 1956 1423 1971 σ
1438 1945 1464 1970 d.

1169 1984 1184 2010 8
1206 1981 1272 2009 essct
1287 1991 1380 2010 autem
1398 1983 1532 2021 fugienda
1548 1983 1592 2011 10
1604 1984 1631 2012 d.

1148 2031 1184 2050 ιο
1205 2021 1290 2050 debet
1307 2022 1333 2050 N
1350 2024 1416 2051 docet
1430 2036 1453 2055 n,
1465 2037 1492 2055 e,
1508 2024 1533 2056 ψ
1547 2026 1613 2052 dem

1151 2071 1160 2089 1
1170 2071 1183 2090 2
1198 2061 1501 2101 ''On—neug90'rpntra
1520 2064 1543 2092 E
1560 2064 1570 2091 l
1587 2064 1615 2092 U
1632 2077 1655 2096 nt,
1670 2077 1697 2097 e,
1712 2064 1737 2099 ψ
1751 2066 1779 2095 d,

1149 2111 1181 2139 13
1205 2103 1340 2141 AEqualia
1426 2104 1497 2132 (afta
1512 2104 1522 2131 1
1540 2103 1567 2132 U
1582 2117 1606 2136 ιι,
1621 2117 1650 2138 e,
1665 2105 1688 2139 ψ
1703 2107 1731 2134 ὀ.

1148 2151 1183 2179 14
1207 2143 1293 2171 Parva
1375 2144 1458 2179 culpa
1474 2145 1498 2178 ψ
1509 2144 1535 2171 d.

1143 2197 1184 2204 --
1205 2182 1299 2221 inquis
1315 2185 1336 2212 E
1354 2183 1365 2211 Ι
1382 2184 1408 2212 Ν
1427 2184 1455 2213 U
1472 2198 1496 2218 η,
1509 2198 1528 2213 e
1541 2188 1628 2223 inqui!

1145 2237 1187 2244 —
1207 2233 1246 2251 res
1263 2224 1286 2252 E
1303 2224 1312 2252 Ι
1328 2224 1357 2252 Ν
1374 2224 1402 2253 U
1418 2226 1446 2252 d.

1143 2278 1184 2284 —
1206 2271 1234 2292 nt
1251 2264 1272 2292 Ε
1287 2264 1300 2292 1
1316 2265 1344 2293 N
1362 2264 1391 2293 U
1406 2273 1434 2293 ut

1143 2317 1185 2325 -
1204 2303 1290 2342 culpa
1303 2305 1326 2333 E
1341 2304 1426 2343 eulpa,
1438 2305 1503 2342 five
1516 2309 1632 2334 maxima
1645 2306 1720 2343 eulpa

1143 2357 1185 2365 —
1204 2353 1255 2373 nec
1271 2346 1293 2373 E
1305 2356 1382 2384 utque

1149 2394 1182 2423 ¹5
1207 2394 1299 2413 rerum
1316 2386 1337 2414 E
1353 2385 1365 2413 1
1379 2395 1411 2414 ex
1423 2395 1508 2414 mm

1144 2439 1184 2446 —
1205 2425 1284 2453 vitiis
1300 2426 1322 2454 E
1339 2425 1397 2454 Iex
1410 2429 1490 2454 viliis

1151 2465 1239 2493 161n
1255 2474 1312 2503 qno
1326 2465 1349 2494 E
1364 2465 1378 2493 1
1393 2465 1417 2499 ψ
1432 2477 1479 2494 non
1493 2477 1540 2504 qn
1553 2464 1781 2504 Mefimstlae

1253 2505 1345 2544 quibus
1358 2514 1383 2535 ee
1397 2509 1425 2535 in
1437 2517 1484 2545 5¹·

2211 1619 2223 1806 -.⁴-‘-ss-·
