2223 3003
674 219 950 259 LIBER
1008 219 1508 260 SECUNDUS.
1718 232 1795 272 227

395 317 536 357 nostras
558 319 840 365 mandaremus,
874 330 916 359 ut
936 320 1030 374 saepe
1051 320 1229 359 fecimus.
1273 323 1378 360 Cum
1409 331 1538 359 autem
1568 319 1793 373 respublica,

395 385 437 422 in
457 399 532 438 qua
551 386 679 424 omnis
700 400 785 424 mea
804 401 906 432 cura,
928 388 1125 440 cogitatio,
1146 401 1259 440 opera
1278 388 1371 441 poni
1390 388 1545 432 solebat,
1577 387 1683 425 nulla
1708 387 1796 425 esset

395 451 572 496 omnino,
594 451 670 489 illae
689 451 834 490 scilicet
865 452 982 490 literae
1002 453 1286 497 conticuerunt,
1317 453 1495 498 forenses,
1525 461 1564 490 et
1590 451 1793 491 senatoriae.

395 514 514 554 Nihil
535 530 642 569 agere
662 526 789 554 autern
810 530 902 554 cum
923 518 1074 554 animus
1096 531 1173 555 non
1196 517 1327 570 poffet,
1350 519 1390 556 in
1411 517 1471 556 his
1492 518 1624 556 studiis
1650 519 1696 556 ab
1718 519 1794 556 iui-

393 581 451 619 tio
471 582 633 620 versatus
654 582 786 626 aetatis,
808 581 1020 619 existimavi
1040 581 1297 620 honestissime
1317 584 1504 621 molestias
1521 584 1620 637 poffe
1639 584 1794 637 deponi,

394 646 423 685 fi
444 661 507 685 me
524 648 569 685 ad
598 645 882 699 philosophiam
904 646 1124 685 retulissem.
1166 648 1242 685 Cui
1262 661 1354 686 cum
1375 649 1546 687 multum
1566 650 1795 694 adolescens,

395 712 566 750 discendi
585 711 706 756 causa,
742 712 925 765 temporis
947 712 1159 751 tribuiffem
1176 731 1188 757 ;
1220 713 1345 766 postea
1365 727 1482 765 quam
1503 713 1713 753 honoribus
1735 716 1797 753 in-

396 777 530 816 servire
550 778 666 831 coepi,
696 790 837 830 meque
857 787 985 816 totum
1006 778 1226 831 reipublicae
1248 779 1397 824 tradidi,
1428 789 1580 818 tantum
1601 790 1679 817 erat
1705 781 1794 833 phi·

395 842 577 896 losophiae
612 843 702 888 loci,
743 853 935 895 quantum
969 843 1204 896 superfuerat
1236 846 1453 883 amicorum
1498 854 1536 883 et
1574 846 1796 898 reipublicae

394 910 574 962 tempori.
619 909 663 949 Id
694 918 824 949 autem
853 923 970 949 omne
1003 910 1297 950 consumebatur
1317 912 1357 950 in
1386 911 1548 965 legendo
1563 930 1575 957 5
1607 911 1797 951 scribendi

393 983 521 1013 otium
541 989 619 1013 non
639 984 730 1015 erat.

448 1041 502 1079 ΙΙ.
535 1042 724 1080 Maximis
745 1042 865 1095 igitur
882 1044 922 1082 in
943 1043 1053 1082 malis
1074 1042 1149 1082 hoc
1171 1053 1299 1083 tamen
1320 1044 1413 1083 boni
1433 1044 1586 1083 affecuti
1606 1044 1796 1090 videmur,

395 1114 442 1145 ut
472 1121 513 1145 ea
541 1107 662 1147 literis
690 1109 973 1155 mandaremus,
1004 1123 1090 1162 quae
1121 1123 1191 1149 nec
1222 1111 1307 1150 fatis
1338 1120 1444 1150 erant
1464 1120 1554 1149 nota
1580 1111 1729 1156 nostris,
1760 1119 1798 1149 et

395 1183 502 1212 erant
521 1175 743 1227 cognitione
767 1176 997 1228 digniffima.
1049 1177 1158 1228 Qid
1188 1177 1241 1215 est
1271 1178 1391 1222 enim,
1425 1191 1492 1230 per
1524 1177 1653 1216 Deos!
1686 1187 1797 1230 opta-

396 1237 514 1278 bilius
545 1240 756 1291 sapientia?
788 1241 884 1292 quid
901 1240 1136 1294 praestantius
1157 1242 1170 1278 ?
1201 1242 1296 1294 quid
1326 1241 1479 1280 homini
1500 1242 1639 1280 melius
1660 1243 1672 1278 ?
1704 1243 1799 1294 quid

394 1303 557 1344 homine
577 1305 764 1359 dignius?
796 1307 913 1345 Hanc
944 1307 1063 1360 igitur
1089 1308 1157 1359 qui
1191 1317 1391 1360 expetunt,
1426 1307 1647 1361 philosophi
1668 1309 1799 1346 nomi-

396 1380 537 1410 nantur
554 1390 567 1418 3
616 1386 687 1410 nec
725 1373 939 1426 quidquam
970 1373 1073 1410 aliud
1110 1373 1164 1411 est
1199 1372 1456 1427 philosophia,
1498 1374 1525 1412 fi
1560 1375 1801 1428 interpretari

395 1437 504 1482 velis,
535 1451 652 1491 quam
672 1438 844 1477 studium
875 1439 1080 1492 sapientiae.
1113 1440 1303 1493 Sapientia
1330 1450 1460 1479 autem
1490 1439 1557 1485 est,
1591 1441 1653 1492 (ut
1683 1454 1703 1478 a
1732 1454 1801 1479 ve-

397 1503 543 1541 teribus
564 1503 804 1556 philosophis
829 1505 1035 1543 definitum
1056 1505 1125 1558 est)
1158 1519 1285 1544 rerum
1312 1506 1531 1545 divinarum
1550 1517 1588 1544 et
1607 1506 1800 1545 humana-

397 1582 502 1614 rum,
534 1569 821 1621 causarumque,
851 1571 993 1623 quibus
1013 1569 1072 1609 hae
1101 1584 1159 1609 res
1190 1573 1452 1617 continentur,
1474 1573 1628 1610 scientia
1645 1591 1657 1618 ς
1689 1574 1801 1625 cujus

396 1634 570 1674 studium
601 1636 670 1688 qui
693 1636 896 1689 vituperat,
927 1636 1030 1674 haud
1060 1636 1145 1675 sane
1177 1638 1367 1689 intelligo,
1388 1638 1576 1689 quidnam
1608 1639 1666 1683 s1t,
1695 1639 1802 1691 quod

397 1701 634 1741 laudandum
653 1711 777 1755 putet.
818 1702 924 1742 Nam
945 1702 1017 1740 five
1037 1703 1241 1741 oblectatio
1261 1704 1444 1756 quaeritur
1462 1704 1598 1749 animi,
1633 1705 1800 1757 requies-

396 1781 475 1820 que
495 1782 673 1808 curarum
690 1787 703 1815 ;
734 1782 819 1821 quae
842 1768 1008 1808 conferri
1025 1783 1118 1808 cum
1137 1782 1271 1808 eorum
1291 1769 1424 1808 studiis
1445 1770 1580 1823 potest,
1609 1771 1678 1823 qui
1699 1772 1800 1810 sem-

396 1848 465 1888 per
497 1836 646 1888 aliquid
675 1836 898 1889 anquirunt,
931 1836 1035 1889 quod
1069 1836 1210 1889 spectet
1243 1845 1282 1874 et
1311 1836 1431 1874 valeat
1463 1836 1510 1874 ad
1542 1837 1638 1874 bene
1671 1838 1800 1876 beate-

397 1914 476 1953 que
504 1902 744 1940 vivendum?
774 1902 848 1940 five
879 1903 975 1940 ratio
1003 1902 1221 1940 constantia:
1242 1901 1469 1955 virtutisque
1495 1903 1679 1954 quaeritur
1694 1922 1706 1948 ς
1737 1914 1802 1942 aut

396 1966 480 2006 haec
500 1980 557 2005 ars
579 1967 645 2014 est,
676 1977 742 2006 aut
771 1967 879 2006 nulla
897 1969 1073 2013 omnino,
1094 1982 1161 2021 per
1181 1981 1299 2020 quam
1318 1981 1377 2006 eas
1398 1967 1648 2020 affequamur.
1694 1969 1735 2008 N
1739 1969 1802 2007 ul-

397 2034 478 2073 lam
497 2034 622 2073 dicere
641 2034 900 2073 maximarum
922 2047 1050 2073 rerum
1081 2044 1202 2073 artem
1221 2034 1306 2079 effe,
1337 2048 1429 2072 cum
1451 2034 1705 2072 minimarum
1726 2035 1803 2073 fine

398 2110 477 2140 arte
510 2102 617 2140 nulla
652 2101 712 2146 fit,
760 2100 970 2140 hominum
1006 2101 1059 2140 est
1092 2115 1228 2155 parum
1273 2100 1505 2139 considerate
1543 2101 1802 2152 loquentium,

399 2177 514 2220 atque
533 2168 574 2206 in
594 2167 776 2206 maximis
797 2168 907 2206 rebus
928 2168 1151 2205 errantium.
1196 2167 1234 2205 Si
1254 2175 1382 2204 autem
1402 2165 1454 2203 est
1480 2165 1607 2218 aliqua
1629 2166 1802 2220 discipli-

401 2248 450 2272 na
468 2234 621 2272 virtutis
640 2250 652 2278 3
684 2233 752 2270 ubi
783 2246 825 2270 ea
844 2242 1045 2284 quaeretur,
1081 2246 1173 2270 cum
1193 2233 1240 2269 ab
1260 2231 1334 2270 hoc
1355 2231 1525 2270 discendi
1556 2246 1692 2285 genere
1725 2233 1802 2271 dis-

399 2299 577 2338 cesseris?
627 2298 698 2337 Sed
736 2296 833 2343 haec,
864 2311 956 2335 cum
983 2298 1029 2335 ad
1068 2296 1352 2350 philosophiam
1392 2296 1655 2343 cohortamur,
1686 2312 1802 2337 accu-

402 2367 518 2405 ratius
539 2364 721 2418 disputari
748 2364 869 2402 solent
890 2383 901 2409 ;
933 2364 1038 2416 quod
1059 2364 1132 2401 alio
1152 2363 1320 2416 quodam
1343 2364 1442 2402 libro
1473 2363 1652 2402 fecimus.
1713 2366 1803 2403 Hoc

401 2441 531 2470 autem
553 2441 725 2484 tempore
744 2429 894 2469 tantum
918 2431 1027 2468 nobis
1059 2429 1329 2468 declarandum
1351 2428 1440 2474 fuit,
1471 2444 1553 2475 cur,
1586 2431 1708 2469 orbati
1730 2432 1803 2468 rei-

405 2497 570 2548 publicae
591 2497 830 2543 muneribus,
861 2496 908 2536 ad
937 2496 1010 2535 hoc
1048 2510 1114 2536 uos
1145 2495 1315 2535 studium
1348 2496 1587 2549 potiffimum
1618 2497 1803 2536 contulis-

405 2560 542 2600 semus.

1368 2625 1503 2666 Ffz
