2223 3003
508 280 586 335 353
943 271 1474 313 ·PARADOXA.·

502 380 670 419 tenuitas
700 373 822 414 vietus
854 372 929 413 Μ’.
951 372 1064 411 Curii
1083 372 1342 425 sequebatur?
1374 370 1483 424 Qid
1513 370 1592 409 duo
1625 374 1911 425 propugnacula

503 445 600 483 belli
622 442 775 486 Punici,
807 441 883 479 Cn.
906 448 944 477 et
964 440 1009 478 P.
1033 439 1245 492 Scipiones,
1278 439 1347 492 qui
1379 436 1741 491 Carthaginensium
1768 439 1911 477 adven-

505 520 593 548 tum
613 506 837 561 corporibus
858 505 932 544 suis
963 504 1304 544 intercludendum
1335 504 1594 558 putaverunt?
1626 504 1736 556 Qid
1754 503 1912 544 Africa-

505 589 578 615 nus
600 576 752 628 major?
785 572 881 626 quid
902 572 1063 611 minor?
1103 571 1198 625 quid
1231 572 1331 610 inter
1360 570 1503 610 horum
1534 580 1660 610 aetates
1691 571 1911 624 interjectus

505 642 632 681 Cato?
656 641 750 694 quid
766 638 1068 678 innumerabiles
1088 638 1182 676 alii?
1206 638 1316 691 (nam
1336 638 1556 677 domesticis
1576 638 1767 691 exemplis
1787 638 1914 676 abun·

505 709 660 760 damus)
695 705 872 760 cogitaffe
896 705 1113 758 quidquam
1144 715 1326 758 putamus
1356 705 1397 743 in
1425 706 1502 743 vita
1532 705 1603 744 fibi
1634 704 1911 758 expetendum,

505 777 574 816 nisi
595 775 701 829 quod
720 773 910 813 laudabile
930 771 1017 818 effe,
1038 781 1077 810 et
1095 771 1321 825 praeclarum
1341 772 1532 812 videretur
1549 773 1562 809 ?

562 843 635 881 ΙΙΙ.
670 841 839 879 Veniant
869 839 988 890 igitur
1008 838 1068 875 isti
1098 837 1264 876 irrisores
1285 838 1401 890 hujus
1422 839 1604 878 orationis
1625 853 1667 877 ac
1687 839 1910 884 sententiae3

505 919 541 948 et
557 910 637 960 jam
660 906 718 943 vel
740 905 807 958 ipfi
823 904 1017 956 judicent,
1037 911 1170 941 utrum
1187 903 1223 942 se
1241 902 1384 942 horum
1403 905 1581 956 alicujus,
1602 906 1670 957 qui
1690 905 1914 944 marmoreis

506 975 629 1019 tectis,
664 973 778 1010 ebore
812 980 851 1009 et
883 984 976 1009 auro
1008 969 1266 1024 fulgentibuS,
1301 971 1371 1023 qui
1396 970 1524 1024 fignis,
1556 971 1625 1023 qui
1658 971 1814 1016 tabulis,
1847 972 1917 1024 qui

504 1042 638 1080 caelato
671 1053 763 1078 auro
793 1047 832 1076 et
865 1045 1036 1091 argento,
1072 1037 1142 1090 qui
1162 1036 1380 1077 Corinthiis
1413 1037 1593 1091 operibus
1627 1037 1839 1083 abundant,
1869 1051 1919 1077 an

505 1109 555 1147 C.
574 1106 757 1151 Fabricii,
791 1105 860 1158 qui
881 1103 982 1142 nihil
1001 1117 1136 1143 eorum
1155 1103 1306 1150 habuit,
1329 1102 1431 1143 nihil
1456 1103 1596 1143 habere
1617 1103 1754 1149 voluit,
1776 1103 1917 1143 fimiles

505 1173 575 1212 effe
596 1173 765 1212 malint?
798 1173 930 1224 Atque
963 1170 1046 1210 haec
1080 1171 1256 1225 quidem,
1290 1185 1376 1224 quae
1406 1171 1526 1211 modo
1554 1170 1649 1217 huc,
1683 1170 1801 1210 modo
1820 1171 1916 1210 illuc

506 1239 801 1284 transferuntur,
822 1237 935 1276 facile
954 1237 1094 1277 adduci
1113 1237 1250 1284 solent,
1269 1247 1312 1276 ut
1331 1238 1372 1276 in
1392 1238 1506 1276 rebus
1527 1237 1639 1277 bonis
1659 1236 1731 1275 effe
1750 1246 1891 1290 negent
1902 1255 1915 1281 5

506 1306 605 1345 illud
625 1316 754 1344 tamen
775 1306 874 1342 arcte
895 1313 1040 1349 tenent,
1061 1314 1312 1358 accurateque
1331 1303 1561 1349 defendunt,
1582 1304 1823 1357 voluptatem
1846 1302 1917 1342 effe

506 1373 708 1411 summum
729 1372 879 1410 bonum
898 1386 906 1408 :
933 1385 1019 1423 quae
1037 1371 1197 1424 quidem
1217 1370 1319 1410 mihi
1339 1385 1415 1410 vox
1434 1371 1631 1424 pecudum
1658 1370 1809 1409 videtur
1829 1368 1917 1414 esse,

507 1454 585 1478 non
606 1437 828 1477 hominum.
849 1439 930 1482 Tu,
949 1451 1041 1476 curn
1063 1439 1135 1477 tibi
1154 1438 1227 1476 five
1243 1440 1367 1483 Deus,
1388 1439 1462 1476 five
1477 1448 1599 1477 mater
1621 1438 1683 1489 (ut
1700 1437 1752 1476 ita
1767 1437 1914 1488 dicam)

507 1520 634 1544 rerum
655 1506 850 1548 omnium,
881 1512 1027 1548 natura,
1060 1504 1208 1542 dederit
1224 1505 1416 1549 animum,
1445 1518 1525 1557 quo
1546 1503 1645 1542 nihil
1665 1503 1719 1541 est
1737 1504 1916 1557 praestan-

507 1573 598 1616 tius,
622 1585 746 1623 neque
767 1570 951 1615 divinius,
973 1570 1023 1608 fic
1044 1579 1081 1608 te
1102 1569 1180 1623 ipse
1196 1570 1354 1623 abjicies
1374 1579 1489 1624 atque
1509 1569 1734 1624 prosternes,
1753 1579 1796 1608 ut
1817 1569 1918 1608 nihil

506 1639 606 1677 inter
627 1648 663 1676 te
684 1647 797 1689 atque
817 1637 917 1674 inter
937 1636 1227 1690 quadrupedem
1243 1637 1414 1690 aliquam
1434 1647 1546 1690 putes
1563 1635 1762 1675 interesse?
1785 1636 1918 1688 Qid-

506 1718 625 1757 quam
646 1704 794 1742 bonum
817 1702 882 1748 est,
902 1703 1008 1755 quod
1022 1716 1099 1741 non
1120 1716 1225 1748 eum,
1241 1703 1312 1756 qui
1328 1703 1368 1741 id
1388 1702 1563 1756 possidet,
1578 1703 1779 1741 meliorem
1800 1701 1917 1740 facit?

505 1772 565 1809 Ut
598 1771 703 1809 enim
736 1769 899 1822 quisque
928 1769 982 1808 est
1013 1770 1184 1808 maxime
1215 1770 1309 1809 boni
1329 1771 1533 1824 particeps,
1565 1770 1616 1808 ita
1647 1779 1685 1808 et
1715 1768 1917 1808 laudabilis

507 1837 677 1875 maxime
695 1856 706 1883 5
738 1849 862 1888 neque
883 1837 935 1874 est
956 1836 1084 1875 ullum
1105 1837 1270 1882 bonum,
1293 1837 1339 1875 de
1359 1851 1438 1890 quo
1458 1851 1536 1876 non
1558 1837 1602 1882 is,
1626 1837 1695 1890 qui
1711 1836 1750 1874 id
1766 1835 1917 1881 habeat,

507 1901 663 1940 honeste
685 1900 794 1953 possit
814 1901 983 1952 gloriari.
1008 1902 1116 1952 Qid
1136 1912 1265 1940 autem
1286 1903 1339 1940 est
1358 1902 1500 1940 horum
1521 1903 1561 1941 in
1582 1903 1778 1954 voluptate
1796 1903 1809 1938 ?
1831 1915 1918 1939 me-

508 1968 697 2007 lioremne
718 1966 851 2010 efficit,
884 1976 948 2004 aut
979 1966 1272 2005 laudabiliorem
1294 1967 1450 2005 virum?
1482 1981 1526 2005 an
1548 1967 1751 2020 quisquam
1774 1967 1813 2004 in
1844 1980 1917 2019 po-

508 2034 654 2072 tiundis
676 2033 938 2085 voluptatibus
958 2032 1158 2086 gloriando
1180 2033 1266 2079 sese,
1283 2044 1321 2072 et
1342 2035 1608 2087 praedicatione
1628 2033 1765 2072 effert?
1795 2033 1919 2085 Atqui

507 2101 534 2139 fi
556 2100 747 2152 voluptas,
764 2113 849 2151 quoe
870 2100 1130 2153 plurimorum
1154 2102 1376 2153 patrociniis
1397 2100 1629 2146 defenditur,
1652 2102 1690 2139 in
1713 2101 1824 2138 rebus
1846 2100 1918 2138 bo·-

510 2167 568 2206 nis
589 2165 763 2204 habenda
785 2178 859 2203 non
882 2165 958 2210 cst,
991 2179 1124 2218 eaque,
1157 2181 1236 2219 quo
1255 2167 1308 2205 est
1330 2169 1465 2220 major,
1498 2181 1543 2206 eo
1565 2168 1685 2221 magis
1706 2175 1878 2205 mentem
1899 2180 1920 2203 e

511 2233 573 2270 sua
597 2232 677 2269 sede
697 2242 734 2269 et
756 2231 850 2269 statu
881 2232 1054 2270 dimovet
1067 2250 1078 2277 3
1112 2231 1284 2284 profecto
1304 2233 1404 2273 nihil
1435 2233 1487 2272 est
1508 2234 1611 2273 aliud
1638 2234 1733 2273 bene
1753 2242 1790 2272 et
1812 2233 1918 2271 beate

507 2299 650 2344 vivere,
674 2298 740 2336 nili
763 2297 918 2337 honeste
939 2308 976 2338 ct
998 2301 1095 2338 recte
1115 2299 1254 2340 vivere.
