2223 3003
678 201 955 243 LIBER
1011 200 1511 243 SECUNDUS.
1744 218 1796 260 93

535 304 747 359 Qadrupes
766 304 995 358 tardigrada,
1015 303 1174 358 agrestis,
1195 303 1348 349 humih's,
1368 305 1509 358 aspera,

537 373 668 426 Capite
687 372 804 418 brevi,
825 372 963 411 cervice
981 372 1154 424 anguina,
1174 370 1338 425 αίζβρεὲἶιι
1356 371 1468 418 truci,

537 440 768 493 Evffcerata,
789 438 960 482 inanima,
983 451 1061 476 cum
1080 438 1230 475 animali
1230 439 1333 491 sono,

398 516 493 543 cum
526 503 677 542 dixisset
695 502 906 546 obscurius,
935 510 1021 539 tum
1041 501 1167 539 Attici
1199 502 1451 554 respondent;
1484 502 1579 542 Non
1607 502 1798 557 intelligi-

399 582 503 615 mus,
523 569 593 608 nifi
611 576 737 621 aperte
756 567 910 605 dixeris.
932 567 988 604 At
1006 566 1072 604 ille
1093 578 1171 604 uno
1191 566 1320 611 verbo,
1338 567 1523 607 Testudo.
1547 569 1640 608 Non
1658 579 1796 622 potue-

400 648 457 673 ras
475 634 550 673 hoc
571 634 690 687 igitur
708 647 729 671 a
747 633 953 686 principio,
973 631 1179 677 citharista,
1201 632 1326 670 dicere
1343 633 1357 670 ?

441 699 569 738 LXV.
593 697 730 738 Defert
748 698 795 736 ad
810 699 1066 751 conjectorem
1087 698 1261 750 quidam,
1283 697 1477 737 somniaffe
1495 699 1544 744 se,
1562 713 1678 739 ovum
1699 715 1798 754 pen-

399 766 487 805 dere
506 780 554 805 ex
582 764 696 804 fascia
724 765 813 803 lecti
833 765 889 804 sui
909 765 1154 804 cubicularis.
1198 765 1266 803 Est
1294 764 1372 804 hoc
1402 766 1443 803 in
1463 764 1668 819 Chrysippi
1698 768 1799 807 libro

398 832 607 873 somnium.
625 831 841 884 Respondit
855 833 1060 884 conjector,
1077 830 1296 870 thesaurum
1311 830 1500 870 defossum
1515 831 1586 870 effe
1598 832 1666 871 sub
1684 833 1796 873 leeto.

398 898 516 936 Fodit
530 916 542 943 ς
583 898 732 936 invenit
764 900 846 936 auri
877 899 1136 951 aliquantum,
1171 898 1288 951 idque
1313 898 1598 937 circumdatum
1624 909 1797 952 argento.

396 964 511 1003 Mifit
530 964 737 1017 conjectori
757 964 989 1017 quantulum
1008 964 1132 1003 visum
1149 964 1202 1003 est
1221 965 1267 1003 de
1285 974 1455 1017 argento.
1479 966 1588 1003 Tum
1609 965 1689 1010 ille,
1717 966 1798 1004 Ni-

397 1029 520 1075 hilne,
555 1031 700 1082 inquit,
734 1031 780 1068 de
798 1031 960 1069 vitello?
995 1031 1040 1069 Id
1060 1032 1165 1069 enim
1191 1031 1226 1069 ei
1255 1044 1301 1069 ex
1321 1044 1394 1069 ovo
1427 1031 1627 1069 videbatur
1660 1045 1798 1070 aurum

395 1096 595 1134 declaraffe
610 1115 622 1142 ς
656 1097 865 1149 reliquum,
898 1106 1115 1149 argentum.
1158 1098 1340 1136 Nemone
1370 1097 1491 1150 igitur
1509 1110 1682 1149 unquam
1701 1098 1797 1136 alius

396 1175 516 1201 ovum
536 1163 739 1201 somniavit
758 1163 771 1200 ?
803 1164 885 1201 Cur
902 1176 993 1215 ergo
1011 1162 1077 1201 hic
1097 1163 1224 1201 nescio
1254 1163 1341 1216 quis
1373 1162 1591 1203 thesaurum
1612 1164 1712 1202 solus
1733 1164 1797 1202 in-

395 1228 530 1266 venit?
551 1228 685 1280 Qam
705 1227 823 1266 multi
843 1228 989 1282 inopes,
1005 1228 1113 1281 digni
1132 1228 1302 1281 praefidio
1315 1229 1506 1273 Deorum,
1524 1228 1633 1266 nullo
1649 1229 1798 1267 somnio

397 1294 445 1332 ad
465 1293 685 1333 thesaurum
699 1295 967 1347 reperiendum
983 1295 1262 1333 admonentur?
1285 1295 1415 1346 Qam
1431 1304 1560 1333 autem
1576 1294 1627 1332 ob
1647 1295 1799 1334 causam

397 1368 478 1399 tam
498 1360 551 1398 est
569 1359 727 1399 obscure
744 1360 980 1406 admonitus,
1012 1369 1056 1398 ut
1076 1373 1123 1399 ex
1142 1374 1216 1398 ovo
1235 1360 1449 1398 nasce-retur
1469 1359 1632 1399 thesauri
1660 1360 1796 1398 fimili-

396 1426 506 1470 tudo,
538 1427 682 1478 potius,
714 1439 831 1478 quam
860 1436 987 1479 aperte
1018 1425 1237 1465 thesaurum
1258 1439 1422 1478 quaerere
1446 1426 1670 1478 juberetur3
1703 1426 1797 1464 ficut

399 1499 525 1543 aperte
547 1492 762 1530 Simonides
783 1493 922 1530 vetitus
943 1493 995 1531 est
1017 1493 1214 1545 navigare?
1248 1494 1354 1546 Ergo
1374 1493 1532 1531 obscura
1552 1492 1698 1530 somnia
1718 1492 1796 1530 mi-

397 1556 503 1593 nime
521 1556 771 1594 consentanea
790 1557 877 1595 sunt
897 1558 1080 1610 majestati
1101 1559 1292 1596 Deorum.

454 1622 603 1660 LXVI.
640 1622 703 1660 Ad
723 1632 849 1674 aperta
867 1631 905 1660 et
936 1623 1037 1661 clara
1055 1625 1267 1667 veniamus,
1301 1623 1414 1675 quale
1444 1623 1496 1660 est
1522 1623 1568 1660 de
1589 1623 1657 1660 illo
1676 1623 1794 1660 inter-

396 1685 498 1725 fe&o
528 1700 549 1724 a
568 1688 752 1739 Caupone
771 1688 942 1740 Megaris
958 1707 969 1733 ς
1002 1689 1114 1741 quale
1133 1688 1179 1726 de
1201 1688 1411 1733 Simonide,
1443 1689 1511 1740 qui
1531 1688 1577 1725 ab
1599 1702 1657 1732 eo,
1679 1702 1797 1740 quem

397 1751 589 1797 humarat,
611 1752 751 1790 vetitus
772 1752 825 1790 est
844 1753 1018 1806 navigare
1033 1771 1046 1798 3
1077 1754 1189 1806 quale
1214 1754 1330 1791 etiam
1351 1753 1397 1791 de
1417 1754 1649 1798 Alexandro,
1673 1754 1797 1806 (quod

398 1831 420 1856 a
439 1828 476 1856 te
496 1818 732 1872 praeteritum
752 1818 823 1857 effe
843 1819 980 1871 miror)
1002 1819 1084 1871 qui,
1102 1832 1194 1857 cum
1214 1819 1457 1864 Ptolemaeus,
1479 1818 1678 1857 familiaris
1699 1821 1796 1872 ejus,

391 1883 433 1922 in
453 1884 583 1938 praelio
602 1884 680 1922 telo
699 1893 884 1922 venenato
903 1884 1001 1922 ictus
1013 1883 1115 1929 effet,
1136 1897 1259 1937 eoque
1276 1884 1432 1922 vulnere
1444 1884 1598 1922 summo
1616 1898 1707 1922 cum
1725 1885 1797 1923 do-

394 1950 475 1989 lore
495 1959 720 1996 moreretur,
753 1950 972 1989 Alexander
991 1950 1148 1989 affidens
1180 1951 1315 1989 somno
1339 1950 1391 1988 est
1410 1950 1643 2004 consopitus.
1686 1953 1798 1989 Tum

397 2015 608 2054 secundum
629 2016 801 2069 quietem
822 2016 920 2055 visus
941 2017 975 2055 ei
995 2017 1138 2055 dicitur
1158 2017 1271 2055 draco
1291 2017 1337 2061 is,
1370 2030 1488 2069 quem
1509 2026 1629 2054 mater
1651 2017 1795 2068 Olym-

397 2082 477 2134 pias
497 2082 634 2128 alebat,
670 2083 882 2121 radiculam
913 2096 977 2121 ore
1007 2082 1117 2128 ferre,
1154 2092 1191 2120 et
1210 2083 1323 2121 fimul
1355 2083 1493 2127 dicere,
1529 2096 1607 2134 quo
1635 2083 1701 2120 illa
1720 2083 1796 2121 loci

397 2148 611 2187 nasceretur
626 2169 638 2195 ;
670 2163 796 2202 neque
829 2150 859 2188 is
889 2149 1006 2202 longe
1036 2150 1162 2188 aberat
1192 2150 1239 2187 ab
1259 2162 1304 2187 eo
1330 2149 1417 2187 loco
1436 2165 1450 2187 :⁴
1476 2150 1557 2201 ejus
1577 2159 1705 2187 autem
1725 2149 1796 2187 effe

396 2214 479 2253 vim
501 2224 659 2260 tantam,
681 2225 724 2253 ut
751 2215 1005 2254 Ptolemaeum
1033 2215 1144 2253 facile
1164 2215 1318 2253 sanaret.
1366 2215 1469 2252 Cum
1490 2214 1706 2252 Alexander
1725 2229 1793 2252 ex-

398 2281 588 2332 perreRus
611 2279 785 2319 narraffet
805 2280 938 2318 amicis
958 2280 1168 2325 somnium,
1191 2279 1348 2318 emififfe
1367 2280 1436 2332 qui
1457 2279 1564 2317 illam
1585 2280 1794 2317 radiculam

397 2355 607 2396 quaererent
619 2364 632 2391 5
664 2359 739 2399 qua
758 2346 925 2391 inventa,
962 2355 1000 2384 et
1020 2346 1251 2384 Ptolemaeus
1270 2345 1416 2383 sanatus
1444 2345 1599 2390 dicitur,
1620 2354 1658 2382 et
1677 2344 1793 2382 multi

399 2409 556 2456 milites,
578 2412 647 2464 qui
666 2421 771 2450 erant
791 2411 927 2450 eodem
947 2425 1082 2465 genere
1103 2412 1169 2449 teli
1190 2411 1391 2450 vulnerati.

456 2473 587 2513 Multa
618 2477 736 2515 etiam
770 2477 856 2515 sunt
887 2491 907 2515 a
941 2486 979 2516 te
1011 2491 1058 2516 ex
1089 2476 1255 2515 historiis
1286 2476 1432 2529 prolata
1461 2475 1619 2519 somnia,
1661 2473 1792 2512 matris

401 2537 626 2585 Phalaridis,
663 2543 756 2593 Cyri
775 2542 990 2596 superioriS,
1026 2543 1158 2582 matris
1179 2542 1369 2594 Dionyfii‚
1402 2541 1512 2581 Poeni
1541 2538 1792 2583 Hamilcaris,
