2223 3003
437 251 516 291 3¹0
762 232 1533 275 ‘DESENECTUTEs

488 334 609 387 'Qod
639 334 665 372 s1
696 332 774 370 istis
805 330 892 383 ipfis
923 329 1185 382 voluptatibus
1214 329 1314 367 bona
1339 337 1426 367 aetas
1446 327 1590 366 fruitur
1616 327 1830 377 libentium

434 400 607 454 primum
637 397 803 450 parvulis
822 395 966 433 fruitur
995 395 1121 440 rebus,
1153 404 1197 434 ut
1216 395 1388 434 diximus
1404 413 1415 439 ;
1447 394 1583 432 deinde
1602 395 1664 439 iis,
1692 395 1835 447 quibus

432 467 614 508 senectus,
633 464 658 501 fi
680 476 758 500 non
778 461 928 500 abunde
947 462 1109 514 potitur,
1127 475 1203 500 non
1223 462 1387 501 omnino
1406 470 1521 499 caret.
1554 462 1611 499 Ut
1631 461 1834 514 Turpione

432 529 620 569 Ambivio
640 528 762 581 magis
782 527 1004 572 delcetatur,
1030 528 1098 580 qui
1118 528 1158 566 in
1178 528 1303 581 pri-ma
1322 541 1433 566 cavea
1453 527 1607 580 spectat,
1629 526 1835 565 delectatur

432 606 562 634 tamen
580 595 696 633 etiam
727 595 795 647 qui
828 594 869 632 in
892 594 1029 632 ultima
1045 612 1057 639 3
1089 594 1139 633 fic
1169 594 1434 639 adolescentia,
1470 593 1686 646 voluptates
1718 605 1836 646 prope

431 663 602 706 intuens,
635 661 758 714 magis
785 659 934 699 fortaffe
965 660 1114 699 laetatur
1131 679 1144 706 ς
1176 660 1238 698 sed
1270 660 1478 699 delectatur
1509 660 1625 698 etiam
1652 659 1834 704 senestus,

432 728 568 782 procul
587 741 647 766 eas
668 727 852 780 spectans,
875 736 1041 772 tanturn,
1062 736 1253 780 quantum
1274 727 1326 765 sat
1346 727 1412 765 est.

487 796 544 833 At
573 794 640 832 illa
659 794 794 846 quanti
813 792 914 837 sunt,
945 793 1121 831 animum
1147 803 1331 846 tanquam
1357 792 1529 831 emeritis
1559 791 1754 845 stipendiis
1786 791 1837 828 li-

433 861 577 900 bidinis
591 889 602 906 ‚
633 859 858 898 ambitionis
871 887 884 902 ‚
913 858 1174 896 contentionis
1188 887 1200 903 ,
1225 858 1521 896 inimicitiarum
1536 887 1547 902 ,
1577 858 1839 911 cupiditatum

424 926 634 969 omnium,
663 925 794 962 secum
818 922 910 968 effe,
946 922 1155 975 secumque
1189 923 1263 974 (ut
1282 923 1456 974 dicitur)
1490 923 1643 960 vivere?
1680 923 1717 961 Si
1748 935 1839 960 vero

431 992 550 1031 habet
569 990 727 1043 aliquod
754 998 939 1042 tanquam
958 989 1147 1042 pabulum
1167 989 1281 1028 studii
1300 998 1416 1042 atque
1435 989 1629 1034 doctrina
1661 987 1761 1028 nihil
1787 988 1841 1026 est

432 1057 552 1097 otiosa
571 1057 762 1095 senectute
775 1055 1004 1108 jucundius·
1036 1055 1145 1094 Mori
1165 1055 1388 1094 videbamus
1409 1056 1450 1093 in
1470 1041 1594 1093 st'udio
1613 1052 1842 1093 dimetiendi

432 1137 532 1177 pene
550 1123 633 1162 caeli
664 1131 780 1174 atque
801 1130 907 1166 terrae
928 1122 976 1160 C.
1000 1121 1176 1167 Gallum,
1199 1120 1431 1160 familiarem
1452 1121 1568 1175 patris
1590 1121 1662 1166 tui,
1695 1119 1839 1173 Scipio.

434 1189 600 1241 Qoties
632 1188 747 1227 illum
778 1188 847 1227 lux
876 1189 992 1227 noem
1020 1187 1166 1240 aliquid
1192 1187 1402 1226 describere
1433 1186 1658 1240 ingressum,
1690 1186 1842 1239 quoties

435 1270 516 1295 nox
531 1254 725 1308 oppressit,
748 1268 842 1293 cum
861 1268 975 1293 mane
994 1253 1167 1307 coepiffet
1185 1255 1198 1291 ?
1232 1268 1350 1306 quam
1371 1254 1582 1293 delectabat
1601 1267 1691 1291 eum
1712 1251 1843 1291 defec—

429 1323 559 1361 1iones
580 1321 666 1359 solis
686 1330 724 1358 et
744 1321 844 1358 lunae
864 1320 991 1359 multo
1009 1320 1122 1358 nobis
1143 1330 1229 1358 ante
1250 1321 1451 1373 praedicere
1469 1322 1483 1357 ?

491 1387 601 1439 Qid
634 1387 674 1425 in
704 1386 913 1425 levioribus
943 1386 1092 1431 studiis,
1126 1386 1189 1424 sed
1210 1396 1337 1425 tamen
1371 1387 1525 1425 acutis?
1561 1399 1678 1439 quarn
1699 1385 1842 1438 gaude-

436 1455 503 1493 bat
523 1453 625 1492 bello
644 1454 710 1492 suo
729 1454 882 1492 Punico
903 1453 1085 1492 Naevius!
1118 1466 1236 1505 quam
1257 1453 1502 1492 Truculento
1522 1452 1703 1491 Plautus!
1727 1464 1846 1504 quam

437 1519 649 1560 Pseudolo!
683 1519 777 1573 Vidi
797 1519 915 1557 etiam
936 1518 1064 1557 senem
1086 1519 1246 1557 Livium
1261 1537 1274 1563 ς
1307 1520 1390 1571 qui,
1423 1533 1516 1557 cum
1536 1518 1598 1556 sex
1619 1531 1737 1556 annos
1757 1527 1846 1556 ante

435 1600 555 1639 quam
574 1599 646 1638 ego
671 1593 782 1623 natus
803 1583 902 1629 sum,
937 1583 1110 1623 fabulam
1142 1584 1340 1629 docuiffet,
1374 1586 1550 1623 Centone
1569 1584 1847 1636 Tuditanoque

437 1651 690 1696 Consulibus,
713 1649 830 1703 usque
849 1650 896 1688 ad
916 1641 1210 1689 adolescentiam
1232 1663 1358 1688 meam
1378 1649 1555 1703 proceflit
1576 1658 1696 1688 aetate.
1736 1649 1847 1701 Qid

437 1718 483 1756 de
505 1719 549 1756 P.
572 1717 718 1756 Licinii
740 1716 856 1755 Craffi
889 1725 926 1754 et
945 1715 1154 1770 pontificii,
1190 1725 1228 1754 et
1251 1716 1376 1754 civilis
1402 1716 1501 1769 juris
1522 1715 1647 1754 studio
1677 1716 1844 1768 loquar?

437 1793 502 1822 aut
523 1784 569 1822 de
588 1783 703 1836 hujus
726 1784 770 1822 P.
795 1783 999 1836 Scipionis,
1031 1783 1098 1835 qui
1120 1781 1181 1821 his
1203 1783 1334 1836 paucis
1361 1783 1494 1821 diebus
1517 1781 1699 1821 Pontifex
1720 1782 1847 1820 maxi-

436 1863 527 1888 mus
548 1849 669 1887 factus
690 1848 742 1886 est
762 1850 774 1885 ?
806 1849 932 1900 Atqui
951 1862 1014 1886 eos
1035 1862 1186 1893 omnes,
1223 1863 1319 1901 quos
1337 1848 1656 1893 commemoravi,
1684 1847 1744 1886 his
1766 1847 1847 1886 stu-

438 1917 512 1954 diis
543 1915 740 1968 flagrantes
771 1913 873 1952 senes
908 1914 1092 1952 vidimus.
1135 1915 1199 1952 M.
1222 1928 1310 1953 vero
1332 1913 1569 1966 Cethegum,
1601 1927 1719 1966 quem
1750 1916 1848 1951 redte

439 1981 571 2021 Suada?
587 1980 770 2019 medullam
789 1979 888 2018 dixit
910 1980 1075 2025 Ennius,
1107 1989 1252 2033 quanto
1273 1980 1395 2018 studio
1423 1979 1588 2018 exerceri
1617 1979 1657 2016 in
1687 1979 1850 2017 dicendo

439 2047 682 2091 videbamus,
716 2047 833 2084 etiam
854 2046 982 2085 senem
1001 2047 1013 2084 ?
1046 2047 1144 2098 Qae
1166 2046 1251 2085 sunt
1271 2047 1389 2100 igitur
1409 2046 1626 2099 epularum,
1648 2055 1712 2083 aut
1733 2045 1847 2083 ludo-

441 2128 544 2158 rum,
576 2122 640 2151 aut
662 2113 874 2150 scortorum
895 2112 1109 2165 voluptates
1142 2127 1233 2151 cum
1254 2112 1315 2151 his
1337 2113 1599 2166 voluptatibus
1619 2125 1849 2165 comparan-

441 2181 525 2219 dae?
558 2181 690 2231 Atque
711 2177 792 2216 hoec
813 2178 973 2231 quidem
996 2179 1118 2217 studia
1136 2179 1317 2217 doftrinae
1336 2197 1346 2223 5
1379 2193 1464 2231 qum
1489 2179 1648 2231 quidem
1679 2179 1848 2232 pruden-

442 2247 546 2285 tibus
565 2255 601 2283 ct
624 2246 719 2283 benc
742 2245 924 2282 institutis
947 2246 1083 2297 pariter
1102 2259 1195 2284 cum
1216 2254 1322 2283 :etate
1347 2245 1520 2284 crescunt
1539 2260 1547 2283 :
1582 2255 1623 2282 ut
1644 2244 1847 2283 honestum

443 2311 540 2350 illud
562 2311 710 2349 Solonis
735 2310 791 2354 lit,
827 2311 932 2362 quod
954 2312 1004 2348 ait
1025 2311 1208 2349 versiculo
1228 2311 1414 2363 quodam,
1437 2320 1479 2348 ut
1497 2320 1582 2349 ante
1602 2309 1697 2353 dixi,
1728 2309 1848 2348 senes-

442 2390 527 2416 cere
559 2376 594 2414 sc
630 2376 752 2414 multa
787 2376 825 2413 in
857 2377 937 2413 dics
970 2377 1254 2415 addiscentem:
1293 2390 1368 2429 qua
1388 2376 1583 2428 voluptate
1603 2375 1720 2413 :mimi
1745 2375 1848 2413 nulla

443 2452 545 2481 certe
567 2442 687 2494 potest
706 2440 775 2478 css'c
798 2443 930 2494 major.

500 2509 590 2547 XV.
624 2509 749 2546 Venio
776 2522 878 2546 nunc
909 2509 953 2547 ad
985 2510 1199 2562 voluptates
1221 2508 1489 2562 agricolarum,
1521 2509 1661 2560 quibus
1683 2522 1754 2561 ego
1786 2507 1847 2545 in-

439 2574 681 2614 credibiliter
697 2574 883 2622 deletion
907 2589 990 2629 quat·
1012 2589 1080 2614 nec
1098 2575 1175 2614 ulla
1192 2575 1458 2629 impediuntur
1476 2574 1676 2621 senectute,
1695 2585 1731 2613 ct
1750 2572 1849 2613 mihi
