2223 3003
763 171 1364 213 FRAGMENTA.

1674 191 1750 232 393

347 280 484 309 omnes
505 268 797 323 complectitur,
832 269 1005 308 summus
1039 270 1118 324 ipse
1154 272 1281 316 Deus,
1314 284 1441 311 arcens
1477 284 1514 313 et
1549 274 1750 314 continens

352 346 535 383 caeteros,
565 336 607 374 in
627 349 706 388 quo
727 335 837 374 infixi
858 336 945 375 sunt
964 337 1038 382 illi,
1065 337 1134 389 qui
1154 337 1374 382 volvuntur,
1397 339 1591 380 stellarum
1623 340 1750 378 cursus

351 401 601 455 sempiterni:
634 402 698 440 cui
727 401 884 454 subjecti
916 402 1002 440 sunt
1022 403 1180 455 septem,
1211 404 1279 455 qui
1308 404 1501 445 versantur
1531 415 1631 445 retro
1657 419 1752 444 con-

349 468 465 506 trario
485 477 610 512 motu,
645 476 759 520 atque
785 467 924 505 caelum
943 482 952 505 :
984 481 1031 506 ex
1066 469 1206 521 quibus
1242 483 1365 508 unum
1394 472 1556 524 globum
1592 472 1751 525 poffidet

352 532 432 578 illa,
464 547 582 586 quam
602 535 643 572 in
677 533 783 571 terris
805 533 1021 571 Saturniam
1051 534 1268 572 nominant.
1301 536 1452 574 Deinde
1472 539 1523 576 est
1543 537 1753 577 hominum

349 599 480 650 generi
499 599 699 651 prosperus
719 606 758 635 et
778 597 947 635 salutaris
968 598 1033 635 ille
1064 597 1208 650 fulgor,
1230 600 1298 650 qui
1322 600 1465 640 dicitur
1484 604 1590 653 Jovis
1609 619 1617 641 :
1652 612 1750 646 tum,

353 662 506 706 rutilus,
527 660 801 713 horribilisque
820 661 943 705 terris,
962 673 1080 713 quern
1101 663 1273 700 Martem
1293 663 1436 703 dicitis.
1473 667 1639 712 Deinde,
1661 667 1752 705 sub—

349 737 408 766 ter
426 727 597 766 mediam
616 725 694 764 fere
713 727 911 779 regionem
932 727 995 765 Sol
1016 727 1182 772 obtinet,
1204 728 1297 773 dux,
1324 738 1362 767 et
1381 731 1572 784 princeps,
1607 743 1645 770 et
1665 748 1750 771 mo-

350 794 500 832 derator
517 792 717 831 luminum
737 792 989 845 reliquorum,
1018 807 1127 832 mens
1147 795 1300 839 mundi,
1333 804 1370 833 et
1391 798 1630 849 temperatio,
1652 809 1754 836 tanta

349 858 633 911 magnitudine,
655 867 699 896 ut
713 859 852 895 cunsta
871 858 936 896 sua
955 858 1042 896 luce
1062 858 1238 904 illustret,
1260 868 1297 898 et
1317 862 1511 914 compleat
1529 877 1538 901 ε
1570 862 1690 908 hunc,
1711 873 1754 902 ut

350 925 530 970 comites,
565 924 852 976 consequuntur
881 925 976 962 alter
995 925 1169 971 Veneris,
1200 925 1293 964 alter
1313 927 1502 966 Mercurii
1527 930 1681 968 cursus:
1713 931 1755 968 in

349 989 566 1043 infimoque
584 989 676 1028 orbe
698 989 802 1034 luna,
823 989 936 1027 radiis
957 989 1044 1028 solis
1074 991 1240 1035 accensa,
1275 993 1523 1031 convertitur.
1564 993 1666 1032 infra
1684 1008 1752 1033 au-

351 1065 433 1094 tem
447 1057 532 1108 jam
550 1054 650 1094 nihil
670 1055 735 1100 est,
750 1055 819 1094 nifi
839 1055 1000 1094 mortale
1021 1065 1059 1093 et
1079 1056 1284 1102 caducum,
1305 1067 1439 1110 praeter
1457 1059 1605 1098 animos
1624 1061 1754 1113 generi

350 1121 576 1167 hominum,
608 1134 769 1160 munere
802 1122 992 1167 Deorum,
1025 1122 1145 1161 datos.
1193 1124 1312 1176 Supra
1342 1124 1475 1162 lunam
1506 1125 1593 1163 sunt
1619 1135 1757 1164 aeterna

352 1189 499 1227 omnia.
531 1188 638 1227 Nam
658 1201 714 1233 ea,
745 1201 829 1240 quae
849 1187 902 1226 est
922 1187 1059 1233 media,
1087 1197 1125 1226 et
1144 1202 1243 1227 nona
1263 1190 1391 1235 tellus,
1418 1204 1544 1243 neque
1563 1201 1754 1236 movetur,

351 1262 390 1292 et
408 1253 545 1292 infima
563 1253 629 1298 est,
650 1262 688 1292 et
708 1253 749 1291 in
769 1267 854 1291 eam
874 1252 1051 1292 feruntur
1070 1254 1201 1292 onmia
1221 1255 1286 1293 suo
1307 1265 1405 1294 nutu
1425 1257 1606 1309 pondera.

406 1320 459 1358 V.
492 1320 591 1371 Qae
611 1332 704 1357 cum
724 1319 893 1357 intuerer
912 1319 1078 1372 stupenS,
1106 1329 1149 1358 ut
1170 1333 1232 1358 me
1254 1322 1393 1373 recepi,
1415 1322 1552 1372 Qid?
1583 1321 1662 1367 hic,
1693 1324 1754 1361 in·-

350 1399 484 1439 quam,
502 1387 589 1439 quis
609 1385 675 1432 est,
694 1386 762 1438 qui
782 1386 954 1439 complet
973 1399 1079 1424 aures
1101 1400 1220 1432 meas,
1243 1396 1369 1426 tantus
1390 1397 1427 1425 et
1449 1398 1526 1426 tarn
1548 1389 1671 1426 dulcis
1696 1389 1753 1427 so-

352 1465 423 1490 nus
443 1453 455 1488 ?
488 1453 569 1490 Hic
589 1452 655 1496 est,
677 1452 808 1504 inquit
828 1452 908 1496 ille,
937 1453 1004 1503 qui
1038 1453 1247 1491 intervallis
1279 1455 1508 1505 conjun&us
1529 1455 1755 1507 imparibus,

353 1517 415 1556 sed
437 1526 564 1555 tamen
584 1529 654 1568 pro
684 1525 761 1553 rata
778 1516 955 1568 portione
974 1516 1175 1561 distinctis,
1206 1517 1378 1570 impulsu
1398 1528 1435 1556 et
1456 1528 1565 1557 motu
1586 1519 1756 1572 ipsorum

351 1583 511 1623 orbium
543 1581 710 1620 efficitur
726 1599 738 1626 5
776 1581 859 1633 qui,
894 1590 1005 1619 acuta
1036 1595 1129 1620 curn
1162 1583 1341 1635 gravibus
1378 1593 1605 1637 temperans,
1635 1585 1756 1623 varios

352 1647 592 1701 aequabiliter
610 1655 818 1685 concentus
839 1646 973 1685 efficit.
1016 1647 1102 1685 Nec
1133 1648 1238 1686 enim
1259 1648 1408 1687 filentio
1428 1650 1524 1688 tanti
1543 1659 1672 1688 motus
1692 1651 1756 1688 in-

350 1715 461 1753 citari
480 1713 647 1766 possunt,
669 1722 706 1751 et
726 1722 859 1751 natura
879 1712 968 1759 fert,
991 1722 1034 1751 ut
1061 1723 1231 1752 extrema
1250 1727 1297 1752 ex
1317 1714 1431 1753 altera
1454 1724 1559 1768 parte
1578 1716 1755 1768 graviter,

351 1794 400 1820 ex
419 1780 535 1819 altera
554 1788 683 1818 autem
709 1788 834 1824 acute,
865 1779 1013 1818 sonent.
1060 1781 1192 1832 Qam
1223 1781 1274 1819 ob
1305 1781 1454 1820 causam
1485 1781 1660 1820 summus
1690 1781 1757 1820 ille

349 1846 434 1884 caeli
454 1844 625 1884 stelliferi
645 1844 789 1890 cursus,
811 1846 920 1897 cujus
940 1845 1134 1883 conversio
1152 1845 1204 1883 est
1223 1846 1464 1890 concitatior,
1495 1856 1609 1884 acuto
1629 1856 1666 1884 et
1685 1860 1756 1885 ex-

349 1913 468 1951 citato
498 1921 677 1950 movetur
710 1910 829 1956 sono3
860 1911 1076 1964 gravissimo
1096 1920 1225 1949 autem
1260 1910 1326 1949 hic
1356 1911 1498 1950 lunaris
1530 1920 1644 1965 atque
1663 1913 1756 1951 infi-

350 1991 439 2018 mus
457 1993 466 2017 :
498 1991 590 2016 nam
610 1986 721 2023 terra,
743 1990 856 2023 nona,
873 1977 1091 2016 immobilis
1111 1991 1284 2023 manenS,
1306 1978 1385 2016 ima
1404 1978 1489 2016 sede
1509 1977 1655 2031 semper
1674 1978 1757 2018 hae-

351 2054 422 2090 ret,
443 2044 648 2097 complexa
667 2043 843 2082 medium
864 2043 1003 2082 mundi
1022 2043 1171 2082 locum.
1204 2044 1268 2082 Illi
1288 2052 1416 2082 autem
1436 2045 1523 2082 oe‘to
1542 2044 1686 2088 cursus,
1717 2045 1758 2082 in

350 2109 495 2163 quibus
515 2110 648 2149 eadem
667 2110 724 2148 vis
744 2109 797 2148 est
814 2109 995 2154 duorum,
1009 2109 1153 2162 septem
1173 2109 1348 2146 efficiunt
1364 2108 1557 2147 distinctos
1574 2109 1757 2148 interval-

354 2176 400 2214 lis
433 2174 569 2220 sonos;
600 2175 670 2227 qui
700 2187 883 2212 numerus
915 2187 1043 2212 rerum
1073 2173 1255 2211 omnium
1275 2172 1353 2211 sere
1381 2174 1502 2212 nodus
1523 2174 1588 2213 est.
1640 2175 1759 2227 Qod

351 2241 456 2280 docti
485 2240 665 2280 homines
686 2239 810 2278 nervis
829 2239 986 2284 imitati,
1019 2247 1135 2291 atque
1154 2238 1344 2285 cantibus,
1372 2253 1548 2293 aperuere
1569 2240 1637 2279 fibi
1658 2241 1758 2278 redi-

355 2316 441 2346 tum
462 2307 503 2345 in
521 2305 629 2345 hunc
648 2305 782 2344 locum
800 2319 810 2343 ε
841 2304 936 2345 ficut
955 2305 1034 2349 alii,
1055 2304 1124 2357 qui
1142 2305 1403 2358 praestantibus
1424 2306 1601 2359 ingeniis,
1623 2307 1664 2345 in
1683 2307 1761 2344 vita

356 2371 539 2418 humana,
560 2372 690 2412 divina
710 2372 831 2411 studia
850 2372 1066 2410 coluerunt.
1111 2371 1203 2410 Hoc
1224 2371 1348 2410 sonitu
1376 2373 1539 2426 oppletae
1559 2385 1664 2411 aures
1686 2372 1757 2411 ho-

357 2439 514 2478 minum
545 2439 852 2486 obsurduerunt;
885 2452 954 2478 nec
984 2438 1038 2478 est
1067 2437 1169 2477 ullus
1199 2437 1374 2478 hebetior
1405 2439 1530 2478 sensus
1562 2440 1599 2478 in
1621 2439 1757 2477 vobis:

441 2505 508 2543 To
519 2517 571 2545 M.
602 2505 677 2544 111.
1328 2506 1366 2543 D
1393 2505 1416 2542 d
1436 2505 1460 2542 d
