2223 3003
382 266 407 307 8
644 262 752 302 DE
838 258 1507 301 DIVINATIONE

531 361 701 413 Saxaque
718 371 826 402 cana,
843 356 942 409 stzlis
960 355 1066 393 niveo
1072 356 1255 407 spumata
1274 355 1427 407 liquore,

525 423 726 478 ‘Trssificas
744 429 893 461 certant
913 420 1089 472 Neptuno
1109 418 1257 458 reddere
1275 433 1380 458 voces
1394 435 1408 457 :

525 493 611 530 Aut
630 489 755 542 densus
759 485 905 539 stridor
923 499 1004 524 cum
1022 485 1108 538 celsb
1127 499 1145 523 e
1163 485 1306 524 vertice
1323 485 1456 524 montis

526 557 663 601 Ortus,
693 551 1251 606 adaugefi-itstopulorumsaepe
1269 552 1429 606 repulsu.

437 622 555 663 VIII.
577 623 713 673 Atque
729 619 792 658 his
810 632 940 658 rerum
955 617 1276 671 praesenfionibus
1295 617 1543 671 prognostica
1558 627 1623 658 tua
1638 618 1780 659 referta

390 691 496 731 sunt.
537 688 640 741 Qis
660 687 785 740 igitur
804 686 945 724 elicere
964 684 1093 723 causas
1113 684 1414 737 praesenfionum
1434 685 1560 738 potest
1578 687 1591 724 ?
1626 686 1695 725 etsi
1715 687 1776 725 vi-

391 757 466 796 deo
497 753 697 795 Boethum
734 752 913 791 Stoicum
945 750 1018 789 ess‘e
1051 759 1239 789 conatum
1258 765 1268 789 :
1300 752 1370 804 qui
1404 750 1591 791 hactenus
1626 752 1780 806 aliquid

391 823 490 876 egit,
511 830 555 860 ut
574 833 707 859 earum
728 818 921 857 rationem
941 830 1072 856 rerum
1091 816 1320 870 explicaret,
1343 831 1430 871 quae
1453 818 1494 857 in
1515 819 1613 857 mari
1635 818 1780 858 caelove

394 888 545 928 fierent.
581 886 656 925 Illa
675 898 766 923 vero
785 897 856 923 cur
875 883 1070 928 eveniant,
1092 883 1180 935 quis
1201 883 1462 936 probabiliter
1480 884 1626 924 dixerit
1644 886 1657 922 ?

532 953 649 992 Rava
654 950 767 1003 fulix
787 948 910 988 itidem
915 949 1075 1002 fugiens
1093 962 1112 987 e
1125 949 1281 1001 gurgite
1292 949 1416 1002 ponti,

533 1016 704 1056 Nuntiat
723 1013 915 1054 horribiles
935 1015 1096 1053 clamans
1116 1013 1250 1066 instare
1262 1015 1458 1066 procellas,

534 1082 656 1122 Haud
669 1081 819 1121 modicos
838 1081 991 1120 tremulo
996 1079 1166 1134 fundens
1184 1094 1202 1118 e
1216 1089 1377 1133 gutture
1396 1089 1543 1122 cantus.

534 1151 639 1202 Saepe
657 1148 767 1187 etiam
780 1146 955 1201 pertriste
974 1147 1077 1186 canit
1095 1145 1138 1185 de
1149 1148 1298 1199 pefflore
1315 1161 1478 1193 carmen,

534 1216 591 1255 Et
608 1213 805 1253 matutinis
823 1212 997 1252 acredula
1016 1212 1165 1252 vocibus
1184 1212 1310 1265 itssat,

537 1280 692 1320 Vocibus
710 1279 836 1332 instat,
867 1289 903 1318 ct
921 1278 1074 1332 asp'duas
1082 1278 1184 1330 jacit
1204 1293 1265 1318 ore
1284 1280 1463 1333 querelas,

539 1347 634 1386 Cum
646 1346 810 1400 primum
826 1344 961 1399 gelidos
980 1359 1082 1384 rores
1100 1359 1239 1383 aurora
1258 1346 1431 1384 remittit.

537 1413 729 1466 Fuscaque
747 1425 1003 1464 nonnunquam
1022 1412 1173 1464 cursans
1186 1418 1259 1463 per
1277 1410 1411 1450 littora
1429 1410 1558 1450 cornix

538 1478 725 1528 Demerfit
746 1485 874 1530 caput,
904 1476 1107 1529 etfluCJum
1125 1476 1270 1515 cervice
1288 1477 1441 1530 recepit.

459 1545 532 1584 IX.
563 1544 757 1583 Videmus
789 1543 872 1582 haec
908 1543 1015 1596 signa
1049 1556 1253 1596 nunquam
1285 1542 1366 1583 fere
1397 1542 1655 1582 ementientia
1671 1556 1682 1582 ε
1718 1555 1790 1582 nec

403 1621 550 1657 tamen,
581 1625 653 1650 cur
672 1611 727 1649 ita
746 1610 828 1654 fiat,
858 1609 1052 1648 videmus.

542 1676 612 1714 Vos
633 1688 768 1728 quoque
772 1677 889 1727 stgna
908 1673 1057 1719 videtis,
1087 1674 1202 1728 aquai
1218 1673 1333 1713 dulcis
1354 1674 1526 1719 alumna,

543 1741 637 1779 Cum
656 1741 810 1778 clamore
823 1740 975 1791 paratis
994 1738 1292 1790 inanessundere
1311 1752 1430 1783 voces,

545 1803 786 1859 Absitrdoque
790 1806 883 1857 sono
888 1805 1020 1857 fimtes
1042 1812 1079 1841 et
1083 1803 1227 1856 stagna
1248 1803 1363 1841 cietis.

408 1872 511 1925 Qis
531 1871 600 1918 est,
623 1872 692 1924 qui
714 1869 951 1909 ranunculos
972 1868 1050 1908 hoc
1071 1869 1201 1908 videre
1222 1869 1403 1923 suspicari
1427 1869 1539 1923 poffit
1559 1871 1572 1907 ?
1606 1869 1677 1909 Sed
1699 1869 1796 1909 inest

410 1941 450 1979 in
473 1939 565 1977 rivis
585 1947 623 1976 et
644 1935 871 1976 ranunculis
894 1945 1031 1974 natura
1049 1935 1227 1988 quaedam
1250 1935 1471 1989 significans
1492 1936 1659 1989 aliquid,
1678 1949 1745 1990 per
1760 1936 1798 1975 se

409 2005 491 2059 ipsa
511 2004 600 2044 satis
621 2013 739 2048 certa,
770 2003 993 2055 cognitioni
1013 2011 1143 2040 autem
1164 2001 1377 2041 hominum
1398 2002 1614 2042 obscurior.

552 2067 833 2122 MolltPcdesque
851 2067 1176 2121 bovesspeaantes
1197 2067 1337 2106 lumina
1356 2068 1451 2113 caeli,

549 2133 720 2173 Naribus
739 2133 960 2187 humg’serum
979 2133 1114 2173 duxere
1133 2147 1177 2172 ex
1195 2146 1279 2172 aere
1284 2135 1454 2187 flaccum.

412 2201 509 2243 Non
531 2214 678 2254 quaer0.
710 2213 808 2239 cur:
841 2200 1046 2253 quoniam,
1077 2199 1174 2252 quid
1195 2199 1363 2244 eveniat,
1395 2198 1594 2251 intelligo.

549 2267 646 2320 Jam
666 2280 755 2305 vero
759 2267 908 2319 semper
927 2265 1077 2310 viridis,
1094 2267 1311 2319 fimperquc
1326 2274 1500 2318 gravata

554 2333 748 2387 Lentfius
768 2332 914 2386 triplici
927 2332 1046 2386 salita
1061 2331 1300 2385 grandescere
1311 2332 1434 2385 fatu,

555 2395 953 2453 ‘Tcrsrugesjandens
973 2398 1052 2437 tria
1072 2407 1235 2452 tempora
1256 2397 1431 2450 monstrat
1450 2395 1600 2435 arandi.

417 2465 505 2507 Nec
525 2463 602 2504 hoc
623 2466 787 2519 quidem
818 2479 966 2520 quaero,
997 2479 1068 2505 cur
1102 2463 1186 2503 haec
1218 2464 1333 2503 arbor
1364 2477 1441 2504 una
1468 2472 1526 2503 ter
1560 2462 1707 2506 floreat,
1739 2470 1807 2499 aut

418 2546 490 2573 cur
509 2531 643 2572 arandi
673 2533 945 2573 maturitatem
973 2531 1021 2572 ad
1052 2530 1209 2586 fignum
1240 2531 1346 2572 floris
1377 2529 1665 2571 accommodet.
1713 2527 1807 2567 Hoc
