2223 3003
797 259 1075 300 LIBER
1138 259 1506 302 PRIMUS.
1803 278 1848 305 21

506 363 597 403 Hoc
628 360 733 400 idem
763 359 805 399 in
835 361 968 406 Sileni,
999 373 1118 413 quem
1144 361 1286 399 Caelius
1314 360 1498 414 sequitur,
1530 361 1666 401 Graeca
1697 360 1854 403 historia

450 428 501 467 est
519 447 530 473 ;
564 428 596 467 is
615 436 746 466 autern
765 426 1053 479 diligentiffime
1073 439 1130 464 res
1150 427 1356 465 Annibalis
1376 427 1594 480 persecutus
1614 429 1690 467 est:
1719 431 1849 469 Anni-

449 494 589 539 balem,
620 506 714 532 cum
733 491 890 544 cepiffet
909 492 1141 542 Saguntum,
1170 491 1297 529 visum
1316 492 1388 530 effe
1419 494 1460 531 in
1480 494 1623 534 somnis
1653 509 1674 533 a
1693 497 1788 547 Jove
1809 498 1849 536 in

448 560 625 598 Deorum
644 557 858 596 concilium
877 555 1005 595 vocari
1023 569 1032 594 ε
1064 568 1144 608 quo
1174 570 1267 594 cum
1287 557 1455 603 venisset,
1478 560 1614 609 Jovem
1636 562 1846 614 imperaffe,

448 633 493 662 ut
512 624 631 662 Italiae
648 622 796 661 bellum
817 620 988 667 inferret,
1007 620 1224 674 ducemque
1250 622 1287 660 ei
1311 635 1437 661 unum
1456 636 1477 661 e
1496 626 1664 664 concilio
1684 628 1816 668 datum
1830 648 1843 675 3

446 703 526 742 quo
555 689 670 728 illum
704 697 894 734 utentem,
935 701 1029 727 cum
1062 688 1233 727 exercitu
1266 689 1445 742 progredi
1480 691 1659 744 coepifi'e:
1692 702 1778 732 tum
1811 696 1846 734 ei

446 755 589 794 ducem
608 755 723 793 illum
753 753 974 807 praecipiffe,
1005 767 1053 792 ne
1084 753 1284 807 respiceret
1299 772 1311 800 ς
1343 754 1458 794 illum
1479 765 1608 795 autem
1630 758 1670 795 id
1699 759 1844 798 diutius

445 821 569 860 facere
588 835 666 860 non
685 820 861 875 potuisse,
892 821 1115 874 elatumque
1133 821 1343 875 cupiditate
1363 822 1559 875 respexiffe
1578 839 1586 862 :
1619 834 1706 863 tum
1726 826 1845 865 visam

447 887 618 928 belluam
637 888 778 927 vastam
798 896 837 926 et
863 888 1092 933 immanem,
1123 888 1457 941 circumplicatam
1477 889 1726 943 serpentibus,
1749 906 1846 945 qua-

446 967 600 1008 cunque
628 955 835 1000 incederet,
865 955 998 994 omnia
1026 953 1188 1000 arbusta,
1219 955 1399 1008 virgulta,
1422 957 1518 994 tedia
1538 968 1748 1009 pervertere
1763 978 1775 1004 ⁵
1809 969 1848 998 et

445 1034 538 1059 eum
558 1021 792 1061 admiratum
813 1021 977 1074 quaefiffe
997 1023 1043 1059 de
1059 1022 1160 1066 Deo,
1191 1021 1389 1074 quodnam
1409 1022 1507 1060 illud
1528 1023 1616 1062 esset
1637 1025 1710 1062 tale
1730 1039 1847 1064 mon-

445 1087 567 1127 strum
581 1107 594 1134 ;
625 1097 664 1127 et
687 1089 820 1126 Deum
839 1087 1078 1141 respondisse,
1109 1088 1323 1127 vastitatem
1342 1089 1413 1127 effe
1434 1089 1552 1128 Italiae
1566 1108 1579 1135 3
1610 1092 1847 1145 praecepiffe-

446 1167 536 1206 que,
568 1162 612 1192 ut
643 1163 815 1207 pergeret
840 1154 1044 1206 protinus,
1079 1154 1175 1206 quid
1201 1163 1303 1192 retro
1332 1164 1448 1207 atque
1468 1168 1489 1193 a
1518 1164 1624 1209 tergo
1644 1157 1765 1204 fieret,
1797 1172 1847 1197 ne

443 1219 645 1259 laboraret.

499 1286 620 1339 Apud
640 1284 901 1339 Agathoclem
921 1284 1108 1338 scriptum
1127 1284 1169 1323 in
1189 1283 1345 1324 historia
1363 1285 1429 1331 est,
1457 1287 1723 1327 Hamilcarem
1750 1291 1846 1328 Car-

445 1351 748 1406 thaginiensem,
784 1366 878 1391 cum
921 1360 1163 1405 oppugnaret
1197 1353 1400 1404 Syracufis‚
1449 1353 1574 1392 visum
1608 1354 1679 1393 effe
1719 1357 1847 1395 audire

443 1432 595 1465 vocem,
626 1419 663 1458 se
681 1418 862 1473 postridie
882 1428 1126 1458 coenaturum
1157 1419 1367 1471 Syracusas.
1433 1421 1538 1458 Cum
1558 1429 1688 1459 autem
1714 1423 1746 1460 is
1767 1423 1846 1462 dies

443 1483 642 1530 illuxisset,
672 1498 854 1538 magnam
873 1485 1101 1524 seditionem
1121 1485 1163 1524 in
1181 1484 1309 1523 castris
1329 1485 1411 1537 ejus
1432 1485 1531 1524 inter
1551 1487 1690 1526 Poenos
1721 1497 1758 1527 et
1785 1489 1846 1527 Si-

444 1550 552 1588 culos
573 1550 717 1589 milites
738 1551 810 1590 esse
828 1550 997 1590 fastam:
1029 1552 1136 1605 quod
1169 1565 1262 1590 cum
1293 1551 1482 1591 senfiffent
1502 1554 1735 1604 Syracusani,
1766 1556 1845 1593 im-

444 1614 595 1667 proviso
613 1627 677 1653 eos
697 1615 739 1653 in
768 1616 885 1653 castra
905 1616 1093 1668 irrupiffe,
1117 1617 1462 1669 Hamilcaremque
1488 1618 1535 1655 ab
1555 1619 1601 1656 iis
1622 1619 1754 1657 vivum
1775 1619 1847 1658 effe

444 1679 653 1718 sublatum.
713 1681 772 1717 Ita
805 1693 861 1717 res
882 1680 1078 1720 somnium
1103 1682 1383 1734 comprobavit.
1430 1681 1548 1720 Plena
1574 1684 1844 1736 exemplorum

442 1745 496 1783 est
514 1744 682 1790 historia,
701 1753 787 1782 tum
807 1742 945 1782 referta
962 1744 1041 1782 vita
1059 1747 1296 1784 communis.

496 1813 553 1849 At
574 1824 663 1849 vero
683 1811 728 1849 P.
752 1810 898 1848 Decius
929 1809 1009 1856 ille,
1040 1811 1110 1862 Q
1127 1811 1174 1849 F.
1207 1811 1275 1863 qui
1307 1811 1454 1864 primus
1488 1824 1508 1849 e
1543 1814 1675 1852 Deciis
1697 1815 1842 1855 Consul

443 1875 534 1922 fuit,
555 1889 648 1915 cum
667 1875 756 1915 effet
776 1876 955 1915 tribunus
976 1876 1166 1922 militum,
1189 1877 1251 1915 M.
1275 1878 1441 1924 Valerio,
1463 1880 1515 1917 A.
1531 1880 1714 1918 Cornelio
1735 1882 1842 1920 Con-

442 1942 603 1988 sulibus,
634 1955 655 1980 a
674 1942 988 1994 Samnitibusque
1007 1952 1243 1995 premeretur
1261 1943 1386 1982 noster
1405 1945 1594 1983 exercitus
1609 1964 1621 1990 3
1654 1959 1744 1985 curn
1773 1961 1842 2000 pe-

442 2008 564 2046 ricula
585 2008 806 2061 praeliorum
826 2008 940 2046 iniret
959 2008 1152 2053 audacius,
1175 2018 1486 2062 monereturque,
1512 2020 1554 2048 ut
1574 2012 1721 2050 cautior
1739 2013 1842 2058 effer,

442 2074 555 2119 dixit,
590 2074 712 2127 (quod
733 2074 851 2112 exstat
870 2074 910 2112 in
937 2075 1157 2127 annalibus)
1179 2075 1249 2114 fibi
1275 2076 1316 2115 in
1335 2076 1479 2115 somnis
1500 2077 1623 2115 visum
1644 2077 1729 2123 effe,
1751 2093 1843 2117 cum

442 2140 483 2178 in
505 2140 642 2179 mediis
674 2140 848 2179 hostibus
874 2141 1094 2186 versaretur,
1125 2141 1299 2180 occidere
1326 2155 1418 2180 cum
1439 2144 1609 2181 maxima
1627 2145 1772 2196 gloria:
1805 2155 1843 2184 et

441 2215 529 2245 tum
571 2207 731 2260 quidem
764 2207 972 2246 incolumis
1018 2208 1234 2246 exercitum
1272 2209 1467 2247 obfidione
1505 2210 1693 2249 liberavit.
1755 2212 1841 2250 Post

440 2273 653 2311 triennium
687 2281 816 2312 autem
849 2287 941 2312 curn
979 2274 1123 2312 Consul
1155 2273 1256 2320 esset,
1305 2275 1457 2314 devovit
1487 2275 1536 2321 se,
1572 2286 1610 2314 et
1644 2277 1683 2314 in
1718 2278 1840 2316 aciem

441 2339 673 2378 Latinorum
694 2339 833 2393 irrupit
854 2348 1019 2378 armatus
1037 2358 1049 2385 ς
1082 2353 1161 2393 quo
1180 2341 1262 2393 ejus
1283 2339 1384 2380 facto
1414 2341 1576 2394 superati
1597 2342 1684 2380 sunt
1714 2352 1751 2381 et
1772 2343 1839 2381 de-

441 2403 510 2442 leti
530 2406 688 2445 Latini:
719 2407 828 2458 cujus
850 2419 953 2445 mors
984 2407 1036 2444 ita
1068 2407 1230 2459 gloriosa
1248 2406 1339 2452 fuit,
1371 2417 1414 2445 ut
1444 2407 1603 2446 eandem
1635 2409 1838 2462 concupis-

444 2477 547 2506 ceret
564 2470 680 2511 filius.
713 2471 785 2510 Sed
805 2472 1002 2512 veniamus
1031 2485 1151 2518 nune,
1182 2472 1208 2511 s1
1239 2473 1379 2526 placet,
1410 2473 1456 2511 ad
1489 2474 1636 2513 somnia
1664 2473 1837 2528 philoso-

443 2530 628 2586 phorum.

497 2598 630 2638 XXV.
663 2599 730 2639 Est
763 2602 864 2655 apud
894 2603 1095 2643 Platonem
1131 2605 1314 2650 Socrates,
1354 2617 1447 2643 cum
1479 2603 1568 2643 effet
1598 2605 1638 2642 in
1669 2603 1838 2643 custodia
