2223 3003
686 273 964 313 LIBER
1021 270 1522 313 SECUNDUS.
1737 287 1811 329 159

413 387 563 413 morem
582 381 775 414 tenemus.
806 375 870 414 De
890 373 1072 428 sepulcris
1093 383 1222 412 autem
1242 373 1338 412 dicit
1356 372 1453 412 haec.
1477 380 1506 398 ‘¹
1523 372 1639 411 Vetat
1653 385 1700 411 ex
1720 386 1812 426 agro

415 448 444 464 “
464 441 583 486 culto,
604 454 710 486 eove‚
745 441 814 494 qui
834 440 910 478 coli
927 439 1053 492 poffit,
1082 439 1201 478 ullam
1221 449 1368 492 partem
1386 438 1484 478 sumi
1503 439 1700 492 sepulcro:
1732 439 1810 485 sed,

414 513 443 530 “
462 521 547 559 quae
577 516 710 546 natura
742 507 821 559 agri
842 505 1115 543 tantummodo
1146 505 1295 542 efficere
1328 505 1454 557 poffit,
1490 514 1533 543 ut
1566 514 1812 544 mortuorum

414 580 442 596 “
463 586 622 627 corpora
650 573 728 610 fine
761 571 994 609 detrimento
1023 570 1201 607 vivorum
1231 570 1404 622 recipiat,
1434 584 1476 608 ea
1494 572 1736 623 potiffimum
1769 584 1811 611 ut

415 644 443 662 “
463 637 702 689 compleatur
719 650 728 673 :
751 648 836 687 quae
856 643 984 672 autem
1012 643 1109 672 terra
1126 633 1255 686 fruges
1274 632 1387 678 ferre,
1414 643 1466 680 et,
1488 644 1531 673 ut
1547 645 1681 682 mater,
1702 637 1810 678 cibos

414 710 442 726 “
461 702 696 755 suppeditare
712 699 838 754 poffit‚
860 713 945 738 eam
966 712 1013 737 ne
1032 699 1118 752 quis
1139 699 1251 737 nobis
1272 699 1437 744 minuat,
1462 712 1555 738 neve
1575 702 1697 747 vivus,
1719 716 1814 742 neve

414 773 442 790 “
462 776 652 806 mortuus.
694 765 850 804 Exstrui
884 773 1014 803 autem
1034 773 1135 803 vetat
1155 763 1373 817 sepulcrum
1402 764 1530 809 altius,
1561 778 1680 817 quam
1706 768 1813 818 quod

414 841 442 858 “
463 834 636 886 quinque
667 831 803 871 diebus
834 831 1014 870 homines
1044 830 1219 884 quinque
1243 830 1474 869 absolverint
1491 845 1500 869 :
1532 843 1603 869 nec
1633 844 1654 869 e
1685 831 1812 885 lapide

412 905 441 923 “
460 899 617 938 excitari
636 898 738 951 plus,
771 911 842 937 nec
862 897 1028 951 imponi,
1055 910 1174 950 quam
1193 896 1298 949 quod
1323 897 1448 950 capiat
1467 896 1620 935 laudem
1648 898 1816 944 mortui,

411 971 440 988 “
459 964 620 1003 incisam
640 977 688 1003 ne
707 964 794 1017 plus
815 972 982 1017 quatuor
1000 962 1165 1001 heroicis
1186 962 1376 1008 verfibu35
1399 975 1496 1015 quos
1515 963 1633 1015 longos
1647 964 1813 1016 appellat

409 1037 439 1054 “
459 1031 653 1070 Ennius.”
696 1031 902 1070 Habemus
922 1030 1043 1083 igitur
1061 1028 1177 1082 hujus
1208 1041 1364 1081 quoque
1394 1028 1659 1067 auctoritatem
1688 1029 1735 1066 de
1753 1029 1813 1067 se-

410 1097 554 1150 pulcris
575 1097 720 1136 summi
739 1097 811 1135 viri
823 1115 836 1143 ς
868 1111 889 1134 a
921 1110 1000 1149 quo
1020 1097 1163 1135 iterum
1182 1094 1366 1133 funerum
1396 1094 1572 1148 sumptus
1600 1094 1812 1148 praefinitur

409 1176 458 1201 ex
478 1163 651 1202 cenfibus
671 1177 692 1201 a
711 1164 828 1202 minis
861 1163 1035 1215 quinque
1055 1162 1172 1215 usque
1205 1161 1251 1199 ad
1283 1161 1446 1200 minam.
1492 1161 1687 1214 Deinceps
1717 1160 1814 1199 dicit

409 1229 541 1267 eadem
572 1229 638 1267 illa
657 1229 704 1267 de
733 1228 1025 1267 immortalitate
1045 1229 1278 1273 animorum,
1309 1235 1348 1266 et
1367 1227 1515 1279 reliqua
1533 1227 1616 1279 post
1643 1236 1812 1266 mortem

408 1295 688 1348 tranquillitate
707 1295 916 1340 bonorum,
934 1294 1058 1347 poenis
1079 1294 1308 1346 impiorum.

464 1361 629 1400 Habetis
648 1361 769 1414 igitur
796 1361 1033 1415 explicatum
1063 1373 1236 1405 omnem,
1264 1367 1308 1397 ut
1327 1358 1502 1403 arbitror,
1534 1357 1730 1411 religionis
1750 1357 1813 1396 lo-

410 1440 516 1465 cum.
593 1440 780 1466 UINTUS.
803 1427 889 1466 Nos
905 1439 1007 1471 vero,
1030 1424 1156 1471 frater,
1173 1433 1211 1463 et
1230 1424 1380 1477 copiose
1400 1424 1558 1476 quidem
1577 1438 1585 1462 :
1619 1423 1682 1461 sed
1697 1436 1814 1476 perge

412 1492 458 1528 ad
477 1501 621 1530 caetera.
663 1493 877 1531 MARcus.
899 1493 1062 1545 Pergam
1082 1490 1287 1544 equidem:
1318 1499 1356 1529 et
1375 1490 1561 1543 quoniam
1580 1489 1741 1528 libitum
1760 1489 1812 1527 est

410 1556 520 1594 vobis
540 1569 604 1594 me
623 1556 670 1595 ad
687 1555 770 1595 haec
790 1557 1004 1610 impellere,
1029 1556 1216 1595 hodierno
1235 1556 1408 1595 sermone
1427 1556 1648 1601 conficiam,
1676 1555 1784 1609 spero
1796 1572 1810 1600 ς

411 1621 487 1661 hoc
507 1622 715 1675 praesertim
734 1623 809 1661 die.
840 1623 967 1661 Video
985 1623 1089 1661 enim
1119 1623 1322 1661 Platonem
1341 1623 1446 1661 idem
1465 1622 1607 1666 fecisse,
1627 1633 1810 1659 omnem-

409 1702 487 1741 que
505 1690 719 1728 orationem
739 1689 819 1742 ejus
837 1688 883 1727 de
902 1688 1053 1742 legibus
1073 1697 1288 1742 peroratam
1308 1687 1378 1726 esse
1398 1700 1476 1726 uno
1494 1686 1621 1725 aestivo
1641 1687 1716 1725 die.
1748 1686 1811 1725 Sic

409 1754 531 1806 igitur
549 1753 703 1799 faciam,
724 1763 762 1793 et
781 1754 910 1793 dicam
929 1755 976 1793 de
995 1754 1292 1808 magistratibus.
1336 1754 1381 1792 Id
1411 1753 1517 1792 enim
1545 1753 1598 1791 est
1623 1751 1809 1805 profesto,

410 1819 516 1871 quod
535 1820 741 1859 constituta
759 1821 943 1875 religione
962 1820 1243 1874 rempublicam
1259 1819 1454 1858 contineat
1481 1818 1666 1856 maxime.
1711 1819 1809 1856 AT-

414 1897 563 1925 Tlcus.
582 1887 649 1926 Tu
665 1899 753 1926 vero
768 1887 846 1933 dic,
866 1896 905 1925 et
924 1887 1034 1926 istam
1050 1886 1251 1930 rationem,
1272 1896 1392 1937 quam
1411 1882 1574 1937 coepisti‚
1598 1890 1698 1921 tene,
