2223 3003
684 217 789 257 DE
847 217 1423 259 SENECTUTE.
1652 236 1723 276 301

329 331 425 356 num
447 318 565 371 igitur
597 316 756 356 censetis
778 331 882 363 eum,
919 331 1011 356 cum
1042 327 1149 357 aetate
1180 318 1419 372 processisset,
1451 319 1519 372 qui
1545 321 1728 361 Aristides

329 384 431 429 effer,
446 383 722 436 Lysimachum
742 384 899 422 salutare
920 385 1103 423 solitum?
1123 385 1319 437 Equidem
1340 399 1417 424 non
1435 387 1552 425 modo
1572 400 1635 427 eos
1655 402 1729 426 no-

329 451 380 496 vi,
413 451 483 503 qui
502 450 603 495 sunt,
634 450 696 489 sed
717 463 852 488 eorum
872 460 996 503 patres
1017 452 1147 495 etiam,
1169 460 1206 489 et
1226 465 1326 490 avos.
1359 452 1460 498 Nec,
1482 452 1652 506 sepulcra
1671 455 1729 493 le·-

329 529 437 567 gens,
458 530 599 561 vereor,
624 516 747 568 (quod
766 516 891 567 aiunt)
915 529 962 553 ne
982 517 1212 555 memoriam
1231 518 1412 569 perdam:
1435 518 1496 557 his
1515 521 1620 558 enim
1641 521 1729 573 ipfis

329 582 501 635 legendis
522 583 634 621 redeo
653 583 693 620 in
713 582 941 620 memoriam
963 591 1222 620 mortuorum.
1266 583 1353 621 Nec
1384 597 1472 622 vero
1492 599 1730 639 quemquam

328 649 463 688 senum
494 648 623 687 audivi
655 647 839 691 oblitum,
876 659 955 698 quo
975 647 1062 684 loco
1093 646 1314 686 thesaurum
1345 649 1551 689 obruisset:
1583 654 1731 699 onmia,

330 728 416 766 quae
434 721 584 757 curant,
616 712 903 756 meminerunt,
933 711 1153 750 vadimonia
1172 712 1377 751 constituta
1391 731 1407 758 5
1436 716 1505 766 qui
1525 716 1606 761 fibi,
1640 719 1730 770 qui..

331 779 402 818 bus
422 779 506 832 ipfi,
527 778 701 816 debeant.

386 845 495 897 Qid
524 842 786 896 jurisconsulti
810 843 824 880 ?
873 843 969 896 quid
1002 841 1246 882 Pontifices?
1291 844 1387 897 quid
1416 846 1606 898 augures?
1638 847 1733 899 quid

330 909 551 963 philosophi
586 909 720 948 senes?
752 922 869 962 quam
901 909 1024 947 multa
1055 910 1349 949 meminerunt?
1380 912 1546 950 Manent
1579 913 1734 965 ingenia

329 974 498 1021 senibus,
519 975 638 1014 modo
658 985 876 1028 permaneat
895 975 1066 1014 studium
1092 986 1129 1014 et
1149 975 1358 1021 industria;
1390 990 1460 1015 nec
1480 990 1522 1014 ea
1546 978 1669 1016 solum
1691 979 1733 1017 in

330 1041 440 1080 claris
476 1051 514 1079 et
547 1040 743 1079 honoratis
779 1041 884 1087 viris,
914 1041 976 1079 sed
1009 1042 1049 1079 in
1083 1042 1161 1080 vita
1194 1043 1310 1081 etiam
1344 1044 1490 1095 privata
1518 1052 1555 1081 et
1589 1045 1733 1097 quieta.

332 1106 539 1160 Sophocles
559 1107 606 1145 ad
636 1107 828 1145 summam
848 1107 1082 1145 seneecutem
1109 1108 1308 1161 tragoedias
1329 1108 1449 1148 fecit:
1481 1111 1586 1162 quod
1615 1125 1734 1164 prop-

332 1181 391 1211 ter
420 1173 606 1218 studium,
641 1185 734 1211 cum
769 1186 850 1210 rem
880 1172 1112 1212 familiarem
1141 1174 1332 1227 negligere
1362 1175 1566 1221 videretur,
1599 1190 1618 1214 a
1643 1176 1734 1216 filiis

331 1238 372 1276 in
387 1239 584 1290 judicium
603 1247 759 1277 vocatus
779 1239 856 1284 est3
889 1248 946 1284 ut,
977 1240 1311 1292 quemadmodum
1342 1242 1469 1279 nostro
1498 1255 1606 1280 more
1636 1243 1736 1280 male

330 1317 412 1342 rem
445 1303 667 1357 gerentibus
692 1304 866 1357 patribus
897 1305 1008 1343 bonis
1041 1306 1221 1344 interdici
1248 1306 1341 1345 solet
1356 1326 1367 1353 3
1399 1307 1449 1346 fic
1470 1307 1600 1352 illum,
1631 1310 1735 1360 quasi

330 1370 593 1424 desipientem,
615 1384 636 1408 a
656 1383 694 1409 re
712 1369 896 1409 familiari
915 1381 1155 1410 removerent
1178 1372 1342 1424 judices.
1376 1375 1486 1411 Tum
1507 1373 1618 1412 senex
1635 1374 1736 1412 dici-

329 1446 394 1474 tur
413 1451 498 1475 eam
517 1436 703 1482 fabulam,
726 1450 842 1489 quam
865 1437 903 1476 in
926 1438 1105 1477 manibus
1125 1436 1304 1484 habebat,
1326 1448 1364 1477 et
1383 1440 1559 1492 proxime
1579 1440 1736 1493 scripse-

333 1513 403 1547 rat,
425 1503 619 1555 OEdipum
641 1503 876 1548 Coloneum,
908 1503 1074 1542 recitaffe
1102 1504 1315 1556 judicibus,
1349 1505 1605 1558 quaefiffeque,
1637 1520 1736 1544 num

333 1568 433 1606 illud
454 1581 608 1606 carmen
639 1567 857 1620 desipientis
878 1569 1094 1607 videretur:
1126 1582 1205 1622 quo
1225 1570 1397 1614 recitato,
1419 1570 1611 1610 sententiis
1626 1572 1741 1623 judi-r

333 1647 426 1673 cum
447 1634 499 1672 est
520 1634 713 1672 liberatus.

390 1701 502 1739 Num
539 1700 658 1752 igitur
689 1699 809 1744 hunc,
846 1713 942 1738 num
973 1701 1208 1744 Homerum,
1243 1713 1339 1738 num
1370 1700 1602 1747 Hefiodum‚
1638 1717 1736 1742 num

335 1767 591 1811 Simonidem,
622 1779 717 1803 num
734 1764 1005 1810 Stefichorum‚
1037 1779 1147 1811 num,
1170 1779 1266 1818 quos
1284 1775 1370 1804 ante
1387 1766 1482 1812 dixi,
1516 1768 1735 1814 Isocratem,

336 1833 537 1885 Gorgiam,
569 1845 666 1870 num
698 1830 1019 1884 philosophorum
1050 1831 1256 1884 principes,
1289 1831 1561 1884 Pythagoram,
1585 1835 1736 1873 Demo-

335 1900 493 1942 critum,
509 1911 602 1936 num
621 1897 837 1942 Platonem,
852 1911 948 1935 num
966 1898 1239 1941 Xenocratem,
1257 1911 1352 1935 num
1373 1898 1500 1949 postea
1519 1900 1737 1946 Zenonem,

336 1963 581 2009 Cleanthem,
604 1972 668 2001 aut
687 1977 792 2008 eum,
819 1976 936 2016 quem
958 1976 1023 2002 vos
1041 1963 1158 2001 etiam
1179 1963 1318 2001 Romae
1336 1963 1496 2008 vidistis,
1518 1965 1739 2017 Diogenem

335 2030 524 2075 Stoicum,
545 2029 672 2082 coegit
702 2029 743 2067 in
763 2029 838 2067 suis
858 2029 990 2067 studiis
1010 2028 1274 2067 obmutescere
1294 2028 1493 2067 senestus?
1524 2042 1571 2067 an
1591 2044 1669 2068 non
1696 2031 1738 2068 in

336 2095 519 2133 omnibus
539 2096 585 2133 iis
607 2095 819 2133 studiorum
839 2095 997 2148 agitatio
1017 2095 1102 2133 vitae
1123 2095 1276 2146 aequalis
1295 2093 1370 2132 fuit
1389 2095 1402 2130 ?

393 2163 493 2213 Age,
524 2170 567 2198 ut
598 2161 665 2198 ista
697 2161 827 2198 divina
858 2161 979 2198 studia
1003 2161 1244 2203 omittamus,
1282 2158 1432 2210 possum
1462 2160 1660 2198 nominare
1691 2173 1738 2200 ex

337 2240 428 2280 agro
448 2226 586 2264 Sabino
602 2225 758 2263 rusticos
780 2227 992 2269 Romanos,
1012 2225 1158 2263 vicinos
1179 2233 1216 2261 et
1237 2223 1442 2263 familiares
1460 2239 1580 2270 meos,
1595 2226 1737 2278 quibus

341 2291 572 2335 absentibus,
604 2303 803 2342 nunquam
834 2288 913 2327 fere
944 2289 1021 2327 ulla
1047 2290 1085 2326 in
1107 2302 1196 2340 agro
1218 2289 1358 2340 majora
1383 2303 1495 2342 opera
1515 2290 1627 2335 fiunt,
1661 2304 1738 2330 non

342 2356 516 2400 serendis,
532 2369 608 2394 non
621 2354 893 2408 percipiendis,
909 2368 986 2393 non
1007 2353 1216 2392 condendis
1233 2352 1441 2392 fruetibus:
1460 2368 1680 2407 quanquam
1698 2357 1740 2393 in

342 2421 420 2459 illis
440 2423 569 2460 minus
589 2421 665 2460 hoc
683 2422 854 2460 mirum:
878 2434 994 2459 nemo
1014 2421 1118 2458 enim
1139 2419 1190 2457 est
1211 2429 1289 2458 tam
1305 2420 1430 2464 senex,
1449 2422 1517 2473 qui
1538 2421 1573 2458 se
1592 2435 1739 2459 annum

345 2499 422 2524 non
453 2496 561 2538 putet
595 2487 694 2540 poffe
725 2488 874 2525 vivere:
908 2487 970 2525 sed
988 2487 1107 2526 iidem
1127 2485 1320 2526 elaborant
1349 2486 1393 2526 in
1410 2486 1483 2533 eis,
1511 2500 1596 2540 quae
1615 2487 1747 2526 sciunt

342 2549 445 2592 nihil
464 2553 625 2591 omnino
645 2553 691 2592 ad
711 2553 745 2591 se
764 2553 965 2607 pertinere.
