2223 3003
432 272 513 312 ²50
826 257 930 296 DE
1002 255 1430 296 OFFICIIS

430 359 496 404 est,
533 373 579 397 ne
600 358 693 411 quid
714 364 846 395 contra
864 355 1083 408 aequitatem
1103 356 1325 401 contendas,
1360 369 1408 395 ne
1428 355 1524 409 quid
1542 368 1610 409 per
1627 355 1827 409 injuriam,

430 425 745 463 Fundamentum
765 422 870 460 enim
891 430 1083 475 perpetuae
1102 422 1451 461 commendationis
1484 431 1522 461 et
1541 420 1654 462 famae
1675 421 1728 461 est
1741 421 1831 475 jus-

429 490 524 533 titia,
546 489 621 526 fine
640 487 717 540 qu'a
735 485 835 525 nihil
854 487 976 540 potest
994 487 1065 526 effe
1084 487 1288 527 laudabile.

481 554 593 593 XXI.
626 553 712 599 Sed,
734 554 919 606 quoniam
953 554 999 593 de
1031 568 1078 593 eo
1105 568 1242 608 genere
1271 553 1552 594 beneficiorum
1580 554 1730 594 dictum
1759 553 1828 600 est,

426 633 510 673 quae
541 620 588 658 ad
617 620 785 674 singulos
815 620 984 674 speetant
1000 639 1012 666 5
1044 620 1225 675 deinceps
1256 621 1302 660 de
1333 622 1395 667 iis,
1425 635 1510 674 quae
1541 621 1587 660 ad
1619 620 1827 666 universos,

426 699 589 738 quaeque
618 685 665 724 ad
701 685 983 739 rempublicam
1013 687 1222 739 pertinent,
1257 686 1531 740 disputandum
1565 685 1631 725 est.
1676 686 1831 724 Eorum

425 760 555 790 autem
575 752 745 805 ipsorum
764 752 907 805 partim
925 751 1114 804 ejusmodi
1134 752 1236 798 sunt,
1266 761 1310 791 ut
1329 752 1376 791 ad
1395 752 1588 792 universos
1607 752 1710 791 cives
1737 764 1829 805 per·

424 818 585 864 tinaent,
620 818 762 872 partim
791 817 960 870 singulos
991 826 1034 856 ut
1054 818 1259 871 attingant,
1288 832 1374 872 quae
1393 819 1480 858 sunt
1504 819 1622 859 etiam
1647 818 1829 872 gratiora.

425 884 564 923 Danda
583 884 636 922 est
655 897 768 936 opera
787 883 965 928 omnino,
986 883 1013 921 fi
1032 883 1160 936 poffit,
1181 883 1365 936 utrisque,
1386 897 1458 923 nec
1477 885 1623 930 minus,
1645 893 1690 923 ut
1709 884 1829 922 etiam

425 949 582 1002 lingulis
612 949 830 988 consulatur
845 966 857 994 ς
888 947 951 986 sed
980 948 1048 994 ita,
1080 958 1124 988 ut
1143 962 1186 988 ea
1215 962 1272 988 res
1302 957 1368 988 aut
1396 949 1529 1003 profit,
1563 960 1629 989 aut
1648 959 1750 990 certe
1779 962 1831 988 ne

423 1015 520 1054 obfit
550 1015 787 1069 reipublicae.
830 1015 880 1054 C.
899 1013 1071 1053 Gracchi
1099 1013 1351 1054 frumentaria
1380 1029 1519 1069 magna
1549 1016 1729 1069 largitio;
1759 1028 1830 1054 ex-

423 1080 622 1121 hauriebat
640 1082 760 1135 igitur
780 1081 954 1120 aerarium
972 1096 983 1120 z
1014 1081 1168 1121 modica
1186 1081 1251 1122 M.
1275 1082 1445 1127 oetavii,
1466 1092 1504 1121 et
1524 1082 1746 1135 reipublicae
1765 1089 1830 1120 to-

423 1146 606 1193 lerabilis,
626 1156 664 1187 et
683 1146 790 1200 plebi
808 1145 1007 1186 neceffaria
1020 1165 1034 1193 5
1064 1159 1156 1202 ergo
1173 1156 1214 1186 et
1231 1147 1398 1193 civibus,
1428 1157 1468 1187 et
1487 1147 1708 1202 reipublicae
1728 1146 1830 1186 salu-

424 1222 527 1252 tans.

478 1280 524 1318 In
555 1279 691 1332 primis
723 1288 853 1318 autem
884 1278 1096 1318 videndum
1115 1278 1188 1318 erit
1218 1279 1267 1324 ei,
1299 1279 1369 1332 qui
1388 1279 1672 1333 rempublicam
1698 1278 1827 1317 admi-

422 1345 610 1391 nistrabit,
641 1354 685 1383 ut
714 1344 828 1384 suum
858 1343 1020 1398 quisque
1050 1353 1191 1390 teneat,
1221 1358 1347 1398 neque
1377 1345 1424 1384 de
1459 1345 1570 1385 bonis
1590 1345 1829 1398 privatorum

421 1411 579 1464 publice
598 1410 810 1450 diminutio
838 1409 919 1449 fiat.
962 1410 1178 1450 Perniciose
1197 1411 1304 1450 enim
1325 1410 1532 1464 Philippus
1552 1411 1592 1449 in
1613 1410 1829 1455 tribunatu,

421 1491 515 1516 cum
534 1478 662 1530 legem
692 1477 877 1530 agrariam
896 1475 1025 1520 ferret,
1057 1490 1175 1528 quam
1195 1486 1326 1515 tamen
1345 1477 1535 1529 antiquari
1565 1475 1678 1514 facile
1706 1476 1828 1528 passus

420 1543 487 1589 est,
516 1552 555 1582 et
583 1544 624 1582 in
655 1555 701 1581 eo
727 1541 974 1581 vehementer
1004 1541 1041 1580 se
1070 1542 1314 1581 moderatum
1346 1542 1508 1595 praebuit
1524 1560 1537 1587 3
1568 1541 1631 1580 sed
1665 1555 1759 1580 cum
1784 1541 1828 1581 in

421 1610 568 1662 agendo
587 1609 711 1648 multa
730 1609 978 1663 populariter,
1006 1618 1092 1647 tum
1111 1609 1210 1648 illud
1230 1609 1346 1654 male,
1373 1623 1441 1649 non
1459 1609 1519 1663 ‘ff'
1536 1609 1573 1648 in
1593 1609 1746 1648 civitate
1763 1607 1830 1648 duo

419 1676 528 1715 milltka
546 1676 736 1720 hominum,
758 1675 822 1729 qui
837 1689 912 1714 rem
929 1674 1115 1714 haberent.
1159 1675 1345 1729 Capitalis
1364 1676 1500 1720 oratio,
1520 1684 1558 1714 et
1575 1674 1621 1713 ad
1641 1674 1829 1727 aequatio-

421 1755 511 1780 nem
531 1742 723 1781 bonorum
743 1742 965 1795 pertinens,
988 1755 1065 1794 qua
1083 1741 1185 1795 peste
1201 1755 1286 1795 quae
1307 1741 1428 1795 potest
1448 1741 1519 1780 esse
1539 1741 1689 1794 major?
1712 1741 1829 1780 Hanc

421 1809 526 1847 enim
545 1809 596 1847 ob
616 1808 766 1848 causam
788 1808 975 1853 maxime,
993 1817 1036 1847 ut
1056 1808 1120 1847 sua
1136 1817 1323 1854 tenerent,
1340 1808 1565 1862 respublicae
1583 1807 1830 1859 civitatesque

420 1874 635 1913 constitutae
657 1874 757 1912 sunt.
781 1874 902 1918 Nam,
924 1874 990 1912 etsi
1011 1874 1109 1913 duce
1130 1884 1263 1913 natura
1281 1875 1614 1928 congregabantur
1633 1873 1830 1918 homines,

421 1950 564 1984 tamen,
587 1939 649 1993 spe
668 1939 847 1978 custodiae
867 1953 996 1978 rerum
1017 1939 1184 1984 suarum,
1207 1940 1364 1978 urbium
1387 1940 1553 1992 praesidia
1574 1939 1808 1991 quaerebant.

476 2005 614 2044 Danda
632 2005 748 2044 etiam
769 2018 882 2058 opera
901 2005 967 2050 est,
1002 2017 1048 2043 ne
1081 2005 1206 2058 (quod
1226 2005 1326 2058 apud
1361 2006 1521 2057 majores
1559 2005 1702 2043 nostros
1735 2004 1828 2056 saepe

420 2072 548 2116 fiebat,
572 2081 727 2124 propter
747 2071 865 2109 aerarii
886 2071 1127 2116 tenuitatem,
1159 2071 1491 2124 assiduitatemque
1512 2071 1724 2121 bellorum)
1757 2071 1828 2108 tri·

422 2139 561 2177 butum
584 2138 627 2177 sit
647 2137 923 2177 conferendum
942 2156 953 2183 5
986 2137 1103 2190 idque
1130 2151 1176 2176 ne
1196 2139 1358 2183 eveniat,
1380 2138 1508 2177 multo
1528 2148 1614 2176 ante
1644 2138 1715 2175 crit
1737 2151 1829 2191 pro·

420 2205 656 2243 videndum:
689 2204 743 2243 fin
779 2218 855 2257 qua
886 2203 1079 2243 neceflitas
1111 2203 1228 2257 hujus
1256 2206 1426 2243 muneris
1458 2205 1573 2243 alicui
1606 2203 1827 2258 reipublicae

419 2271 616 2308 obvenerit
634 2289 644 2315 ;
670 2270 792 2321 (malo
811 2271 932 2315 enim,
954 2284 1073 2323 quarn
1095 2270 1243 2316 nostrae,
1276 2270 1468 2315 ominari,
1492 2284 1617 2322 neque
1638 2279 1764 2308 tamen
1782 2268 1829 2306 de

421 2335 555 2378 nostra,
590 2335 650 2373 scd
670 2336 716 2374 de
736 2336 846 2374 omni
868 2336 1064 2389 republica
1084 2335 1254 2389 disputo)
1292 2336 1413 2374 danda
1434 2335 1505 2373 erit
1525 2348 1651 2388 opem,
1675 2343 1716 2372 ut
1736 2347 1827 2372 om-

419 2414 483 2441 nes
506 2401 735 2453 intelligant,
761 2401 805 2452 (si
826 2401 914 2439 salvi
935 2401 1006 2440 effe
1025 2401 1163 2453 velint)
1185 2401 1390 2440 necessitati
1411 2400 1482 2438 esse
1503 2400 1729 2454 parendum.

474 2469 605 2520 Atque
636 2468 753 2505 ctiam
788 2481 937 2513 omncS,
970 2469 1038 2521 qui
1061 2467 1343 2521 rempublicam
1370 2467 1657 2520 gubernabunt,
1686 2464 1828 2504 consu-

418 2534 492 2572 lere
531 2533 740 2578 debebunt,
773 2544 814 2572 ut
847 2548 979 2573 earum
1015 2547 1142 2573 rerum
1173 2534 1285 2586 copia
1319 2533 1376 2577 fit,
1419 2547 1503 2586 qum
1542 2532 1627 2570 sunt
1663 2531 1828 2570 necessa-

418 2601 507 2638 riae:
541 2614 706 2653 quarum
733 2601 856 2654 qualis
888 2601 1125 2655 comparatio
1159 2600 1239 2639 ficri
1270 2599 1383 2639 soleat
1414 2610 1452 2640 ct
1484 2599 1632 2645 debeat,
1663 2612 1740 2638 non
1771 2597 1825 2636 est
