2223 3003
674 276 947 315 LIBER
1005 276 1501 313 SECUNDUS.
1737 288 1786 325 97

397 382 546 427 putant.
566 374 663 413 Haec
685 374 827 412 ratione
848 373 1042 426 explicari,
1065 383 1102 412 et
1122 374 1167 412 ad
1188 382 1360 412 naturam
1382 372 1493 411 facile
1515 372 1679 410 revocari
1699 371 1785 425 pos-

395 441 506 479 sunt:
529 454 570 478 ea
589 453 689 485 vero,
711 453 794 491 quae
814 440 928 491 paulo
948 449 1034 477 ante
1054 439 1149 483 dixi,
1171 440 1280 477 nullo
1300 439 1430 477 modo.

450 508 600 546 LXXI.
639 507 694 543 At
726 505 832 542 enlm
865 504 1072 541 observatio
1105 505 1298 549 diuturna,
1333 504 1431 554 (haec
1466 505 1571 543 enim
1597 517 1680 557 pars
1715 516 1789 541 una

396 571 524 622 restat)
552 569 726 609 notandis
757 569 868 605 rebus
890 566 983 605 fecit
1001 577 1135 606 artem.
1178 569 1242 605 An
1263 568 1417 605 tandem
1439 569 1585 607 somnia
1603 569 1787 608 observari

394 636 578 688 poffunt?
609 646 780 686 quonam
813 632 958 670 modo?
995 632 1082 670 sunt
1113 632 1218 670 enim
1247 633 1546 671 innumerabiles
1577 635 1787 672 varietates.

394 699 512 740 Nihil
547 709 627 738 tam
661 699 895 752 praepostere,
929 708 1008 737 tam
1039 698 1251 744 incondite,
1281 707 1361 736 tam
1393 698 1598 736 monstrose
1628 699 1788 752 cogitari

394 765 530 819 potest,
561 764 666 818 quod
685 778 764 803 non
783 764 966 818 poffimus
987 764 1187 803 somniare.
1238 765 1330 815 Qo
1352 764 1468 801 modo
1488 763 1606 816 igitur
1625 762 1705 801 haec
1725 764 1787 802 in-

394 831 503 870 finita
535 840 573 869 et
592 830 739 883 semper
769 844 879 875 nova,
911 840 975 869 aut
1005 831 1192 869 memoria
1221 829 1441 882 comple&i‚
1475 839 1540 867 aut
1559 828 1789 868 observando

394 906 524 935 notare
543 895 771 949 possumus?
802 895 996 948 Astrologi
1026 905 1155 934 motus
1183 895 1391 933 errantium
1418 894 1611 933 stellarum
1633 903 1788 932 notave-

393 971 507 1000 runt:
540 962 719 1000 inventus
740 961 793 999 est
812 962 918 1000 enim
938 961 1032 1000 ordo
1061 962 1101 999 in
1133 962 1179 1000 iis
1198 961 1329 1006 stellis,
1362 961 1431 1013 qui
1462 973 1538 999 non
1570 960 1786 1012 putabatur.

394 1027 503 1066 Cedo
523 1028 679 1066 tandem
698 1027 767 1079 qui
786 1027 831 1065 fit
850 1027 958 1072 ordo,
980 1038 1044 1065 aut
1060 1041 1145 1079 quae
1162 1026 1399 1065 concursatio
1416 1026 1651 1064 somniorum
1667 1026 1680 1061 ?
1700 1025 1790 1076 Qo

393 1092 512 1131 modo
531 1101 661 1130 autem
681 1091 863 1145 distingui
883 1091 1035 1145 possunt
1053 1105 1139 1130 vera
1153 1092 1299 1130 somnia
1317 1105 1338 1129 a
1356 1090 1469 1136 fanis,
1488 1104 1581 1129 cum
1600 1091 1732 1128 eadem
1752 1099 1791 1128 et

392 1158 476 1199 aliis
496 1159 604 1197 aliter
623 1158 796 1203 evadant,
818 1167 857 1196 et
874 1158 1011 1196 iisdem
1031 1171 1109 1196 non
1124 1158 1272 1211 semper
1291 1158 1426 1196 eodem
1442 1157 1560 1195 modo
1578 1157 1590 1193 ?
1614 1158 1671 1195 Ut
1690 1154 1790 1194 mihi

393 1224 542 1262 mirum
560 1223 745 1268 videatur,
761 1235 854 1261 cum
874 1223 1051 1261 mendaci
1070 1222 1222 1261 homini
1250 1235 1298 1259 ne
1317 1235 1451 1260 verum
1468 1222 1624 1273 quidem
1646 1221 1790 1259 dicenti

392 1290 545 1329 credere
565 1289 765 1334 soleamus,
795 1302 874 1341 quo
903 1288 1021 1327 modo
1041 1288 1115 1333 isti,
1145 1288 1173 1326 fi
1192 1287 1389 1326 somnium
1415 1300 1550 1325 verum
1580 1287 1693 1325 evasit
1718 1287 1790 1324 ali-

392 1356 512 1408 quod,
544 1369 623 1394 non
653 1369 701 1394 ex
731 1355 866 1395 multis
885 1355 1014 1409 potius
1044 1354 1112 1394 uni
1131 1353 1251 1395 fidem
1281 1354 1477 1408 derogant,
1509 1365 1626 1406 quam
1646 1366 1693 1392 ex
1713 1365 1790 1392 uno

392 1421 688 1461 innumerabilia
706 1422 952 1461 confirmant.

449 1487 490 1526 Si
518 1487 637 1539 igitur
665 1501 790 1540 neque
810 1490 918 1527 Deus
949 1487 1002 1526 est
1036 1486 1190 1526 effector
1210 1486 1464 1531 somniorum,
1494 1499 1620 1539 neque
1649 1494 1790 1524 naturae

395 1551 549 1590 societas
583 1552 662 1590 ulla
695 1566 787 1591 cum
819 1553 991 1599 somniis,
1026 1565 1149 1605 neque
1179 1552 1437 1590 observatione
1468 1551 1630 1590 inveniri
1663 1550 1791 1603 potuit

395 1616 552 1655 scientia
567 1635 579 1662 ,ι
611 1616 790 1655 effectum
809 1618 875 1662 est,
906 1627 950 1655 ut
970 1617 1069 1655 nihil
1094 1617 1243 1669 prorsus
1264 1617 1421 1655 somniis
1448 1616 1697 1654 tribuendum
1718 1615 1788 1653 fit:

395 1682 604 1735 praesertim
627 1695 720 1720 cum
740 1683 799 1720 illi
819 1683 902 1735 ipfi,
924 1683 992 1735 qui
1011 1696 1053 1720 ea
1071 1682 1216 1727 vident,
1239 1681 1338 1720 nihil
1358 1681 1530 1720 divinent
1545 1700 1557 1726 ς
1591 1682 1618 1719 ii
1639 1681 1707 1734 qui
1726 1681 1790 1719 in-

394 1756 663 1801 terpretantur,
684 1748 944 1800 conjecturam
963 1749 1181 1793 adhibeant,
1204 1762 1280 1786 non
1302 1757 1475 1786 naturam
1492 1766 1504 1793 3
1536 1748 1639 1786 casus
1660 1756 1790 1785 autem

395 1813 741 1852 innumerabilibus
761 1827 857 1866 pene
876 1814 1010 1852 seculis
1030 1815 1070 1851 in
1095 1813 1277 1852 omnibus
1307 1813 1417 1865 plura
1436 1813 1641 1858 mirabilia,
1673 1826 1790 1865 quam

393 1879 436 1918 in
470 1879 709 1918 somniorum
742 1879 826 1916 vifis
861 1878 1028 1917 effecerit
1043 1898 1055 1924 5
1087 1891 1211 1931 neque
1240 1879 1471 1931 conjeetura,
1504 1891 1588 1930 quae
1613 1879 1654 1916 in
1673 1878 1789 1916 varias

394 1953 517 1998 partes
537 1945 628 1983 duci
647 1944 783 1998 potest,
816 1958 1095 1999 nonnunquam
1116 1945 1232 1984 etiam
1264 1945 1304 1983 in
1322 1944 1540 1990 contrarias,
1576 1943 1790 1997 quidquam

395 2010 441 2051 fit
459 2012 656 2051 incertius.

450 2077 621 2117 LXXII.
653 2078 894 2131 Explodatur
913 2077 994 2116 haec
1015 2091 1168 2131 quoque
1189 2077 1427 2116 somniorum
1447 2076 1633 2115 divinatio
1652 2076 1790 2130 pariter

394 2156 489 2181 cum
508 2145 666 2184 caeteris.
688 2145 809 2190 Nam,
831 2154 874 2183 ut
894 2158 977 2183 vere
996 2145 1214 2197 loquamur,
1236 2142 1448 2196 superstitio
1475 2142 1557 2181 fusa
1576 2155 1643 2196 per
1660 2152 1789 2195 gentes

396 2208 575 2262 oppreffit
601 2210 779 2248 omnium
800 2209 877 2248 fere
897 2211 1059 2254 animos,
1093 2219 1207 2262 atque
1238 2208 1446 2247 hominum
1478 2207 1789 2246 imbecillitatem

395 2276 612 2328 occupavit.
658 2276 776 2329 Qod
795 2285 833 2316 et
863 2276 904 2314 in
935 2276 981 2314 iis
1001 2276 1108 2314 libris
1129 2275 1276 2314 dietum
1296 2275 1361 2320 est,
1394 2275 1461 2327 qui
1482 2274 1568 2312 sunt
1594 2274 1640 2312 de
1660 2282 1791 2311 natura

398 2341 601 2388 Deorum3
623 2351 661 2381 et
681 2341 752 2380 hac
773 2342 1027 2395 disputatione
1046 2343 1085 2380 id
1106 2342 1275 2380 maxime
1290 2342 1455 2394 egimus.
1487 2340 1668 2379 Multum
1687 2339 1790 2377 enim

399 2415 438 2443 et
457 2407 647 2447 nobismet
666 2408 768 2461 ipfis,
789 2417 827 2447 et
848 2408 983 2446 nostris
1002 2407 1193 2461 profuturi
1214 2407 1452 2452 videbamur,
1467 2406 1493 2444 fi
1513 2419 1596 2444 eam
1617 2405 1790 2443 funditus

402 2469 684 2513 sustuliffemus.
706 2474 792 2513 Nec
811 2487 900 2512 vero
923 2474 980 2526 (id
996 2475 1102 2512 enim
1122 2474 1327 2526 diligenter
1346 2472 1511 2524 intelligi
1532 2471 1636 2522 volo)
1660 2471 1789 2522 super-

401 2535 551 2573 stitione
570 2538 749 2584 tollenda,
771 2539 905 2592 religio
925 2539 1086 2578 tollitur.
1109 2539 1215 2577 Nam
1235 2548 1272 2577 et
1293 2539 1484 2590 majorum
1504 2536 1674 2574 instituta
1694 2534 1790 2571 tueri

402 2601 511 2640 sacris
532 2604 840 2657 caeremoniisque
859 2605 1080 2649 retinendis,
1103 2605 1278 2657 sapientis
1299 2604 1350 2642 est
1366 2622 1378 2648 3
1410 2612 1447 2640 et
1467 2602 1535 2639 effe
1555 2601 1791 2655 praestantem

488 2669 617 2707 Toni.
650 2670 723 2708 111.
1455 2668 1495 2705 N
