2223 3003
450 184 528 233 405
756 170 1547 217 PHILOSOPHICORUM

505 281 622 333 viget,
655 277 797 317 caeleste
831 284 869 312 et
903 273 1081 311 divinum
1112 268 1193 314 est;
1223 269 1275 308 ob
1295 282 1458 322 eamque
1492 283 1574 308 rem
1604 277 1787 311 aeternum
1806 272 1851 311 fit
1895 279 1899 281 ‘

505 345 648 386 necesse
668 343 733 381 est.
767 341 852 379 Nec
875 353 961 377 vero
982 339 1089 376 Deus
1110 336 1202 390 ipse,
1232 337 1302 388 qui
1321 335 1554 388 intelligitur
1578 349 1599 373 a
1618 336 1745 382 nobis,
1776 337 1852 375 alio

505 411 622 450 modo
651 407 817 459 intelligi
838 405 973 460 potest,
1004 404 1072 442 nisi
1093 416 1202 442 mens
1224 403 1346 442 soluta
1365 401 1540 456 quaedam
1570 411 1608 440 et
1632 401 1763 449 libera,
1794 401 1851 440 se·-

504 484 655 530 gregata
679 473 725 512 ab
746 472 855 511 omni
875 471 1120 510 concretione
1150 469 1318 514 mortali,
1351 468 1482 508 omnia
1500 467 1679 514 sentiens,
1708 477 1747 508 et
1766 481 1853 507 mo-

505 555 610 587 vens,
633 540 786 594 ipsaque
805 537 962 592 praedita
982 546 1093 576 motu
1114 536 1357 590 sempiterno.

451 611 601 649 LACT.
619 607 680 647 lib.
710 622 743 646 1.
775 615 853 659 cap.
883 605 964 659 15.]
997 605 1102 643 Cum
1123 617 1212 642 vero
1231 612 1270 642 et
1294 604 1430 648 mareS,
1462 611 1500 641 et
1530 600 1711 641 foeminas
1741 616 1854 644 com..

505 678 632 730 plures
665 689 713 714 ex
746 673 973 712 hominibus
1002 673 1044 710 in
1074 672 1252 710 Deorum
1282 683 1446 709 numero
1475 671 1546 710 esse
1570 671 1784 716 videamus,
1819 680 1857 711 et

506 757 640 782 eorum
664 742 703 779 in
726 740 886 779 urbibus
907 749 1021 791 atque
1040 738 1138 791 agris
1159 736 1418 791 augustissima
1435 737 1579 791 templa
1604 751 1855 784 veneremur5

507 809 749 848 assentiamur
783 819 917 844 eorum
952 803 1143 857 sapientiae
1160 832 1172 848 ,
1208 816 1376 856 quorum
1416 804 1583 856 ingeniis
1617 814 1656 843 et
1692 806 1858 844 inventis

506 888 665 915 omnem
692 873 825 916 vitam,
857 870 1008 923 legibus
1027 879 1065 907 et
1085 869 1269 907 institutis
1288 869 1499 914 excultam,
1534 871 1860 926 constitutamque

507 940 710 983 habemus.
752 937 872 988 Qod
893 936 918 975 s1
940 936 1067 974 ullum
1088 949 1261 988 unquam
1281 935 1423 974 animal
1443 936 1744 975 consecrandum
1769 937 1860 984 fuit,

508 1009 607 1049 illud
627 1004 800 1061 profecto
819 1002 910 1041 fuit.
943 1002 981 1040 Si
1003 1001 1159 1047 Cadmi,
1190 1011 1256 1040 aut
1281 1000 1519 1055 Amphionis
1549 1003 1766 1056 progenies,
1798 1013 1862 1043 aut

508 1073 696 1128 Tyndari,
727 1071 768 1110 in
788 1069 929 1109 caelum
950 1067 1121 1106 tollenda
1140 1066 1245 1106 fama
1263 1066 1354 1113 fuit,
1376 1067 1469 1106 huic
1489 1069 1594 1107 idem
1614 1068 1739 1108 honos
1760 1078 1861 1108 certe

508 1140 693 1182 dicandus
713 1138 792 1176 est:
825 1135 930 1188 quod
950 1134 1111 1187 quidem
1131 1132 1286 1179 faciam,
1320 1143 1436 1187 teque
1464 1136 1645 1174 omnium
1671 1136 1863 1189 optimam

509 1207 859 1257 dofflffimamque,
894 1200 1196 1255 approbantibus
1231 1201 1320 1239 Diis
1354 1201 1643 1241 immortalibus
1678 1203 1782 1256 ipfis,
1823 1203 1864 1241 in

509 1288 646 1314 eorum
667 1280 765 1311 caetu
786 1270 964 1314 locatam,
996 1267 1043 1306 ad
1061 1266 1288 1320 opinionem
1308 1267 1489 1306 omnium
1519 1267 1746 1307 mortalium
1766 1281 1864 1307 con-

513 1341 679 1379 secrabo.

457 1410 608 1449 LACT.
628 1404 688 1443 lib.
710 1415 798 1442 111.
829 1409 909 1453 cap.
937 1399 1019 1450 ¹9·]
1049 1397 1137 1436 Nec
1157 1398 1265 1437 enim
1284 1399 1467 1437 omnibus
1489 1398 1608 1436 iidem
1636 1398 1695 1437 illi
1716 1399 1865 1451 sapien-

514 1483 569 1512 tes
590 1468 762 1509 arbitrati
782 1467 870 1506 sunt
889 1464 1058 1503 eundem
1078 1464 1233 1502 cursum
1254 1465 1295 1502 in
1316 1464 1454 1501 caelum
1475 1472 1601 1516 patere
1620 1478 1629 1501 :
1653 1477 1743 1502 nam
1763 1464 1868 1503 vitiis

513 1548 551 1577 et
571 1535 775 1575 sceleribus
795 1530 1078 1571 contaminatos
1099 1529 1265 1583 deprimi
1286 1530 1325 1568 in
1347 1529 1536 1574 tenebras,
1558 1538 1672 1582 atque
1693 1530 1733 1568 in
1755 1543 1869 1569 coeno

506 1607 632 1660 jacere
658 1602 901 1644 docuerunt,
932 1597 1052 1636 castos
1071 1605 1216 1642 autem,
1238 1610 1369 1650 puros,
1401 1596 1585 1649 integros,
1608 1597 1868 1650 incorruptos,

513 1671 626 1711 bonis
657 1669 773 1707 etiam
795 1666 929 1706 studiis
962 1674 1077 1718 atque
1107 1664 1251 1703 artibus
1279 1664 1486 1717 expolitos,
1519 1663 1593 1702 levi
1625 1663 1794 1717 quodam
1827 1676 1870 1701 ac

515 1737 621 1776 facili
642 1733 746 1788 lapsu
766 1733 813 1772 ad
834 1733 954 1777 Deos,
976 1731 1015 1770 id
1036 1729 1101 1776 est,
1123 1730 1169 1769 ad
1190 1739 1364 1769 naturam
1386 1728 1441 1768 sui
1462 1728 1628 1769 similem
1650 1729 1859 1784 pervolare.

460 1807 610 1847 LACT.
632 1802 692 1842 lib.
722 1814 809 1841 111.
841 1807 922 1854 cap.
944 1797 1029 1851 28.]
1062 1797 1183 1844 Cedo,
1205 1811 1252 1838 en
1273 1811 1435 1838 manum
1456 1796 1566 1836 tollo.

778 1995 866 2034 DE
931 1993 1084 2033 SUIS
1148 1991 1549 2031 CONSILIIS.

466 2133 607 2171 Βοετ.
631 2127 690 2166 lib.
722 2140 753 2165 1.
778 2123 899 2178 Mff]
930 2122 1002 2161 Sed
1021 2132 1078 2168 ut,
1100 2123 1228 2176 aliqua
1247 2121 1500 2162 similitudine
1525 2121 1725 2166 adductus,
1748 2119 1874 2159 maxi-

522 2197 596 2236 mis
615 2194 778 2233 minima
798 2189 1009 2236 conferam,
1027 2198 1071 2228 ut
1090 2202 1183 2228 cum
1200 2187 1386 2228 vinolenti
1407 2187 1676 2232 adolescentes,
1692 2187 1875 2225 tibiarum

522 2262 639 2300 ctiam
660 2269 788 2302 cantu,
813 2267 855 2295 ut
877 2256 935 2302 fit,
957 2255 1139 2301 instincti,
1162 2254 1333 2295 mulieris
1354 2254 1504 2309 pudicae
1523 2253 1622 2292 fores
1643 2251 1873 2305 frangerent,

524 2324 759 2366 admonuisse
779 2323 996 2368 tibicinam,
1030 2331 1073 2361 ut
1094 2320 1305 2375 spondeum
1326 2328 1492 2365 caneret,
1522 2317 1754 2372 Pythagoras
1775 2316 1875 2354 dici-

526 2404 600 2433 tur.
653 2390 772 2443 Qud
793 2403 884 2428 cum
906 2389 971 2428 illa
992 2387 1151 2434 fecisset,
1183 2387 1357 2427 tarditate
1378 2385 1602 2432 modorum,
1637 2395 1674 2424 et
1695 2384 1877 2439 gravitate

526 2459 674 2505 cantus,
696 2459 854 2498 illorum
874 2456 1066 2497 furentem
1087 2454 1341 2511 petulantiam
1362 2452 1544 2493 resedisse.
