2223 3003
460 279 538 320 154
865 259 969 300 DE
1037 259 1439 298 LEGIBUS

453 366 658 418 intelligat,
680 362 706 401 fi
726 361 772 400 ad
792 369 907 414 caput
926 359 1075 405 referat,
1091 371 1158 412 per
1178 359 1214 398 se
1233 359 1310 413 ipse
1329 358 1442 398 facile
1461 359 1675 413 perspiciat.
1716 362 1854 403 Veluti

453 431 479 471 fi
501 432 629 470 minus
651 428 738 482 quis
758 425 925 479 cepiffet,
946 439 995 465 ne
1015 425 1124 464 sacris
1145 425 1386 479 alligaretur,
1408 439 1450 464 ac
1469 425 1554 479 post
1573 426 1620 465 de
1638 427 1720 479 ejus
1739 426 1856 467 here·

453 498 566 535 dibus
587 494 725 547 aliquis
755 492 934 545 exegiffet
953 505 1023 546 pro
1051 491 1115 530 sua
1134 502 1239 545 parte
1266 492 1319 537 id,
1350 492 1454 545 quod
1478 492 1525 530 ab
1545 506 1604 538 eo,
1634 493 1746 545 cujus
1774 493 1855 547 ipse

452 561 561 600 heres
575 560 677 605 effet,
704 558 994 613 praetermiss'uin
1015 557 1166 604 fuiffet5
1187 572 1306 611 eaque
1325 559 1487 611 pecunia
1507 572 1585 598 non
1605 559 1734 598 minor
1763 559 1855 599 effet

451 627 550 666 faeta
579 640 672 666 cum
702 625 891 679 superiore
925 625 1135 670 exactione,
1172 638 1290 677 quam
1318 624 1522 663 heredibus
1546 625 1730 664 omnibus
1763 625 1855 665 effet

452 695 584 733 relicta
602 712 615 739 ς
647 692 716 746 qui
746 705 831 732 eam
860 692 1066 745 pecuniam
1091 691 1285 745 exegiss‘et,
1326 691 1451 731 solum
1477 692 1553 730 fine
1582 690 1857 737 coheredibus,

452 761 563 800 sacris
584 759 744 814 alligari.
810 759 877 798 uin
896 759 1013 798 etiam
1029 768 1178 804 cavent,
1200 767 1257 804 ut,
1279 759 1342 797 cui
1362 759 1448 812 plus
1469 759 1640 812 legatum
1656 759 1713 804 sit,
1736 771 1856 812 quam

451 828 530 868 fine
562 827 747 880 religione
775 839 909 879 capere
928 825 1054 871 liceat,
1085 825 1116 864 is
1136 838 1204 879 per
1234 839 1281 864 aes
1301 835 1339 864 et
1369 826 1508 864 libram
1539 824 1721 864 heredem
1740 824 1857 864 testa-

451 895 576 934 menti
596 893 714 932 solvat
725 910 739 938 5
769 900 969 945 propterea
988 891 1094 944 quod
1123 905 1170 930 eo
1199 891 1286 931 loco
1306 905 1362 931 res
1391 892 1459 938 est,
1487 893 1541 931 ita
1559 892 1682 932 soluta
1700 891 1855 931 heredi-

449 969 541 1005 tate,
562 959 666 1012 quasi
686 971 730 997 ea
747 958 912 1012 pecunia
929 958 1054 1012 legata
1072 972 1152 998 non
1171 959 1274 998 effet.

504 1027 621 1065 XXI.
653 1026 747 1065 Hoc
765 1037 839 1078 ego
867 1025 957 1064 loco
975 1025 1188 1079 multisque
1213 1025 1298 1064 aliis
1319 1038 1449 1078 quaero
1467 1038 1488 1064 a
1513 1025 1639 1071 vobis,
1660 1024 1852 1071 Scaevolae,

449 1093 659 1134 Pontifices
679 1091 857 1139 maximi,
879 1100 918 1131 et
936 1090 1130 1138 homines,
1162 1105 1253 1131 meo
1271 1092 1431 1145 quidem
1447 1092 1612 1145 judicio,
1632 1091 1856 1137 acudffimi,

449 1159 548 1213 quid
566 1159 626 1205 fit,
658 1158 765 1212 quod
783 1158 831 1197 ad
854 1159 920 1211 jus
940 1157 1188 1212 pontificium
1208 1158 1324 1197 civile
1346 1158 1546 1212 appetatis.
1579 1157 1718 1197 Civilis
1747 1158 1856 1196 enim

445 1227 543 1279 juris
564 1224 722 1264 scientia
740 1224 989 1278 pontificium
1009 1224 1179 1278 quodam
1199 1224 1319 1263 modo
1334 1224 1486 1262 tollitis.
1518 1224 1626 1263 Nam
1646 1224 1745 1262 sacra
1760 1236 1854 1262 cum

449 1292 625 1346 pecunia,
647 1289 886 1330 Pontificum
907 1290 1141 1336 auctoritate,
1164 1290 1270 1329 nulla
1288 1290 1386 1343 lege,
1408 1290 1613 1342 conjuncta
1631 1289 1731 1328 sunt.
1773 1289 1854 1328 Ita-

450 1371 527 1412 que
554 1357 582 1397 fi
612 1370 679 1396 vos
708 1357 984 1396 tantummodo
1015 1356 1222 1396 Pontifices
1247 1356 1384 1402 effetis,
1418 1355 1651 1409 pontificalis
1685 1363 1855 1395 maneret

449 1423 651 1464 auctoritas
666 1438 676 1463 :
697 1423 759 1462 sed
778 1423 884 1476 quod
905 1423 1025 1462 iidem
1039 1424 1138 1476 juris
1151 1423 1275 1462 civilis
1291 1422 1377 1461 estis
1393 1421 1624 1476 peritissimi,
1640 1421 1711 1460 hac
1727 1422 1854 1460 scien-

450 1490 504 1528 tia
523 1489 631 1529 illam
649 1488 820 1528 eluditis.
863 1488 1014 1528 Placuit
1035 1490 1080 1528 P.
1099 1488 1274 1528 Scaevolae
1293 1497 1333 1526 et
1353 1487 1614 1531 Coruncanio,
1646 1485 1855 1525 Pontifici-

451 1556 522 1594 bus
543 1555 740 1603 maximis,
757 1555 931 1608 itemque
945 1555 1105 1601 caeteris,
1125 1555 1195 1608 qui
1210 1553 1457 1593 tantumdem
1475 1561 1639 1606 caperet,
1661 1561 1855 1606 quantum

448 1634 584 1660 omnes
618 1621 789 1666 heredes,
820 1621 930 1659 sacris
964 1620 1125 1673 alligari.
1166 1620 1307 1659 Habeo
1334 1621 1400 1672 jus
1430 1619 1693 1673 pontificium.
1744 1619 1855 1673 Qid

450 1687 528 1727 huc
548 1686 697 1726 acceffit
716 1699 765 1725 ex
784 1687 872 1739 jure
902 1686 1038 1725 civili?
1069 1686 1291 1726 Partitionis
1311 1695 1428 1739 caput
1446 1686 1633 1740 scriptum
1653 1695 1777 1730 caute,
1810 1694 1854 1724 ut

450 1762 609 1793 centum
639 1753 797 1792 nummi
830 1752 1122 1791 deducerentur.
1171 1753 1331 1792 Inventa
1360 1751 1414 1790 est
1450 1753 1559 1797 ratio,
1590 1765 1660 1790 cur
1689 1751 1854 1805 pecunia

451 1819 641 1858 sacrorum
675 1817 849 1856 molestia
878 1817 1116 1857 liberaretur.
1148 1818 1268 1870 Qod
1298 1817 1323 1856 fi
1356 1816 1446 1863 hoc,
1481 1818 1551 1869 qui
1581 1816 1854 1856 testamentum

451 1883 628 1926 faciebat,
667 1895 800 1920 cavere
830 1881 1023 1925 noluisset,
1053 1882 1233 1920 admonet
1260 1884 1557 1933 jurisconsultus
1591 1882 1658 1921 hic
1691 1883 1854 1934 quidem

451 1948 529 2002 ipse
551 1948 726 1992 Mucius,
759 1945 939 1985 Pontifex
966 1946 1084 1991 idem,
1115 1956 1156 1985 ut
1190 1947 1321 1985 minus
1346 1947 1486 2000 capiat,
1518 1960 1637 2000 quam
1667 1948 1853 1986 omnibus

451 2014 656 2053 heredibus
678 2013 931 2065 relinquatur.
978 2013 1196 2066 Superiores
1230 2013 1422 2059 dicebant,
1458 2014 1527 2067 qui
1558 2014 1652 2067 quid
1683 2013 1851 2067 cepifl‘et,

452 2079 646 2132 adstringi.
669 2078 816 2117 Rursus
831 2078 942 2117 sacris
962 2078 1185 2117 liberantur.
1210 2079 1298 2117 Hoc
1319 2092 1407 2118 vero
1426 2078 1525 2118 nihil
1546 2080 1591 2118 ad
1606 2078 1854 2133 pontificium

448 2147 526 2197 jus,
548 2155 584 2183 et
604 2158 624 2182 e
645 2145 773 2183 medio
791 2144 843 2182 est
858 2145 946 2196 jure
966 2143 1086 2189 civili,
1115 2153 1158 2182 ut
1174 2158 1238 2198 per
1259 2157 1306 2183 aes
1321 2154 1359 2183 et
1380 2145 1518 2184 libram
1540 2144 1719 2183 heredem
1742 2143 1854 2183 testa·

452 2212 575 2250 menti
593 2211 751 2257 solvant,
772 2220 811 2250 et
837 2210 974 2249 eodem
994 2210 1082 2249 loco
1102 2224 1156 2249 res
1178 2211 1235 2256 sit,
1261 2211 1362 2264 quasi
1389 2225 1431 2250 ea
1451 2212 1614 2265 pecunia
1633 2211 1754 2263 legata
1775 2223 1853 2249 non

451 2278 554 2322 effet,
576 2278 601 2316 si
622 2279 667 2322 is,
688 2278 753 2316 cui
773 2278 945 2331 legatum
965 2277 1031 2322 est,
1054 2277 1254 2331 stipulatus
1273 2277 1326 2316 est
1345 2277 1527 2331 idipsum,
1554 2279 1659 2331 quod
1681 2278 1852 2330 legatum

452 2345 519 2389 est,
543 2354 584 2382 ut
604 2359 645 2382 ea
665 2345 825 2397 pecunia
843 2358 889 2383 ex
911 2345 1154 2398 stipulatione
1175 2345 1369 2390 debeatur,
1392 2345 1512 2398 litque
1531 2359 1572 2383 ea
1592 2358 1669 2383 non
1693 2348 1716 2369 '¹
1732 2347 1753 2369 ⁴¹
1772 2347 1797 2369 ⁴⁸

508 2413 532 2437 θ
554 2414 576 2437 *
598 2414 622 2436 ⁴*
643 2411 800 2450 doctum
822 2410 1024 2450 hominem
1046 2410 1144 2457 sane,
1165 2413 1275 2465 cujus
1295 2410 1371 2450 fuit
1392 2412 1536 2450 Accius
1557 2410 1822 2465 perfamiliaris
1839 2423 1852 2450 τ

454 2477 515 2516 sed
535 2477 720 2522 mensem,
752 2479 879 2523 credo,
907 2488 1126 2517 extremum
1147 2479 1251 2524 anni,
1275 2488 1315 2517 ut
1336 2488 1479 2517 veteres
1503 2479 1770 2522 Februarium,
1801 2477 1852 2516 fic

454 2542 518 2582 hic
554 2544 812 2583 Decembrem
845 2545 1080 2597 sequebatur.
1113 2545 1249 2585 Hosti-51
1281 2555 1409 2585 autem
1441 2546 1611 2585 mamma
1641 2553 1850 2599 parentare,

455 2610 592 2663 pietate
612 2609 683 2651 esse
703 2611 928 2664 adjunctum
949 2612 1122 2665 putabat.
