<?xml version="1.0" encoding="UTF-8"?>
<!DOCTYPE html PUBLIC "-//W3C//DTD XHTML 1.0 Transitional//EN"
    "http://www.w3.org/TR/xhtml1/DTD/xhtml1-transitional.dtd">
<html xmlns="http://www.w3.org/1999/xhtml" xml:lang="en" lang="en">
 <head>
  <title>
</title>
<meta http-equiv="Content-Type" content="text/html;charset=utf-8" />
  <meta name='ocr-system' content='tesseract 3.04.00' />
  <meta name='ocr-capabilities' content='ocr_page ocr_carea ocr_par ocr_line ocrx_word'/>
</head>
<body>
  <div class='ocr_page' id='page_1' title='image "./operacumindicibu03ciceuoft_0313.png"; bbox 0 0 2223 3003; ppageno 0'>
   <div class='ocr_carea' id='block_1_1' title="bbox 656 308 1727 364">
    <p class='ocr_par' dir='ltr' id='par_1_1' title="bbox 656 308 1727 364">
     <span class='ocr_line' id='line_1_1' title="bbox 656 308 1727 364; baseline 0.001 -17"><span class='ocrx_word' id='word_1_1' title='bbox 656 310 759 347; x_wconf 84' lang='lat' dir='ltr'>DE</span> <span class='ocrx_word' id='word_1_2' title='bbox 819 308 1393 348; x_wconf 79' lang='lat' dir='ltr'>SENECTUTE.</span> <span class='ocrx_word' id='word_1_3' title='bbox 1651 324 1727 364; x_wconf 79' lang='lat'>307</span> 
     </span>
    </p>
   </div>
   <div class='ocr_carea' id='block_1_2' title="bbox 326 406 1745 2697">
    <p class='ocr_par' dir='ltr' id='par_1_2' title="bbox 326 406 1743 2234">
     <span class='ocr_line' id='line_1_2' title="bbox 326 406 1727 461; baseline 0.001 -15"><span class='ocrx_word' id='word_1_4' title='bbox 326 406 510 460; x_wconf 84' lang='lat' dir='ltr'>Archytae</span> <span class='ocrx_word' id='word_1_5' title='bbox 529 409 746 453; x_wconf 81' lang='lat' dir='ltr'>Tarentini,</span> <span class='ocrx_word' id='word_1_6' title='bbox 766 409 896 460; x_wconf 83' lang='lat' dir='ltr'>magni</span> <span class='ocrx_word' id='word_1_7' title='bbox 918 409 956 446; x_wconf 90' lang='lat' dir='ltr'>in</span> <span class='ocrx_word' id='word_1_8' title='bbox 978 408 1128 461; x_wconf 89' lang='lat' dir='ltr'>primis,</span> <span class='ocrx_word' id='word_1_9' title='bbox 1149 417 1186 446; x_wconf 93' lang='lat' dir='ltr'>et</span> <span class='ocrx_word' id='word_1_10' title='bbox 1206 409 1375 461; x_wconf 90' lang='lat' dir='ltr'>praeclari</span> <span class='ocrx_word' id='word_1_11' title='bbox 1396 408 1490 454; x_wconf 83' lang='lat' dir='ltr'>viri;</span> <span class='ocrx_word' id='word_1_12' title='bbox 1522 422 1605 461; x_wconf 86' lang='lat' dir='ltr'>quae</span> <span class='ocrx_word' id='word_1_13' title='bbox 1627 408 1727 447; x_wconf 81' lang='lat' dir='ltr'>mihi</span> 
     </span>
     <span class='ocr_line' id='line_1_3' title="bbox 329 473 1725 527; baseline 0.002 -17"><span class='ocrx_word' id='word_1_14' title='bbox 329 473 464 511; x_wconf 86' lang='lat' dir='ltr'>tradita</span> <span class='ocrx_word' id='word_1_15' title='bbox 494 474 570 519; x_wconf 87' lang='lat' dir='ltr'>est,</span> <span class='ocrx_word' id='word_1_16' title='bbox 612 488 704 512; x_wconf 91' lang='lat' dir='ltr'>cum</span> <span class='ocrx_word' id='word_1_17' title='bbox 734 474 848 511; x_wconf 78' lang='lat' dir='ltr'>essem</span> <span class='ocrx_word' id='word_1_18' title='bbox 879 474 1091 512; x_wconf 83' lang='lat' dir='ltr'>adolescens</span> <span class='ocrx_word' id='word_1_19' title='bbox 1121 475 1282 512; x_wconf 86' lang='lat' dir='ltr'>Tarenti</span> <span class='ocrx_word' id='word_1_20' title='bbox 1314 488 1406 513; x_wconf 89' lang='lat' dir='ltr'>cum</span> <span class='ocrx_word' id='word_1_21' title='bbox 1443 477 1510 527; x_wconf 75' lang='lat' dir='ltr'>Q</span> <span class='ocrx_word' id='word_1_22' title='bbox 1530 475 1725 513; x_wconf 84' lang='lat' dir='ltr'>Maximo.</span> 
     </span>
     <span class='ocr_line' id='line_1_4' title="bbox 328 538 1727 594; baseline 0.001 -18"><span class='ocrx_word' id='word_1_23' title='bbox 328 538 493 577; x_wconf 84' lang='lat' dir='ltr'>Nullam</span> <span class='ocrx_word' id='word_1_24' title='bbox 529 540 791 592; x_wconf 76' lang='lat' dir='ltr'>capitaliorem</span> <span class='ocrx_word' id='word_1_25' title='bbox 825 539 985 590; x_wconf 89' lang='lat' dir='ltr'>pestem,</span> <span class='ocrx_word' id='word_1_26' title='bbox 1016 553 1134 590; x_wconf 86' lang='lat' dir='ltr'>quam</span> <span class='ocrx_word' id='word_1_27' title='bbox 1168 541 1337 591; x_wconf 83' lang='lat' dir='ltr'>corporis</span> <span class='ocrx_word' id='word_1_28' title='bbox 1368 541 1622 594; x_wconf 87' lang='lat' dir='ltr'>voluptatem,</span> <span class='ocrx_word' id='word_1_29' title='bbox 1654 539 1727 578; x_wconf 90' lang='lat' dir='ltr'>ho-</span> 
     </span>
     <span class='ocr_line' id='line_1_5' title="bbox 329 604 1728 658; baseline 0.003 -17"><span class='ocrx_word' id='word_1_30' title='bbox 329 605 503 643; x_wconf 87' lang='lat' dir='ltr'>minibus</span> <span class='ocrx_word' id='word_1_31' title='bbox 530 605 681 643; x_wconf 89' lang='lat' dir='ltr'>dicebat</span> <span class='ocrx_word' id='word_1_32' title='bbox 711 618 731 641; x_wconf 89' lang='lat' dir='ltr'>a</span> <span class='ocrx_word' id='word_1_33' title='bbox 751 613 883 642; x_wconf 88' lang='lat' dir='ltr'>natura</span> <span class='ocrx_word' id='word_1_34' title='bbox 913 604 1039 642; x_wconf 86' lang='lat' dir='ltr'>datam</span> <span class='ocrx_word' id='word_1_35' title='bbox 1057 623 1068 648; x_wconf 67' lang='grc' dir='ltr'><strong><em>ς</em></strong></span> <span class='ocrx_word' id='word_1_36' title='bbox 1101 606 1210 656; x_wconf 86' lang='lat' dir='ltr'>cujus</span> <span class='ocrx_word' id='word_1_37' title='bbox 1230 605 1436 658; x_wconf 89' lang='lat' dir='ltr'>voluptatis</span> <span class='ocrx_word' id='word_1_38' title='bbox 1458 607 1574 644; x_wconf 83' lang='lat' dir='ltr'>avidae</span> <span class='ocrx_word' id='word_1_39' title='bbox 1595 607 1728 645; x_wconf 84' lang='lat' dir='ltr'>libidi-</span> 
     </span>
     <span class='ocr_line' id='line_1_6' title="bbox 329 670 1730 725; baseline 0.001 -16"><span class='ocrx_word' id='word_1_40' title='bbox 329 684 396 709; x_wconf 90' lang='lat' dir='ltr'>nes</span> <span class='ocrx_word' id='word_1_41' title='bbox 417 681 559 709; x_wconf 90' lang='lat' dir='ltr'>temere</span> <span class='ocrx_word' id='word_1_42' title='bbox 578 680 616 708; x_wconf 89' lang='lat' dir='ltr'>et</span> <span class='ocrx_word' id='word_1_43' title='bbox 634 670 822 708; x_wconf 86' lang='lat' dir='ltr'>effraenate</span> <span class='ocrx_word' id='word_1_44' title='bbox 843 670 889 707; x_wconf 84' lang='lat' dir='ltr'>ad</span> <span class='ocrx_word' id='word_1_45' title='bbox 908 670 1144 722; x_wconf 89' lang='lat' dir='ltr'>potiundum</span> <span class='ocrx_word' id='word_1_46' title='bbox 1164 671 1429 710; x_wconf 85' lang='lat' dir='ltr'>incitarentur.</span> <span class='ocrx_word' id='word_1_47' title='bbox 1472 673 1580 710; x_wconf 92' lang='lat' dir='ltr'>Hinc</span> <span class='ocrx_word' id='word_1_48' title='bbox 1602 674 1730 725; x_wconf 64' lang='lat' dir='ltr'>patriae</span> 
     </span>
     <span class='ocr_line' id='line_1_7' title="bbox 327 735 1729 790; baseline 0.001 -16"><span class='ocrx_word' id='word_1_49' title='bbox 327 737 577 790; x_wconf 82' lang='lat' dir='ltr'>proditiones,</span> <span class='ocrx_word' id='word_1_50' title='bbox 605 735 699 774; x_wconf 88' lang='lat' dir='ltr'>hinc</span> <span class='ocrx_word' id='word_1_51' title='bbox 730 736 1108 788; x_wconf 83' lang='lat' dir='ltr'>rerumpublicarum</span> <span class='ocrx_word' id='word_1_52' title='bbox 1142 736 1363 782; x_wconf 89' lang='lat' dir='ltr'>everfiones,</span> <span class='ocrx_word' id='word_1_53' title='bbox 1394 737 1487 775; x_wconf 90' lang='lat' dir='ltr'>hinc</span> <span class='ocrx_word' id='word_1_54' title='bbox 1514 751 1604 775; x_wconf 91' lang='lat' dir='ltr'>cum</span> <span class='ocrx_word' id='word_1_55' title='bbox 1640 738 1729 776; x_wconf 87' lang='lat' dir='ltr'>hos-</span> 
     </span>
     <span class='ocr_line' id='line_1_8' title="bbox 329 801 1730 854; baseline 0 -14"><span class='ocrx_word' id='word_1_56' title='bbox 329 802 434 840; x_wconf 89' lang='lat' dir='ltr'>tibus</span> <span class='ocrx_word' id='word_1_57' title='bbox 468 801 698 840; x_wconf 87' lang='lat' dir='ltr'>clandestina</span> <span class='ocrx_word' id='word_1_58' title='bbox 727 801 924 854; x_wconf 90' lang='lat' dir='ltr'>colloquia</span> <span class='ocrx_word' id='word_1_59' title='bbox 945 801 1072 840; x_wconf 89' lang='lat' dir='ltr'>nasci:</span> <span class='ocrx_word' id='word_1_60' title='bbox 1105 801 1260 840; x_wconf 91' lang='lat' dir='ltr'>nullum</span> <span class='ocrx_word' id='word_1_61' title='bbox 1291 801 1456 854; x_wconf 88' lang='lat' dir='ltr'>denique</span> <span class='ocrx_word' id='word_1_62' title='bbox 1476 802 1608 847; x_wconf 84' lang='lat' dir='ltr'>scelus,</span> <span class='ocrx_word' id='word_1_63' title='bbox 1640 803 1730 840; x_wconf 89' lang='lat' dir='ltr'>nul-</span> 
     </span>
     <span class='ocr_line' id='line_1_9' title="bbox 329 865 1732 920; baseline 0 -15"><span class='ocrx_word' id='word_1_64' title='bbox 329 866 415 905; x_wconf 91' lang='lat' dir='ltr'>lum</span> <span class='ocrx_word' id='word_1_65' title='bbox 446 866 593 905; x_wconf 90' lang='lat' dir='ltr'>malum</span> <span class='ocrx_word' id='word_1_66' title='bbox 614 865 762 905; x_wconf 90' lang='lat' dir='ltr'>facinus</span> <span class='ocrx_word' id='word_1_67' title='bbox 793 866 877 912; x_wconf 83' lang='lat' dir='ltr'>effe,</span> <span class='ocrx_word' id='word_1_68' title='bbox 908 867 954 904; x_wconf 91' lang='lat' dir='ltr'>ad</span> <span class='ocrx_word' id='word_1_69' title='bbox 974 867 1079 919; x_wconf 92' lang='lat' dir='ltr'>quod</span> <span class='ocrx_word' id='word_1_70' title='bbox 1099 866 1384 920; x_wconf 85' lang='lat' dir='ltr'>suscipiendum</span> <span class='ocrx_word' id='word_1_71' title='bbox 1415 881 1493 906; x_wconf 91' lang='lat' dir='ltr'>non</span> <span class='ocrx_word' id='word_1_72' title='bbox 1519 868 1641 906; x_wconf 92' lang='lat' dir='ltr'>libido</span> <span class='ocrx_word' id='word_1_73' title='bbox 1663 881 1732 905; x_wconf 91' lang='lat' dir='ltr'>vo-</span> 
     </span>
     <span class='ocr_line' id='line_1_10' title="bbox 329 931 1730 986; baseline 0.001 -16"><span class='ocrx_word' id='word_1_74' title='bbox 329 931 489 985; x_wconf 88' lang='lat' dir='ltr'>luptatis</span> <span class='ocrx_word' id='word_1_75' title='bbox 511 932 729 985; x_wconf 91' lang='lat' dir='ltr'>impelleret</span> <span class='ocrx_word' id='word_1_76' title='bbox 749 947 757 970; x_wconf 94' lang='lat'>:</span> <span class='ocrx_word' id='word_1_77' title='bbox 789 933 915 986; x_wconf 88' lang='lat' dir='ltr'>stupra</span> <span class='ocrx_word' id='word_1_78' title='bbox 944 946 1047 978; x_wconf 89' lang='lat' dir='ltr'>vero,</span> <span class='ocrx_word' id='word_1_79' title='bbox 1077 942 1116 971; x_wconf 90' lang='lat' dir='ltr'>et</span> <span class='ocrx_word' id='word_1_80' title='bbox 1147 932 1344 978; x_wconf 87' lang='lat' dir='ltr'>adulteria,</span> <span class='ocrx_word' id='word_1_81' title='bbox 1374 941 1412 971; x_wconf 91' lang='lat' dir='ltr'>et</span> <span class='ocrx_word' id='word_1_82' title='bbox 1432 947 1549 971; x_wconf 94' lang='lat' dir='ltr'>omne</span> <span class='ocrx_word' id='word_1_83' title='bbox 1570 934 1642 971; x_wconf 90' lang='lat' dir='ltr'>tale</span> <span class='ocrx_word' id='word_1_84' title='bbox 1663 932 1730 971; x_wconf 86' lang='lat' dir='ltr'>fla-</span> 
     </span>
     <span class='ocr_line' id='line_1_11' title="bbox 327 998 1734 1052; baseline 0.001 -17"><span class='ocrx_word' id='word_1_85' title='bbox 327 998 489 1050; x_wconf 85' lang='lat' dir='ltr'>gitium,</span> <span class='ocrx_word' id='word_1_86' title='bbox 520 999 637 1036; x_wconf 90' lang='lat' dir='ltr'>nullis</span> <span class='ocrx_word' id='word_1_87' title='bbox 664 998 747 1037; x_wconf 86' lang='lat' dir='ltr'>aliis</span> <span class='ocrx_word' id='word_1_88' title='bbox 778 999 968 1037; x_wconf 91' lang='lat' dir='ltr'>illecebris</span> <span class='ocrx_word' id='word_1_89' title='bbox 997 999 1169 1044; x_wconf 81' lang='lat' dir='ltr'>excitari,</span> <span class='ocrx_word' id='word_1_90' title='bbox 1199 999 1268 1037; x_wconf 88' lang='lat' dir='ltr'>nifi</span> <span class='ocrx_word' id='word_1_91' title='bbox 1297 999 1532 1052; x_wconf 87' lang='lat' dir='ltr'>voluptatis:</span> <span class='ocrx_word' id='word_1_92' title='bbox 1564 1012 1734 1050; x_wconf 85' lang='lat' dir='ltr'>cumque</span> 
     </span>
     <span class='ocr_line' id='line_1_12' title="bbox 329 1062 1733 1117; baseline 0 -16"><span class='ocrx_word' id='word_1_93' title='bbox 329 1062 485 1102; x_wconf 91' lang='lat' dir='ltr'>homini</span> <span class='ocrx_word' id='word_1_94' title='bbox 506 1064 578 1102; x_wconf 87' lang='lat' dir='ltr'>five</span> <span class='ocrx_word' id='word_1_95' title='bbox 599 1073 743 1109; x_wconf 90' lang='lat' dir='ltr'>natura,</span> <span class='ocrx_word' id='word_1_96' title='bbox 775 1064 847 1102; x_wconf 78' lang='lat' dir='ltr'>sive</span> <span class='ocrx_word' id='word_1_97' title='bbox 868 1064 955 1116; x_wconf 90' lang='lat' dir='ltr'>quis</span> <span class='ocrx_word' id='word_1_98' title='bbox 973 1065 1096 1110; x_wconf 89' lang='lat' dir='ltr'>Deus,</span> <span class='ocrx_word' id='word_1_99' title='bbox 1118 1062 1217 1103; x_wconf 89' lang='lat' dir='ltr'>nihil</span> <span class='ocrx_word' id='word_1_100' title='bbox 1238 1074 1367 1103; x_wconf 87' lang='lat' dir='ltr'>mente</span> <span class='ocrx_word' id='word_1_101' title='bbox 1386 1065 1634 1117; x_wconf 87' lang='lat' dir='ltr'>praestabilius</span> <span class='ocrx_word' id='word_1_102' title='bbox 1665 1064 1733 1101; x_wconf 86' lang='lat' dir='ltr'>de-</span> 
     </span>
     <span class='ocr_line' id='line_1_13' title="bbox 328 1128 1732 1174; baseline 0.001 -8"><span class='ocrx_word' id='word_1_103' title='bbox 328 1129 467 1174; x_wconf 65' lang='lat' dir='ltr'>diffet3</span> <span class='ocrx_word' id='word_1_104' title='bbox 498 1128 593 1167; x_wconf 91' lang='lat' dir='ltr'>huic</span> <span class='ocrx_word' id='word_1_105' title='bbox 624 1129 756 1168; x_wconf 93' lang='lat' dir='ltr'>divino</span> <span class='ocrx_word' id='word_1_106' title='bbox 790 1130 943 1168; x_wconf 88' lang='lat' dir='ltr'>muneri</span> <span class='ocrx_word' id='word_1_107' title='bbox 975 1144 1017 1168; x_wconf 91' lang='lat' dir='ltr'>ac</span> <span class='ocrx_word' id='word_1_108' title='bbox 1037 1130 1140 1169; x_wconf 91' lang='lat' dir='ltr'>dono</span> <span class='ocrx_word' id='word_1_109' title='bbox 1166 1129 1265 1168; x_wconf 91' lang='lat' dir='ltr'>nihil</span> <span class='ocrx_word' id='word_1_110' title='bbox 1299 1129 1370 1168; x_wconf 82' lang='lat' dir='ltr'>effe</span> <span class='ocrx_word' id='word_1_111' title='bbox 1404 1139 1484 1168; x_wconf 89' lang='lat' dir='ltr'>tam</span> <span class='ocrx_word' id='word_1_112' title='bbox 1510 1130 1732 1172; x_wconf 85' lang='lat' dir='ltr'>inimicum,</span> 
     </span>
     <span class='ocr_line' id='line_1_14' title="bbox 332 1195 1735 1249; baseline -0.001 -16"><span class='ocrx_word' id='word_1_113' title='bbox 332 1208 452 1247; x_wconf 90' lang='lat' dir='ltr'>quam</span> <span class='ocrx_word' id='word_1_114' title='bbox 483 1195 737 1249; x_wconf 86' lang='lat' dir='ltr'>voluptatem.</span> <span class='ocrx_word' id='word_1_115' title='bbox 770 1196 856 1234; x_wconf 87' lang='lat' dir='ltr'>Nec</span> <span class='ocrx_word' id='word_1_116' title='bbox 888 1197 995 1235; x_wconf 91' lang='lat' dir='ltr'>enim</span> <span class='ocrx_word' id='word_1_117' title='bbox 1024 1196 1187 1235; x_wconf 90' lang='lat' dir='ltr'>libidine</span> <span class='ocrx_word' id='word_1_118' title='bbox 1217 1196 1441 1235; x_wconf 83' lang='lat' dir='ltr'>dominante</span> <span class='ocrx_word' id='word_1_119' title='bbox 1475 1196 1735 1248; x_wconf 82' lang='lat' dir='ltr'>temperantiae</span> 
     </span>
     <span class='ocr_line' id='line_1_15' title="bbox 330 1259 1737 1316; baseline -0.001 -18"><span class='ocrx_word' id='word_1_120' title='bbox 330 1260 464 1299; x_wconf 86' lang='lat' dir='ltr'>locum</span> <span class='ocrx_word' id='word_1_121' title='bbox 484 1261 582 1300; x_wconf 83' lang='lat' dir='ltr'>effe:</span> <span class='ocrx_word' id='word_1_122' title='bbox 613 1274 740 1313; x_wconf 86' lang='lat' dir='ltr'>neque</span> <span class='ocrx_word' id='word_1_123' title='bbox 769 1262 932 1300; x_wconf 92' lang='lat' dir='ltr'>omnino</span> <span class='ocrx_word' id='word_1_124' title='bbox 964 1263 1006 1300; x_wconf 91' lang='lat' dir='ltr'>in</span> <span class='ocrx_word' id='word_1_125' title='bbox 1035 1262 1242 1315; x_wconf 86' lang='lat' dir='ltr'>voluptatis</span> <span class='ocrx_word' id='word_1_126' title='bbox 1275 1276 1391 1316; x_wconf 89' lang='lat' dir='ltr'>regno</span> <span class='ocrx_word' id='word_1_127' title='bbox 1421 1263 1603 1301; x_wconf 89' lang='lat' dir='ltr'>virtutem</span> <span class='ocrx_word' id='word_1_128' title='bbox 1636 1259 1737 1313; x_wconf 81' lang='lat' dir='ltr'>poffe</span> 
     </span>
     <span class='ocr_line' id='line_1_16' title="bbox 329 1326 1736 1380; baseline -0.001 -16"><span class='ocrx_word' id='word_1_129' title='bbox 329 1326 558 1365; x_wconf 85' lang='lat' dir='ltr'>confistere:</span> <span class='ocrx_word' id='word_1_130' title='bbox 590 1327 697 1379; x_wconf 91' lang='lat' dir='ltr'>quod</span> <span class='ocrx_word' id='word_1_131' title='bbox 727 1340 806 1379; x_wconf 91' lang='lat' dir='ltr'>quo</span> <span class='ocrx_word' id='word_1_132' title='bbox 837 1328 958 1380; x_wconf 86' lang='lat' dir='ltr'>magis</span> <span class='ocrx_word' id='word_1_133' title='bbox 989 1328 1157 1380; x_wconf 85' lang='lat' dir='ltr'>intelligi</span> <span class='ocrx_word' id='word_1_134' title='bbox 1188 1327 1320 1380; x_wconf 87' lang='lat' dir='ltr'>poffet,</span> <span class='ocrx_word' id='word_1_135' title='bbox 1351 1328 1494 1380; x_wconf 84' lang='lat' dir='ltr'>fingere</span> <span class='ocrx_word' id='word_1_136' title='bbox 1513 1327 1644 1365; x_wconf 89' lang='lat' dir='ltr'>animo</span> <span class='ocrx_word' id='word_1_137' title='bbox 1664 1326 1736 1364; x_wconf 86' lang='lat' dir='ltr'>ali-</span> 
     </span>
     <span class='ocr_line' id='line_1_17' title="bbox 333 1392 1737 1446; baseline -0.001 -17"><span class='ocrx_word' id='word_1_138' title='bbox 333 1405 455 1444; x_wconf 89' lang='lat' dir='ltr'>quem</span> <span class='ocrx_word' id='word_1_139' title='bbox 469 1392 646 1444; x_wconf 89' lang='lat' dir='ltr'>jubebat,</span> <span class='ocrx_word' id='word_1_140' title='bbox 677 1401 782 1431; x_wconf 88' lang='lat' dir='ltr'>tanta</span> <span class='ocrx_word' id='word_1_141' title='bbox 812 1393 1018 1431; x_wconf 89' lang='lat' dir='ltr'>incitatum</span> <span class='ocrx_word' id='word_1_142' title='bbox 1049 1393 1244 1446; x_wconf 90' lang='lat' dir='ltr'>voluptate</span> <span class='ocrx_word' id='word_1_143' title='bbox 1264 1394 1448 1446; x_wconf 91' lang='lat' dir='ltr'>corporis,</span> <span class='ocrx_word' id='word_1_144' title='bbox 1479 1401 1623 1445; x_wconf 86' lang='lat' dir='ltr'>quanta</span> <span class='ocrx_word' id='word_1_145' title='bbox 1650 1404 1737 1444; x_wconf 90' lang='lat' dir='ltr'>per-</span> 
     </span>
     <span class='ocr_line' id='line_1_18' title="bbox 332 1457 1738 1511; baseline -0.001 -15"><span class='ocrx_word' id='word_1_146' title='bbox 332 1458 414 1511; x_wconf 88' lang='lat' dir='ltr'>cipi</span> <span class='ocrx_word' id='word_1_147' title='bbox 433 1458 553 1511; x_wconf 83' lang='lat' dir='ltr'>poffet</span> <span class='ocrx_word' id='word_1_148' title='bbox 571 1459 765 1497; x_wconf 84' lang='lat' dir='ltr'>maxima:</span> <span class='ocrx_word' id='word_1_149' title='bbox 790 1459 937 1497; x_wconf 88' lang='lat' dir='ltr'>nemini</span> <span class='ocrx_word' id='word_1_150' title='bbox 959 1459 1132 1498; x_wconf 85' lang='lat' dir='ltr'>censebat</span> <span class='ocrx_word' id='word_1_151' title='bbox 1151 1458 1234 1497; x_wconf 89' lang='lat' dir='ltr'>fore</span> <span class='ocrx_word' id='word_1_152' title='bbox 1253 1459 1434 1503; x_wconf 89' lang='lat' dir='ltr'>dubium,</span> <span class='ocrx_word' id='word_1_153' title='bbox 1456 1459 1552 1511; x_wconf 89' lang='lat' dir='ltr'>quin</span> <span class='ocrx_word' id='word_1_154' title='bbox 1573 1457 1738 1501; x_wconf 88' lang='lat' dir='ltr'>tamdiu,</span> 
     </span>
     <span class='ocr_line' id='line_1_19' title="bbox 334 1523 1737 1577; baseline -0.001 -16"><span class='ocrx_word' id='word_1_155' title='bbox 334 1523 431 1562; x_wconf 91' lang='lat' dir='ltr'>dum</span> <span class='ocrx_word' id='word_1_156' title='bbox 456 1525 510 1561; x_wconf 92' lang='lat' dir='ltr'>ita</span> <span class='ocrx_word' id='word_1_157' title='bbox 528 1525 724 1576; x_wconf 82' lang='lat' dir='ltr'>gauderet,</span> <span class='ocrx_word' id='word_1_158' title='bbox 754 1523 855 1562; x_wconf 86' lang='lat' dir='ltr'>nihil</span> <span class='ocrx_word' id='word_1_159' title='bbox 888 1526 1028 1577; x_wconf 88' lang='lat' dir='ltr'>agitare</span> <span class='ocrx_word' id='word_1_160' title='bbox 1060 1534 1205 1569; x_wconf 88' lang='lat' dir='ltr'>mente,</span> <span class='ocrx_word' id='word_1_161' title='bbox 1235 1523 1336 1562; x_wconf 90' lang='lat' dir='ltr'>nihil</span> <span class='ocrx_word' id='word_1_162' title='bbox 1370 1525 1529 1569; x_wconf 91' lang='lat' dir='ltr'>ratione,</span> <span class='ocrx_word' id='word_1_163' title='bbox 1551 1523 1649 1561; x_wconf 88' lang='lat' dir='ltr'>nihil</span> <span class='ocrx_word' id='word_1_164' title='bbox 1670 1535 1737 1560; x_wconf 83' lang='lat' dir='ltr'>co-</span> 
     </span>
     <span class='ocr_line' id='line_1_20' title="bbox 334 1588 1738 1643; baseline -0.001 -16"><span class='ocrx_word' id='word_1_165' title='bbox 334 1590 522 1643; x_wconf 79' lang='lat' dir='ltr'>gitatione</span> <span class='ocrx_word' id='word_1_166' title='bbox 556 1590 737 1642; x_wconf 88' lang='lat' dir='ltr'>consequi</span> <span class='ocrx_word' id='word_1_167' title='bbox 770 1589 903 1642; x_wconf 83' lang='lat' dir='ltr'>poffet.</span> <span class='ocrx_word' id='word_1_168' title='bbox 953 1591 1149 1642; x_wconf 84' lang='lat' dir='ltr'>roirca</span> <span class='ocrx_word' id='word_1_169' title='bbox 1179 1589 1278 1628; x_wconf 92' lang='lat' dir='ltr'>nihil</span> <span class='ocrx_word' id='word_1_170' title='bbox 1308 1590 1378 1628; x_wconf 82' lang='lat' dir='ltr'>effe</span> <span class='ocrx_word' id='word_1_171' title='bbox 1409 1599 1488 1629; x_wconf 88' lang='lat' dir='ltr'>tam</span> <span class='ocrx_word' id='word_1_172' title='bbox 1509 1588 1738 1633; x_wconf 86' lang='lat' dir='ltr'>detestabile,</span> 
     </span>
     <span class='ocr_line' id='line_1_21' title="bbox 333 1655 1738 1710; baseline 0 -16"><span class='ocrx_word' id='word_1_173' title='bbox 333 1665 495 1709; x_wconf 86' lang='lat' dir='ltr'>tamque</span> <span class='ocrx_word' id='word_1_174' title='bbox 513 1655 750 1710; x_wconf 87' lang='lat' dir='ltr'>pestiferum,</span> <span class='ocrx_word' id='word_1_175' title='bbox 781 1669 898 1708; x_wconf 87' lang='lat' dir='ltr'>quarn</span> <span class='ocrx_word' id='word_1_176' title='bbox 929 1656 1168 1709; x_wconf 86' lang='lat' dir='ltr'>voluptatem</span> <span class='ocrx_word' id='word_1_177' title='bbox 1185 1674 1197 1701; x_wconf 82' lang='lat'>;</span> <span class='ocrx_word' id='word_1_178' title='bbox 1229 1656 1255 1694; x_wconf 76' lang='lat' dir='ltr'>si</span> <span class='ocrx_word' id='word_1_179' title='bbox 1277 1656 1434 1708; x_wconf 90' lang='lat' dir='ltr'>quidem</span> <span class='ocrx_word' id='word_1_180' title='bbox 1454 1669 1509 1701; x_wconf 87' lang='lat' dir='ltr'>ea,</span> <span class='ocrx_word' id='word_1_181' title='bbox 1539 1669 1631 1694; x_wconf 90' lang='lat' dir='ltr'>cum</span> <span class='ocrx_word' id='word_1_182' title='bbox 1654 1669 1738 1694; x_wconf 89' lang='lat' dir='ltr'>ma-</span> 
     </span>
     <span class='ocr_line' id='line_1_22' title="bbox 328 1722 1741 1775; baseline 0 -15"><span class='ocrx_word' id='word_1_183' title='bbox 328 1723 394 1775; x_wconf 88' lang='lat' dir='ltr'>jor</span> <span class='ocrx_word' id='word_1_184' title='bbox 423 1722 512 1760; x_wconf 86' lang='lat' dir='ltr'>effet</span> <span class='ocrx_word' id='word_1_185' title='bbox 545 1732 658 1774; x_wconf 87' lang='lat' dir='ltr'>atque</span> <span class='ocrx_word' id='word_1_186' title='bbox 687 1723 852 1774; x_wconf 86' lang='lat' dir='ltr'>longior,</span> <span class='ocrx_word' id='word_1_187' title='bbox 883 1736 999 1760; x_wconf 89' lang='lat' dir='ltr'>omne</span> <span class='ocrx_word' id='word_1_188' title='bbox 1029 1722 1149 1760; x_wconf 88' lang='lat' dir='ltr'>animi</span> <span class='ocrx_word' id='word_1_189' title='bbox 1180 1723 1314 1760; x_wconf 89' lang='lat' dir='ltr'>lumen</span> <span class='ocrx_word' id='word_1_190' title='bbox 1344 1723 1598 1775; x_wconf 85' lang='lat' dir='ltr'>extingueret.</span> <span class='ocrx_word' id='word_1_191' title='bbox 1641 1723 1741 1761; x_wconf 86' lang='lat' dir='ltr'>Haec</span> 
     </span>
     <span class='ocr_line' id='line_1_23' title="bbox 336 1787 1740 1841; baseline 0 -15"><span class='ocrx_word' id='word_1_192' title='bbox 336 1802 430 1826; x_wconf 91' lang='lat' dir='ltr'>cum</span> <span class='ocrx_word' id='word_1_193' title='bbox 462 1789 510 1826; x_wconf 90' lang='lat' dir='ltr'>C.</span> <span class='ocrx_word' id='word_1_194' title='bbox 534 1789 674 1826; x_wconf 88' lang='lat' dir='ltr'>Pontio</span> <span class='ocrx_word' id='word_1_195' title='bbox 708 1789 891 1833; x_wconf 90' lang='lat' dir='ltr'>Samnite,</span> <span class='ocrx_word' id='word_1_196' title='bbox 923 1797 1026 1841; x_wconf 89' lang='lat' dir='ltr'>patre</span> <span class='ocrx_word' id='word_1_197' title='bbox 1056 1789 1152 1841; x_wconf 84' lang='lat' dir='ltr'>ejus,</span> <span class='ocrx_word' id='word_1_198' title='bbox 1197 1801 1218 1825; x_wconf 94' lang='lat' dir='ltr'>a</span> <span class='ocrx_word' id='word_1_199' title='bbox 1247 1801 1341 1840; x_wconf 90' lang='lat' dir='ltr'>quo,</span> <span class='ocrx_word' id='word_1_200' title='bbox 1384 1788 1562 1827; x_wconf 89' lang='lat' dir='ltr'>Caudino</span> <span class='ocrx_word' id='word_1_201' title='bbox 1593 1787 1740 1841; x_wconf 88' lang='lat' dir='ltr'>praelio,</span> 
     </span>
     <span class='ocr_line' id='line_1_24' title="bbox 337 1853 1743 1907; baseline 0.001 -15"><span class='ocrx_word' id='word_1_202' title='bbox 337 1855 403 1907; x_wconf 87' lang='lat' dir='ltr'>Sp.</span> <span class='ocrx_word' id='word_1_203' title='bbox 427 1853 646 1892; x_wconf 85' lang='lat' dir='ltr'>Postumius</span> <span class='ocrx_word' id='word_1_204' title='bbox 677 1863 715 1891; x_wconf 90' lang='lat' dir='ltr'>et</span> <span class='ocrx_word' id='word_1_205' title='bbox 741 1855 794 1892; x_wconf 93' lang='lat' dir='ltr'>T.</span> <span class='ocrx_word' id='word_1_206' title='bbox 819 1854 1000 1892; x_wconf 86' lang='lat' dir='ltr'>Veturius</span> <span class='ocrx_word' id='word_1_207' title='bbox 1022 1853 1205 1893; x_wconf 88' lang='lat' dir='ltr'>Consules</span> <span class='ocrx_word' id='word_1_208' title='bbox 1237 1854 1400 1907; x_wconf 87' lang='lat' dir='ltr'>superati</span> <span class='ocrx_word' id='word_1_209' title='bbox 1431 1854 1532 1898; x_wconf 91' lang='lat' dir='ltr'>sunt,</span> <span class='ocrx_word' id='word_1_210' title='bbox 1562 1854 1743 1893; x_wconf 83' lang='lat' dir='ltr'>locutum</span> 
     </span>
     <span class='ocr_line' id='line_1_25' title="bbox 336 1918 1742 1972; baseline 0.001 -15"><span class='ocrx_word' id='word_1_211' title='bbox 336 1918 567 1971; x_wconf 87' lang='lat' dir='ltr'>Archytam,</span> <span class='ocrx_word' id='word_1_212' title='bbox 600 1918 803 1958; x_wconf 89' lang='lat' dir='ltr'>Nearchus</span> <span class='ocrx_word' id='word_1_213' title='bbox 824 1920 1074 1964; x_wconf 90' lang='lat' dir='ltr'>Tarentinus,</span> <span class='ocrx_word' id='word_1_214' title='bbox 1103 1918 1240 1972; x_wconf 90' lang='lat' dir='ltr'>hospes</span> <span class='ocrx_word' id='word_1_215' title='bbox 1271 1919 1407 1964; x_wconf 87' lang='lat' dir='ltr'>noster,</span> <span class='ocrx_word' id='word_1_216' title='bbox 1438 1919 1508 1971; x_wconf 88' lang='lat' dir='ltr'>qui</span> <span class='ocrx_word' id='word_1_217' title='bbox 1531 1919 1572 1957; x_wconf 89' lang='lat' dir='ltr'>in</span> <span class='ocrx_word' id='word_1_218' title='bbox 1602 1920 1742 1958; x_wconf 86' lang='lat' dir='ltr'>amici-</span> 
     </span>
     <span class='ocr_line' id='line_1_26' title="bbox 337 1985 1743 2039; baseline 0.001 -16"><span class='ocrx_word' id='word_1_219' title='bbox 337 1985 391 2023; x_wconf 77' lang='lat' dir='ltr'>tia</span> <span class='ocrx_word' id='word_1_220' title='bbox 420 1985 556 2038; x_wconf 90' lang='lat' dir='ltr'>populi</span> <span class='ocrx_word' id='word_1_221' title='bbox 577 1986 748 2023; x_wconf 82' lang='lat' dir='ltr'>Romani</span> <span class='ocrx_word' id='word_1_222' title='bbox 781 1985 1050 2038; x_wconf 88' lang='lat' dir='ltr'>permanserat,</span> <span class='ocrx_word' id='word_1_223' title='bbox 1081 1985 1117 2023; x_wconf 91' lang='lat' dir='ltr'>se</span> <span class='ocrx_word' id='word_1_224' title='bbox 1147 1998 1168 2023; x_wconf 90' lang='lat' dir='ltr'>a</span> <span class='ocrx_word' id='word_1_225' title='bbox 1197 1985 1407 2037; x_wconf 84' lang='lat' dir='ltr'>majoribus</span> <span class='ocrx_word' id='word_1_226' title='bbox 1439 1994 1531 2024; x_wconf 89' lang='lat' dir='ltr'>natu</span> <span class='ocrx_word' id='word_1_227' title='bbox 1562 1986 1743 2039; x_wconf 85' lang='lat' dir='ltr'>accepiffe</span> 
     </span>
     <span class='ocr_line' id='line_1_27' title="bbox 339 2050 1740 2104; baseline 0.001 -16"><span class='ocrx_word' id='word_1_228' title='bbox 339 2051 505 2096; x_wconf 91' lang='lat' dir='ltr'>dicebat,</span> <span class='ocrx_word' id='word_1_229' title='bbox 535 2065 627 2089; x_wconf 92' lang='lat' dir='ltr'>cum</span> <span class='ocrx_word' id='word_1_230' title='bbox 649 2051 806 2104; x_wconf 90' lang='lat' dir='ltr'>quidem</span> <span class='ocrx_word' id='word_1_231' title='bbox 835 2052 870 2089; x_wconf 85' lang='lat' dir='ltr'>ei</span> <span class='ocrx_word' id='word_1_232' title='bbox 891 2051 1055 2090; x_wconf 88' lang='lat' dir='ltr'>sermoni</span> <span class='ocrx_word' id='word_1_233' title='bbox 1085 2050 1312 2089; x_wconf 84' lang='lat' dir='ltr'>interfuisset</span> <span class='ocrx_word' id='word_1_234' title='bbox 1338 2051 1448 2090; x_wconf 89' lang='lat' dir='ltr'>Plato</span> <span class='ocrx_word' id='word_1_235' title='bbox 1468 2050 1711 2090; x_wconf 79' lang='lat' dir='ltr'>Atheniensis</span> <span class='ocrx_word' id='word_1_236' title='bbox 1727 2069 1740 2096; x_wconf 81' lang='lat'>3</span> 
     </span>
     <span class='ocr_line' id='line_1_28' title="bbox 340 2116 1742 2169; baseline 0 -15"><span class='ocrx_word' id='word_1_237' title='bbox 340 2129 460 2169; x_wconf 89' lang='lat' dir='ltr'>quem</span> <span class='ocrx_word' id='word_1_238' title='bbox 491 2118 709 2155; x_wconf 88' lang='lat' dir='ltr'>Tarentum</span> <span class='ocrx_word' id='word_1_239' title='bbox 735 2117 887 2162; x_wconf 85' lang='lat' dir='ltr'>veniffe,</span> <span class='ocrx_word' id='word_1_240' title='bbox 920 2118 968 2155; x_wconf 88' lang='lat' dir='ltr'>L.</span> <span class='ocrx_word' id='word_1_241' title='bbox 993 2117 1176 2162; x_wconf 89' lang='lat' dir='ltr'>Camillo,</span> <span class='ocrx_word' id='word_1_242' title='bbox 1209 2117 1341 2169; x_wconf 87' lang='lat' dir='ltr'>Appio</span> <span class='ocrx_word' id='word_1_243' title='bbox 1373 2116 1537 2154; x_wconf 88' lang='lat' dir='ltr'>Claudio</span> <span class='ocrx_word' id='word_1_244' title='bbox 1558 2116 1742 2155; x_wconf 77' lang='lat' dir='ltr'>Consuli-</span> 
     </span>
     <span class='ocr_line' id='line_1_29' title="bbox 340 2182 607 2234; baseline 0.004 -15"><span class='ocrx_word' id='word_1_245' title='bbox 340 2182 426 2226; x_wconf 90' lang='lat' dir='ltr'>bus,</span> <span class='ocrx_word' id='word_1_246' title='bbox 448 2183 607 2234; x_wconf 87' lang='lat' dir='ltr'>reperio.</span> 
     </span>
    </p>

    <p class='ocr_par' dir='ltr' id='par_1_3' title="bbox 341 2247 1745 2697">
     <span class='ocr_line' id='line_1_30' title="bbox 396 2247 1743 2301; baseline 0.001 -15"><span class='ocrx_word' id='word_1_247' title='bbox 396 2247 593 2299; x_wconf 86' lang='lat' dir='ltr'>Qorsum</span> <span class='ocrx_word' id='word_1_248' title='bbox 614 2247 694 2286; x_wconf 83' lang='lat' dir='ltr'>haec</span> <span class='ocrx_word' id='word_1_249' title='bbox 713 2249 726 2285; x_wconf 94' lang='lat'>?</span> <span class='ocrx_word' id='word_1_250' title='bbox 750 2257 791 2286; x_wconf 93' lang='lat' dir='ltr'>ut</span> <span class='ocrx_word' id='word_1_251' title='bbox 810 2248 1049 2300; x_wconf 85' lang='lat' dir='ltr'>intelligatis,</span> <span class='ocrx_word' id='word_1_252' title='bbox 1071 2248 1096 2285; x_wconf 91' lang='lat' dir='ltr'><strong>fi</strong></span> <span class='ocrx_word' id='word_1_253' title='bbox 1119 2247 1357 2301; x_wconf 89' lang='lat' dir='ltr'>voluptatem</span> <span class='ocrx_word' id='word_1_254' title='bbox 1385 2247 1571 2301; x_wconf 88' lang='lat' dir='ltr'>aspernari</span> <span class='ocrx_word' id='word_1_255' title='bbox 1599 2249 1743 2288; x_wconf 86' lang='lat' dir='ltr'>ratione</span> 
     </span>
     <span class='ocr_line' id='line_1_31' title="bbox 341 2312 1742 2368; baseline 0.001 -16"><span class='ocrx_word' id='word_1_256' title='bbox 341 2324 380 2352; x_wconf 89' lang='lat' dir='ltr'>et</span> <span class='ocrx_word' id='word_1_257' title='bbox 411 2314 592 2366; x_wconf 84' lang='lat' dir='ltr'>sapientia</span> <span class='ocrx_word' id='word_1_258' title='bbox 627 2327 704 2352; x_wconf 92' lang='lat' dir='ltr'>non</span> <span class='ocrx_word' id='word_1_259' title='bbox 737 2313 942 2366; x_wconf 78' lang='lat' dir='ltr'>pofl‘emus,</span> <span class='ocrx_word' id='word_1_260' title='bbox 985 2327 1165 2366; x_wconf 88' lang='lat' dir='ltr'>magnam</span> <span class='ocrx_word' id='word_1_261' title='bbox 1193 2313 1410 2352; x_wconf 89' lang='lat' dir='ltr'>habendam</span> <span class='ocrx_word' id='word_1_262' title='bbox 1440 2312 1622 2353; x_wconf 63' lang='lat' dir='ltr'>senectuti</span> <span class='ocrx_word' id='word_1_263' title='bbox 1654 2329 1742 2368; x_wconf 87' lang='lat' dir='ltr'>gra-</span> 
     </span>
     <span class='ocr_line' id='line_1_32' title="bbox 342 2379 1740 2434; baseline 0.002 -18"><span class='ocrx_word' id='word_1_264' title='bbox 342 2380 452 2424; x_wconf 88' lang='lat' dir='ltr'>tiam,</span> <span class='ocrx_word' id='word_1_265' title='bbox 493 2394 578 2432; x_wconf 82' lang='lat' dir='ltr'>quae</span> <span class='ocrx_word' id='word_1_266' title='bbox 611 2379 792 2424; x_wconf 88' lang='lat' dir='ltr'>efficeret,</span> <span class='ocrx_word' id='word_1_267' title='bbox 828 2388 870 2417; x_wconf 90' lang='lat' dir='ltr'>ut</span> <span class='ocrx_word' id='word_1_268' title='bbox 904 2380 944 2417; x_wconf 90' lang='lat' dir='ltr'>id</span> <span class='ocrx_word' id='word_1_269' title='bbox 977 2393 1056 2418; x_wconf 88' lang='lat' dir='ltr'>non</span> <span class='ocrx_word' id='word_1_270' title='bbox 1086 2379 1234 2424; x_wconf 86' lang='lat' dir='ltr'>liberet,</span> <span class='ocrx_word' id='word_1_271' title='bbox 1279 2380 1384 2433; x_wconf 88' lang='lat' dir='ltr'>quod</span> <span class='ocrx_word' id='word_1_272' title='bbox 1423 2394 1501 2418; x_wconf 91' lang='lat' dir='ltr'>non</span> <span class='ocrx_word' id='word_1_273' title='bbox 1535 2390 1740 2434; x_wconf 86' lang='lat' dir='ltr'>oporteret.</span> 
     </span>
     <span class='ocr_line' id='line_1_33' title="bbox 344 2445 1743 2499; baseline 0.003 -17"><span class='ocrx_word' id='word_1_274' title='bbox 344 2445 515 2496; x_wconf 87' lang='lat' dir='ltr'>Impedit</span> <span class='ocrx_word' id='word_1_275' title='bbox 543 2447 650 2484; x_wconf 90' lang='lat' dir='ltr'>enim</span> <span class='ocrx_word' id='word_1_276' title='bbox 677 2446 882 2484; x_wconf 77' lang='lat' dir='ltr'>consilium</span> <span class='ocrx_word' id='word_1_277' title='bbox 908 2445 1098 2499; x_wconf 88' lang='lat' dir='ltr'>voluptas,</span> <span class='ocrx_word' id='word_1_278' title='bbox 1132 2446 1270 2484; x_wconf 87' lang='lat' dir='ltr'>rationi</span> <span class='ocrx_word' id='word_1_279' title='bbox 1299 2447 1486 2492; x_wconf 75' lang='lat' dir='ltr'>inimica3</span> <span class='ocrx_word' id='word_1_280' title='bbox 1528 2461 1570 2485; x_wconf 90' lang='lat' dir='ltr'>ac</span> <span class='ocrx_word' id='word_1_281' title='bbox 1602 2449 1743 2486; x_wconf 89' lang='lat' dir='ltr'>mentis</span> 
     </span>
     <span class='ocr_line' id='line_1_34' title="bbox 347 2510 1744 2565; baseline 0.004 -19"><span class='ocrx_word' id='word_1_282' title='bbox 347 2512 408 2562; x_wconf 89' lang='lat' dir='ltr'>(ut</span> <span class='ocrx_word' id='word_1_283' title='bbox 429 2510 480 2547; x_wconf 86' lang='lat' dir='ltr'>ita</span> <span class='ocrx_word' id='word_1_284' title='bbox 499 2512 644 2563; x_wconf 88' lang='lat' dir='ltr'>dicam)</span> <span class='ocrx_word' id='word_1_285' title='bbox 676 2512 904 2565; x_wconf 77' lang='lat' dir='ltr'>praestringit</span> <span class='ocrx_word' id='word_1_286' title='bbox 923 2513 1071 2557; x_wconf 85' lang='lat' dir='ltr'>oculos,</span> <span class='ocrx_word' id='word_1_287' title='bbox 1106 2525 1175 2549; x_wconf 92' lang='lat' dir='ltr'>nec</span> <span class='ocrx_word' id='word_1_288' title='bbox 1196 2510 1312 2550; x_wconf 87' lang='lat' dir='ltr'>habet</span> <span class='ocrx_word' id='word_1_289' title='bbox 1342 2513 1470 2550; x_wconf 89' lang='lat' dir='ltr'>ullum</span> <span class='ocrx_word' id='word_1_290' title='bbox 1491 2526 1583 2551; x_wconf 89' lang='lat' dir='ltr'>cum</span> <span class='ocrx_word' id='word_1_291' title='bbox 1603 2514 1744 2551; x_wconf 83' lang='lat' dir='ltr'>virtute</span> 
     </span>
     <span class='ocr_line' id='line_1_35' title="bbox 345 2577 1744 2630; baseline 0.001 -17"><span class='ocrx_word' id='word_1_292' title='bbox 345 2577 640 2615; x_wconf 86' lang='lat' dir='ltr'>commercium.</span> <span class='ocrx_word' id='word_1_293' title='bbox 679 2579 827 2615; x_wconf 83' lang='lat' dir='ltr'>Invitus</span> <span class='ocrx_word' id='word_1_294' title='bbox 848 2579 1008 2630; x_wconf 88' lang='lat' dir='ltr'>quidem</span> <span class='ocrx_word' id='word_1_295' title='bbox 1029 2577 1118 2622; x_wconf 89' lang='lat' dir='ltr'>feci,</span> <span class='ocrx_word' id='word_1_296' title='bbox 1152 2587 1195 2615; x_wconf 93' lang='lat' dir='ltr'>ut</span> <span class='ocrx_word' id='word_1_297' title='bbox 1214 2577 1407 2616; x_wconf 85' lang='lat' dir='ltr'>fortiffimi</span> <span class='ocrx_word' id='word_1_298' title='bbox 1428 2579 1499 2617; x_wconf 88' lang='lat' dir='ltr'>viri</span> <span class='ocrx_word' id='word_1_299' title='bbox 1520 2580 1571 2617; x_wconf 85' lang='lat' dir='ltr'>T.</span> <span class='ocrx_word' id='word_1_300' title='bbox 1595 2579 1744 2616; x_wconf 86' lang='lat' dir='ltr'>Flami-</span> 
     </span>
     <span class='ocr_line' id='line_1_36' title="bbox 346 2639 1745 2697; baseline 0.003 -19"><span class='ocrx_word' id='word_1_301' title='bbox 346 2641 430 2679; x_wconf 89' lang='lat' dir='ltr'>nini</span> <span class='ocrx_word' id='word_1_302' title='bbox 460 2639 617 2680; x_wconf 87' lang='lat' dir='ltr'>fratrem</span> <span class='ocrx_word' id='word_1_303' title='bbox 649 2643 697 2681; x_wconf 89' lang='lat' dir='ltr'>L.</span> <span class='ocrx_word' id='word_1_304' title='bbox 727 2642 994 2682; x_wconf 84' lang='lat' dir='ltr'>Flamininum</span> <span class='ocrx_word' id='word_1_305' title='bbox 1022 2657 1042 2681; x_wconf 91' lang='lat' dir='ltr'>e</span> <span class='ocrx_word' id='word_1_306' title='bbox 1075 2643 1204 2682; x_wconf 84' lang='lat' dir='ltr'>senatu</span> <span class='ocrx_word' id='word_1_307' title='bbox 1238 2643 1430 2697; x_wconf 89' lang='lat' dir='ltr'>ejicerem,</span> <span class='ocrx_word' id='word_1_308' title='bbox 1461 2643 1607 2697; x_wconf 89' lang='lat' dir='ltr'>septem</span> <span class='ocrx_word' id='word_1_309' title='bbox 1637 2644 1745 2684; x_wconf 78' lang='lat' dir='ltr'>annis</span> 
     </span>
    </p>
   </div>
   <div class='ocr_carea' id='block_1_3' title="bbox 1303 2711 1443 2763">
    <p class='ocr_par' dir='ltr' id='par_1_4' title="bbox 1303 2711 1443 2763">
     <span class='ocr_line' id='line_1_37' title="bbox 1303 2711 1443 2763; baseline 0.007 -1"><span class='ocrx_word' id='word_1_310' title='bbox 1303 2711 1443 2763; x_wconf 56' lang='grc' dir='ltr'>(ζμ</span> 
     </span>
    </p>
   </div>
  </div>
 </body>
</html>
